3986 6232
282 229 421 298 1οη

1580 228 2246 292 CHBONOGRAPHIA.

3403 230 3541 297 1052

277 346 453 416 δωρον
483 341 593 396 τῶν
637 340 887 395 Στουδίου
920 340 1193 413 ὶξορίσας,
1236 340 1493 394 Θεόδοτον
1526 339 1616 392 τὸν
1653 341 1862 393 Κασσι-

1979 340 2184 394 :ivitate
2213 340 2456 409 pulsum,
2490 350 2545 397 et
2577 340 2924 397 Theodorum
2954 339 3157 410 pariter
3197 340 3374 396 Studii
3404 357 3535 411 pra:-

278 436 446 506 τερᾶν
478 431 556 502 τῷ
589 430 967 501 πατριαρχείῳ
996 430 1467 500 ἀπεκατέστησεν.
1496 428 1721 482 Ἐκτοτε
1762 426 1855 483 οὖν

280 528 371 579 τὸν
400 522 573 594 θυμὸν
598 524 690 576 καὶ
713 522 801 575 τὸν
826 522 974 575 δόλον
996 523 1093 592 τῆς
1120 521 1296 591 ψυχῆς
1327 520 1493 575 αὑτοῦ
1525 520 1721 592 ἐκχέας
1742 524 1857 584 τοῖς

283 616 638 687 συμμύσταις
667 615 833 668 αὑτοῦ
866 614 1154 682 ἀσελγέσιν
1186 615 1378 668 ἑαυτὸν
1398 616 1853 668 κατεπίστευσεν’

281 708 479 770 οἵτινες
509 706 635 759 ἐπεὶ
673 705 823 775 αὑτῷ
857 705 1383 777 προσῳκειώοησαν,
1418 706 1544 774 τρία
1578 704 1858 774 ὑπέθηκαν

281 799 433 870 αὑτῷ
464 798 531 851 τὰ
572 797 953 868 ὑπεσχημένα,
1001 796 1096 848 καὶ
1150 796 1298 865 αὑτῷ
1344 796 1716 865 στεργόμεναο
1760 797 1858 865 τῆς

280 890 566 961 όρθοδόξου
604 890 842 953 πίστεως
893 887 1050 961 ἡμῶν
1103 886 1201 959 τὴν
1244 890 1491 959 ἄρνησιν,
1543 888 1651 939 τῶν
1700 887 1859 941 θείων

282 982 510 1037 είκόνων
568 980 669 1053 τὴν
738 980 1100 1053 καθαίρεσιν,
1158 980 1269 1033 τῶν
1337 982 1709 1036 εὐσεϐούντων
1762 980 1860 1052 τὴν

283 1074 486 1141 δίωξιν.
522 1072 764 1137 Ταύταις
803 1072 897 1127 οὖν
943 1075 1061 1136 ταῖς
1105 1070 1342 1135 ἀπάταις
1389 1072 1648 1143 προσθεὶς
1686 1073 1714 1124 6
1759 1090 1862 1142 μα-

284 1166 583 1235 ταιόφρων,
633 1162 1045 1234 ἀναπτερωθεὶς
1091 1165 1120 1216 6
1155 1163 1386 1225 δείλαιος
1430 1166 1494 1234 τῇ
1531 1162 1862 1235 ταλαιπώρῳ

286 1257 454 1326 ὁρμῇ,
493 1255 685 1325 πρῶτα
721 1254 820 1325 μὲν
854 1254 1109 1325 καθαιρεῖ
1136 1256 1316 1309 πᾶσαν
1348 1254 1503 1326 ἱερὰν
1535 1255 1636 1324 τῆς
1666 1256 1864 1326 ἐκκλη-

288 1346 413 1409 σίας
450 1346 866 1417 άναστήλωσιψ
920 1345 1215 1399 κάντεῦθεν
1257 1345 1384 1407 τοὺς
1441 1347 1864 1418 εὑρισκομένους

285 1437 508 1509 ἔχοντας
520 1439 733 1503 εἰκόνας
763 1439 998 1510 Χριστοῦ
1023 1440 1056 1510 ἧ
1078 1455 1223 1500 τινος
1253 1439 1435 1507 ἁγίου,
1466 1437 1666 1504 δειναῖς
1688 1458 1865 1510 τιμω-

290 1529 438 1599 ρίαις
473 1532 569 1583 καὶ
623 1529 841 1600 θανάτῳ
884 1527 1261 1595 κατεδίκαζεν,
1297 1530 1394 1584 καὶ
1442 1530 1669 1595 πολλοὺς
1717 1531 1864 1586 ἐνδό-

288 1621 415 1686 ξους
447 1621 543 1675 καὶ
587 1624 913 1694 περιφανεῖς
958 1622 1311 1692 πεφόνευκεν.
1346 1624 1565 1695 Μιχαὴλ
1597 1623 1655 1677 δὲ
1696 1626 1725 1677 6
1768 1625 1866 1683 τὴν

285 1713 381 1766 τοῦ
418 1713 748 1778 ὲξκουϐίτων
785 1713 1067 1784 τάγματος
1112 1714 1288 1785 ἀρχὴν
1330 1713 1555 1781 διέπων,
1605 1715 1861 1788 διεϐλήθη

286 1806 369 1875 τῷ
398 1805 631 1876 βασιλεῖ,
664 1805 739 1869 ὡς
774 1806 895 1858 κατ’
932 1806 1098 1859 αὑτοῦ
1141 1806 1549 1877 βουλευόμενος,
1582 1807 1641 1861 ὃν
1671 1810 1861 1881 εἱρκτῇ

288 1898 482 1963 πέδαις
514 1895 661 1968 εἶχεν
692 1898 1049 1971 τηρούμενον.
1081 1899 1192 1968 Τῆς
1220 1898 1276 1953 δὲ
1303 1900 1579 1969 γενεθλίου
1625 1901 1719 1954 τοῦ
1751 1903 1865 1954 Σω-

284 1993 459 2061 τῆρος
509 1992 668 2061 ἡμῶν
715 1992 980 2062 ἐνστάσης
1012 1990 1202 2044 τοῦτον
1261 1992 1537 2063 ἠϐουλήθη
1584 1997 1649 2064 τῇ
1709 1995 1867 2049 νυκτὶ

285 2085 525 2139 ἀνελεῖν.
562 2082 843 2147 Κωλυθεὶς
872 2083 928 2136 δὲ
973 2084 1249 2155 παρὰξτῆς
1281 2084 1413 2149 ἰδίας
1445 2088 1699 2154 γυναικὸς
1720 2128 1735 2153 ,
1778 2088 1866 2141 διὰ

284 2176 389 2245 τὴν
419 2175 633 2247 ἑορτὴν,
656 2174 841 2228 εἴασεν
871 2174 1052 2228 αὑτόν.
1094 2175 1150 2228 Ὀ
1172 2175 1227 2228 δὲ
1253 2176 1471 2249 Μιχαὴλ
1497 2180 1554 2232 ὲν
1580 2182 1644 2248 τῇ
1671 2181 1863 2252 εἱρκτῇ

285 2268 389 2334 ὢν,
428 2268 590 2321 τοῦτο
624 2267 832 2339 μαθὼν,
866 2270 1000 2321 πᾶσι
1032 2269 1144 2331 τοῖς
1188 2270 1304 2338 μετ’
1334 2268 1495 2322 αὑτοῦ
1544 2270 1866 2342 συμϐούλοις

287 2362 588 2432 ἐμήνυσεν,
627 2361 703 2425 ὼς
754 2362 818 2415 Ei
870 2363 945 2433 μὴ
1001 2363 1345 2433 σπουδάσητε
1392 2365 1593 2428 ἐξελεῖν
1643 2384 1711 2436 με
1766 2367 1866 2437 τῆς

287 2453 556 2524 φρουρᾶς,
591 2452 798 2516 πάντας
841 2454 984 2523 ὑμᾶς
1017 2455 1354 2526 καταμηνὺω
1383 2456 1461 2525 τῷ
1495 2458 1725 2528 βασιλεῖ.
1758 2455 1866 2515 Ἦν

287 2541 347 2596 st
376 2542 493 2612 μετ’
531 2542 710 2595 αὑτῶν
733 2543 827 2595 καὶ⁸
859 2547 887 2595 6
912 2544 1006 2597 τοῦ
1043 2546 1303 2598 παλατίου
1354 2548 1567 2612 παπίας
1601 2550 1868 2622 συγγενὴς

287 2633 368 2687 ὢν
394 2635 489 2688 τοῦ
517 2636 759 2705 Μιχαήλ.
790 2628 949 2690 Οῦτοι
976 2640 1039 2707 τῇ
1073 2638 1232 2691 νυκτὶ
1258 2639 1630 2707 ὁπλισθέντες,
1660 2643 1869 2698 ἔνδοθεν

289 2728 362 2780 τὰ
400 2726 525 2797 ξίφη
572 2728 886 2798 φοροῦντες,
926 2729 1018 2781 τοῦ
1070 2731 1281 2783 παπίου
1335 2731 1672 2799 ἀνοίξαντος,
1708 2738 1784 2801 ὡς
1820 2738 1881 2790 οἱ·

294 2821 462 2889 ἱερεῖς
496 2820 631 2889 μετὰ
666 2821 943 2890 φελωνίων
977 2822 1245 2891 εἰσῆλθον,
1290 2824 1387 2877 τοῦ
1430 2825 1485 2878 δὲ
1516 2826 1783 2897 βασιλέως
1811 2832 1886 2886 ὲν.

291 2915 362 2981 τῇ
396 2912 664 2983 ἐκκλησίᾳ
706 2912 1060 2979 εἰσελθόντος,
1089 2915 1520 2986 εἰσπηδήσαντες
1564 2920 1659 2973 καὶ
1683 2920 1871 2976 τοῦτον

1958 430 2215 499 positum,
2254 430 2309 485 in
2358 433 2617 488 exsilium
2672 432 2822 503 egit:
2858 430 3201 486 Theodotum
3236 448 3366 488 vero
3405 433 3541 489 Cas-

1960 520 2181 575 siteram
2216 521 2587 590 patriarcham
2627 523 2871 579 ordinari
2902 523 3177 593 praecepit.
3204 524 3285 579 Ab
3309 540 3375 579 eo
3400 534 3541 580 triu-

1959 624 2091 679 pore
2141 611 2307 665 animi
2347 613 2584 668 furorem
2621 614 2917 684 dolumque
2947 615 3284 685 profundens
3310 616 3542 685 impuris

1960 700 2230 769 sacrilegii
2254 701 2417 774 447
2442 704 2523 757 sui
2555 706 2791 760 consciis
2826 720 2884 759 se
2927 705 3106 774 ipsum
3130 706 3439 773 commisit;
3467 706 3543 760 illi

1960 790 2260 847 familiares
2329 793 2549 857 redditi,
2612 794 2712 849 tria
2781 795 2911 849 olim
2988 796 3091 865 ipsi
3150 797 3440 865 promissa,
3492 810 3545 852 et

1961 884 2135 939 eidem
2202 883 2445 953 jucunda
2519 895 2959 955 suggesserunt:
3033 887 3355 942 orthodoxa:
3419 887 3543 942 ﬁdei

1962 985 2163 1029 nostra:
2192 975 2635 1043 abnegationem,
2684 992 2962 1031 sacrarum
2994 978 3295 1048 imaginum
3328 980 3547 1049 deposi-

1964 1065 2192 1128 tionem,
2241 1074 2296 1119 et
2346 1067 2560 1135 piorum
2596 1068 3060 1138 persecutionem.
3116 1068 3212 1125 llis
3261 1070 3547 1128 fraudibus

1963 1164 2208 1210 attentus
2253 1173 2445 1213 vecors
2468 1196 2484 1221 ,
2538 1160 2749 1229 hocque
2790 1160 2993 1216 infelici
3025 1162 3286 1231 impulsu,
3320 1162 3548 1233 ignavus

1964 1246 2114 1316 licet,
2156 1249 2387 1303 multum
2433 1251 2611 1306 elatus
2642 1261 2694 1306 et
2733 1254 3031 1316 animatus,
3058 1255 3295 1320 primum
3326 1255 3551 1324 quidem

1965 1354 2177 1395 sacram
2210 1356 2425 1396 omnem
2455 1359 2518 1399 ex
2567 1344 2814 1399 ecclesiis
2845 1344 3065 1414 deponit
3090 1345 3315 1414 ﬁgurant
3344 1362 3358 1399 :
3395 1347 3549 1400 exin-

1965 1431 2033 1489 de
2095 1432 2323 1498 Christi,
2373 1434 2458 1490 vel
2512 1435 2687 1490 sancti
2735 1435 2969 1503 alicujus
3022 1436 3290 1506 imagines
3350 1436 3550 1491 habere

1965 1540 2209 1600 repertos
2254 1530 2407 1585 duris
2443 1531 2727 1600 suppliciis
2773 1539 2827 1585 et
2875 1540 3051 1585 morte
3098 1528 3439 1595 damnabat,
3474 1529 3549 1582 ita

1971 1632 2031 1676 ut
2084 1623 2297 1678 nobiles
2332 1623 2600 1693 plurimos
2631 1633 2685 1678 et
2727 1624 2968 1679 illustres
3008 1623 3157 1678 viros
3187 1621 3544 1677 interfecerit.

1968 1712 2139 1769 Porro
2189 1714 2412 1770 Michael
2458 1717 2839 1775 excubitorum
2889 1715 3135 1773 cohortis
3175 1729 3371 1784 gerens
3404 1713 3552 1781 prin-

1966 1805 2231 1875 cipatum,
2263 1809 2405 1876 apud
2437 1808 2824 1878 imperatorem
2857 1807 3188 1865 calumniam
3219 1819 3417 1875 passus
3443 1813 3551 1867 est,

1966 1896 2123 1967 quasi
2164 1896 2429 1953 adversus
2481 1913 2607 1952 eum
2672 1899 3074 1969 conspirasset:
3130 1911 3292 1968 quem
3349 1895 3552 1950 idcirco

1968 1988 2326 2059 compedibus
2382 1990 2718 2053 vinctumin
2758 2006 2979 2046 carcere
3010 2000 3359 2046 asservatum
3395 1997 3553 2043 tene-

1969 2082 2081 2137 bat.
2116 2082 2357 2137 Instante
2387 2084 2555 2154 igitur
2610 2082 2922 2140 Servatoris
2973 2084 3143 2139 nostri
3199 2082 3424 2138 natalitii
3475 2077 3555 2151 fee

1966 2184 2052 2231 sto
2084 2183 2250 2229 noctu
2294 2175 2472 2229 voluit
2506 2192 2536 2230 c
2565 2177 2744 2232 medio
2777 2176 3012 2232 tollere:
3049 2192 3238 2231 verum
3270 2191 3301 2230 a
3333 2173 3553 2246 propria

1969 2281 2143 2322 uxore
2191 2267 2503 2335 prohibitus
2532 2278 2589 2323 et
2642 2268 2768 2324 festi
2802 2270 3107 2326 reverentia
3137 2278 3339 2331 motus,
3371 2267 3556 2322 vivere

1971 2360 2241 2429 permisit.
2289 2358 2522 2415 Michael
2568 2376 2791 2417 carcere
2836 2362 3108 2427 detentus,
3160 2362 3264 2416 hoc
3311 2360 3553 2429 cognito,

1976 2451 2237 2507 omnibus
2292 2453 2517 2508 consilii.
2580 2455 2939 2524 participibus
2992 2462 3201 2510 secreto
3251 2452 3553 2508 indicavit:

1973 2540 2091 2597 Nisi
2116 2543 2365 2599 custodia
2390 2545 2630 2600 eximere
2661 2560 2747 2600 me
2770 2545 3057 2609 studeatis,
3077 2558 3265 2599 omnes
3285 2556 3382 2596 vos
3411 2538 3555 2610 apud

1971 2634 2356 2704 imperatorem
2396 2635 2659 2690 deferam.
2711 2637 2838 2689 Erat
2889 2650 3013 2690 cum
3086 2635 3219 2705 ipsis
3261 2641 3317 2687 et
3366 2632 3555 2703 palatii

1976 2724 2201 2795 pappias
2235 2724 2511 2779 Michaelis
2556 2723 2753 2779 allinis.
2787 2723 2892 2793 Ipsi
2943 2724 3106 2794 igitur
3151 2732 3317 2777 noctu
3361 2717 3557 2775 armati

1973 2814 2074 2868 sub
2118 2813 2360 2869 vestibus
2404 2813 2614 2884 gladios
2653 2812 2910 2878 ferentes,
2980 2814 3175 2884 pappia
3211 2823 3398 2882 portas
3427 2827 3555 2879 ape-

1976 2907 2176 2972 riente,
2210 2920 2277 2961 ac
2322 2906 2369 2960 si
2398 2907 2710 2961 sacerdotes
2748 2906 2928 2961 forent
2964 2907 3167 2961 casulis
3213 2906 3421 2969 vestiti,
3472 2906 3558 2959 in-

292 3004 695 3075 χειρωσάμενοι
730 3004 962 3075 μεληδὸν
988 3005 1320 3075 κατὲκοψαν,
1352 3008 1745 3080 ἀπορρήξαντα
1776 3014 1872 3085 τὴν

1979 2998 2149 3069 gressi
2205 3006 2351 3053 sunt.
2400 2997 2735 3067 Imperatore
2773 2998 2828 3053 in
2878 2998 3164 3054 ecclesiam
3213 2998 3556 3067 adveniente,

297 3095 518 3149 ἀνόσιον
559 3096 725 3149 αὑτοῦ
773 3097 950 3167 ψυχὴν
984 3100 1043 3151 ὲν
1095 3097 1172 3168 τῷ
1203 3099 1473 3167 παλατίῳ,
1505 3104 1564 3155 ἐν
1702 3106 1877 3170 οὐδεὶς

294 3186 407 3241 τῶν
450 3186 553 3255 πρδ
601 3185 771 3239 αὑτοῦ
807 3187 1280 3257 βεϐασιλευκὸτων
1319 3190 1581 3262 ἀνῄρητο.
1630 3196 1776 3267 Αὑτῇ
1820 3197 1878 3250 δὲ

298 3281 367 3350 τῇ
403 3278 523 3350 ὥρᾳ
556 3280 615 3332 ὲν
641 3282 707 3351 τῇ
755 3281 945 3352 εἱρκτῇ
977 3281 1308 3347 ἀπελθόντες
1359 3284 1615 3353 ἐξάγουσι
1646 3288 1876 3343 τὸνΜι-

298 3368 462 3440 χαὴλ,
494 3370 590 3421 καὶ
622 3369 937 3437 εἰσάγουσιν
977 3371 1037 3423 ὲν
1081 3373 1148 3441 τῇ
1181 3372 1341 3443 ἑορτῇ
1387 3372 1510 3427 ἀντὶ
1538 3374 1875 3450 δεσμοφόρου

302 3460 667 3529 στεφηφόρον,
689 3459 766 3525 ὠς
790 3460 1139 3532 πληρωθῆναι
1163 3462 1250 3515 ἐπ’
1273 3462 1438 3516 αὑτοῦ
1464 3463 1523 3517 τδ
1544 3466 1635 3519 τοῦ
1658 3467 1876 3537 ψαλμοῦ

301 3551 519 3621 λόγιον*
586 3553 656 3608 Τὸ
722 3552 988 3621 ἑσπέρας
1038 3554 1475 3621 αὐλισθήσεται
1535 3560 1875 3628 κλαυθμός,

305 3647 408 3700 καὶ
439 3648 526 3712 εις
573 3649 638 3699 τὸ
664 3647 816 3715 πρωῒ
851 3646 1235 3715 ἀγαλλίασις.
1272 3648 1426 3701 Μετὰ
1453 3648 1511 3702 δὲ
1551 3649 1723 3703 ταῦτα
1774 3654 1873 3723 ῥα-

309 3736 451 3800 κίοις
472 3738 707 3791 εὑτελὲσι
740 3736 1124 3809 περιϐαλόντες
1157 3737 1217 3790 τὸ
1243 3737 1335 3790 τοῦ
1371 3738 1665 3810 ἀλητηρίου
1695 3740 1885 3809 σῶμα,

308 3830 392 3893 είς
430 3830 652 3883 ἀκάτιον
699 3829 1029 3901 ἐμϐαλόντες
1066 3829 1135 3881 τὸ.
1179 3830 1480 3901 παμμίαρα
1536 3831 1699 3885 αὑτοῦ
1743 3833 1877 3906 μέλη

308 3922 453 3977 κατὰ
498 3922 595 3994 τὴν
641 3922 988 3994 καλουμένην
1027 3921 1257 3994 Πρώτην
1308 3923 1471 3994 νῆσον
1528 3924 1878 3995 ἐκφέρουσιν,

305 4010 437 4066 ἔνθα
466 4014 560 4067 καὶ
585 4015 711 4077 τοὺς
745 4013 938 4077 παῖδας
968 4013 1361 4086 ἀποκείραντες
1396 4017 1627 4086 μονάσοιι
1651 4019 1884 4090 πεποιή-

306 4121 490 4159 κασιν.

940 4396 1245 4451 ΜΙΧΑΗΛ.

1028 4399 1119 4450 ΧΑ
1229 4434 1245 4450 .

379 4484 599 4556 Μιχαὴλ
646 4485 676 4537 6
726 4398 1054 4558 Ἀμορρἷϐς
1093 4398 1453 4559 [ξιιμωραῐος]
1479 4485 1556 4559 (2)
1591 4487 1880 4542 ἐϐασίλευ-

312 4592 404 4629 σεν
428 4577 521 4647 ἐτη
551 4583 619 4647 η’,
657 4577 829 4647 μῆνας
851 4578 1028 4631 ὲννὲα.
1066 4579 1162 4641 Ὃς
1194 4579 1390 4649 μικρόν
1422 4597 1476 4633 τι
1504 4579 1605 4649 τῆς
1628 4598 1877 4650 προκατ-

312 4667 547 4740 εχοὺσης
576 4669 744 4722 αὑτὸν
773 4671 976 4734 κακίας
1035 4670 1300 4735 ὑπενδοὺς
1324 4669 1422 4743 (5),
1482 4672 1607 4726 ὅσον
1650 4674 1777 4737 τοὺς
1826 4675 1885 4725 ἐν

385 4813 403 4845 ⁸
438 4811 584 4871 Psal.
619 4829 768 4881 ms,
801 4812 856 4868 6.

1916 4354 1966 4412 D

1983 3089 2296 3155 exisiliunt;
2345 3104 2582 3159 eumque
2622 3090 3078 3160 comprehensum
3132 3090 3474 3146 membratim
3507 3101 3560 3149 et

1985 3182 2037 3235 in
2089 3180 2259 3235 frusta
2299 3191 2511 3248 secant,
2556 3183 2937 3253 projicientem
2967 3182 3287 3254 sacrilegam
3320 3184 3557 3238 animam

1985 3271 2041 3325 in
2101 3271 2303 3345 palatio
2371 3271 2427 3326 in
2487 3287 2597 3341 quo
2655 3272 3116 3343 prtedecessorum
3172 3272 3559 3344 imperatorum

1984 3364 2165 3418 nullus
2216 3363 2429 3419 occisus
2477 3362 2654 3419 fuerat
2686 3365 2856 3435 prius.
2888 3363 3158 3421 Caeterum
3208 3364 3396 3419 eadem
3427 3362 3561 3418 hora

1986 3457 2052 3510 ad
2106 3471 2380 3512 carcerem
2429 3457 2703 3514 irruentes
2742 3456 3058 3514 Michaclem
3089 3458 3351 3523 educunt,
3394 3466 3450 3512 et
3492 3456 3563 3513 ad

1984 3547 2350 3603 celebritatem
2402 3546 2693 3613 inducunt,
2730 3560 2785 3603 ct
2830 3565 2928 3619 pro
2966 3550 3322 3619 compedibus
3373 3549 3563 3604 devin-

1982 3651 2071 3694 (διο
2128 3640 2286 3693 taenia
2329 3640 2598 3709 imperiali
2653 3640 2891 3695 cinctum
2957 3640 3273 3695 declarant:
3321 3641 3458 3695 adeo
3504 3648 3565 3695 ut

1985 3730 2038 3783 in
2078 3744 2145 3784 eo
2176 3730 2305 3783 illud
2335 3730 2526 3798 psalmi
2570 3729 2774 3784 dictum
2814 3729 3162 3799 impleretur:
3195 3728 3277 3781 Ad
3299 3745 3563 3798 vesperam

1986 3817 2400 3873 commorabitur
2455 3818 2632 3888 ﬂetus,
2686 3825 2733 3870 et
2774 3817 2842 3870 ad
2892 3817 3210 3871 matutinum
3272 3817 3462 3871 lwtitia
3520 3816 3560 3871 ’.

1990 3909 2117 3966 Post
2166 3910 2280 3964 haec
2344 3909 2580 3965 exitialis
2651 3908 2801 3963 illius
2872 3910 3104 3964 cadaver
3182 3908 3565 3978 vilibus,pan-

1991 4002 2078 4057 nis
2141 4001 2446 4056 involutum
2507 4000 2656 4055 lintri
2706 4000 3056 4070 impositura,
3123 4001 3566 4070 exsecrandaque
3651 4056 3662 4067 ,

1992 4095 2143 4151 illius
2205 4094 2453 4150 membra
2511 4095 2578 4148 ad
2633 4092 2865 4148 insulam
2924 4092 3123 4149 Proteu
3179 4092 3384 4149 dictam
3439 4092 3567 4150 effe-

1994 4197 2157 4244 runt:
2194 4188 2284 4244 ubi
2314 4188 2457 4244 ﬁlios
2498 4186 2616 4257 ejus
2646 4186 2955 4254 tondentes,
3011 4186 3373 4243 monasticum
3417 4185 3571 4241 habi.

1994 4288 2108 4335 tum
2139 4280 2415 4351 suscipere
2445 4289 2757 4352 coegerunt.

2610 4393 2971 4449 MICHAEL.

2064 4486 2232 4559 448
2263 4486 2490 4544 Michael
2530 4486 2816 4544 Amorteus
2850 4485 3010 4542 annis
3037 4493 3161 4541 octo
3192 4496 3259 4541 etv
3287 4483 3570 4539 mensibus

1998 4595 2191 4635 novem
2222 4578 2526 4650 imperavit.
2554 4576 2653 4632 Hic
2684 4576 2932 4632 nonnihil
2971 4576 3040 4633 de
3055 4576 3285 4641 malitia,
3313 4589 3441 4646 qua
3456 4574 3580 4629 ani-

1997 4688 2139 4729 mam
2159 4673 2278 4743 ejus
2296 4673 2501 4744 pridem
2523 4678 2836 4741 occuparat,
2857 4670 3162 4739 remittens,
3197 4679 3463 4742 quantum
3480 4667 3573 4724 vi-

1484 4902 1735 4961 FRANC.
1764 4903 2151 4963 COMBEFlSll
2186 4904 2414 4964 NOTAE.

384 5021 463 5093 (9)
502 5019 620 5076 Non
658 5030 837 5092 pracet
879 5036 1129 5093 ea__vox,
1185 5035 1285 5075 nec
1317 5023 1460 5093 quod
1517 5022 1888 5093 emendatum.

1994 5024 2228 5092 quisque
2261 5031 2585 5086 sectaretur.
2632 5037 2731 5079 nec
2778 5022 2863 5077 alii
2911 5023 3034 5078 aliis
3080 5021 3510 5092 obloquerentur
3550 5034 3570 5085 ;

314 5090 511 5164 Melius
548 5090 897 5164 coniinuator
943 5090 1064 5164 Vat.
1098 5102 1204 5164 etc.
1236 5095 1263 5144 ό
1302 5092 1361 5158 ἐξ
1412 5091 1695 5164 Ἀμορίου,
1733 5093 1894 5164 Amo-
1991 5090 2163 5161 eaque
2198 5094 2398 5148 silentii
2434 5094 2747 5149 conditione
2772 5092 3113 5164 Nicephorus
3140 5090 3320 5148 sedem
3366 5090 3566 5164 recipe-

314 5166 396 5217 rio
430 5163 706 5227 oriundus,
737 5163 1086 5217 Amoriensis.
1117 5160 1273 5227 Quod
1303 5160 1489 5215 statim
1536 5162 1784 5231 sequitur
1820 5163 1891 5217 de

318 5234 552 5288 remissa
603 5236 871 5302 tantisper
927 5232 1185 5287 Michaele
1212 5232 1830 5302 _imperatore__exeitat_a_
1854 5248 1885 5287 a

314 5302 502 5359 Leone
531 5299 932 5372 persecutione,
961 5316 1176 5373 egregie
1211 5299 1455 5372 lgnatius
1477 5302 1531 5356 in
1558 5299 1677 5355 Vita
1710 5300 1768 5355 S.
1787 5300 1882 5355 Ni-

318 5373 543 5443 cepliori
561 5375 803 5443 exponit,
820 5376 913 5442 qui
940 5381 994 5427 et
1021 5379 1273 5443 navatam
1298 5374 1417 5427 viro
1446 5383 1638 5427 sancto
1659 5386 1879 5443 Operam

317 5457 379 5498 ut
409 5441 723 5499 Michaelem
747 5441 1002 5499 Ecclesiae
1030 5441 1326 5505 addiceret.
1347 5443 1575 5512 pulchre
1591 5441 1883 5506 describit;

316 5516 646 5570 deterrendo
684 5516 944 5569 nimirum
1000 5513 1069 5569 ab
1120 5514 1311 5569 haeresi
1348 5511 1656 5568 decessoris
1704 5526 1890 5565 exem-

319 5584 435 5663 Em,
476 5584 570 5663 qui
599 5584 671 5663 iu,
729 5586 930 5663 mis-9r?
966 5584 1038 5663 in“
1072 5584 1313 5663 isgmplo.
1341 5582 1506 5663 vitam
1543 5582 1887 5663 abrupisset.

322 5651 621 5718 Quaesitum
653 5656 779 5711 item
797 5654 1041 5711 Michacli
1060 5651 1402 5724 ἀδιαῴορίαν,
1422 5661 1474 5708 et
1500 5651 1716 5722 utquod
1734 5652 1891 5706 vellet

1991 5158 2091 5228 ret;
2139 5179 2323 5217 verum
2345 5164 2458 5218 haec
2491 5167 2757 5233 tantisper
2778 5158 3166 5233 exspectanda,
3211 5171 3269 5215 ut
3293 5167 3347 5233 et
3380 5158 3571 5233 lauda-

1990 5226 2085 5288 tus
2109 5235 2480 5313 continuator,
2521 5236 2614 5303 qui
2650 5226 2765 5307 ipse
2790 5226 3296 5313 prosequitur‘qttte
3321 5229 3430 5283 Leo
3462 5226 3566 5281 vel-

1987 5314 2047 5357 ut
2079 5304 2254 5357 solum
2286 5320 2385 5358 acu
2419 5312 2592 5359 notat.
2674 5304 2685 5307 ’
2792 5304 2801 5305 “
2846 5358 2851 5361 _
2892 5304 2910 5315 "
3080 5352 3083 5355 Α

2058 5373 2132 5444 (5)
2173 5372 2310 5429 Male
2338 5374 2665 5429 exscribenti
2720 5374 2949 5444 adjecta
2978 5387 3081 5427 vox
3118 5370 3302 5444 αὑτόν,
3350 5382 3416 5422 ex
3461 5381 3568 5435 qua

1993 5442 2128 5497 nihil
2157 5446 2444 5499 commode
2466 5446 2760 5500 redditum.
2796 5445 2837 5497 Τ
2841 5443 3072 5510 autisper
3096 5442 3365 5495 remittens
3406 5452 3564 5491 vexa-

1996 5515 2190 5568 tionem
2252 5530 2368 5585 qua:
2430 5515 2525 5568 sub
2582 5517 2851 5569 decessore
2919 5512 3259 5585 obtinuerat;
3309 5515 3571 5579 quantum

2000 5585 2197 5640 scilicet
2230 5582 2310 5640 sat
2344 5595 2480 5651 erat,
2512 5598 2568 5638 ut
2600 5585 2691 5656 qui
2727 5586 2781 5638 in
2808 5582 3118 5655 ergastulis,
3149 5590 3255 5637 etc.
