3986 6232
453 260 588 331 1087

1672 258 1949 318 LEONIS
1985 255 2468 320 GRAMMATICI

3569 256 3712 323 1048

449 380 555 436 bus
585 374 884 448 assignavit
914 373 1297 435 habitationes.
1329 373 1420 440 qui
1454 387 1626 441 usque
1648 373 1808 429 hodie
1830 370 2012 428 Persa-

2130 374 2354 443 στήσας,
2378 372 2428 426 οἶ
2465 373 2627 444 μέχρι
2649 373 2746 427 τοῦ
2770 374 2864 428 νῦν
2895 374 3146 443 λέγονται
3180 375 3417 446 τοῦρμαι
3447 377 3708 447 Περσῶν.

452 487 572 527 rum
619 480 809 526 turmae
849 466 1236 537 appellantur:
1283 465 1463 535 ipsum
1513 465 1903 535 Thcophobnm
1953 480 2019 520 ex

450 557 750 617 Theodore
766 558 1025 627 Augusta:
1042 556 1249 611 sororis
1283 554 1489 626 nuptiis
1504 556 1731 629 levirum
1750 556 1852 626 ipsi
1871 556 2019 611 fecit.

449 652 782 720 Theophilus
837 660 1020 705 autem
1052 664 1176 704 cum
1232 649 1617 703 artcfaetorum
1647 657 1841 704 ornatu
1875 648 2022 703 dele-

448 751 710 810 ctaretur,
766 758 862 814 per
895 742 1305 797 aurifabrorum
1339 742 1639 812 principem
1677 739 1831 795 valde
1877 742 2021 796 cele-

446 838 598 894 brem
637 844 691 891 et
727 836 961 905 peritum
1017 843 1073 888 et
1127 834 1349 889 Anicuii
1406 834 1728 902 patriarcha:
1781 831 2017 899 aliincm,

441 924 610 999 jussit
639 926 865 983 conﬂari
898 925 1336 996 pentapyrgium,
1370 936 1424 979 et
1460 924 1816 980 instrumenta
1847 926 2021 980 maxi-

443 1034 535 1075 ma
570 1021 677 1074 duo
704 1035 767 1074 ex
803 1031 937 1073 auro
976 1018 1173 1084 solido,
1230 1016 1501 1085 lapidibus
1557 1017 1787 1072 diversis
1813 1027 1867 1071 et
1895 1033 2019 1088 ery-

444 1111 618 1166 stallis
649 1108 927 1180 insignita,
950 1111 1314 1179 arboremque
1363 1124 1608 1172 auream,
1666 1111 1754 1164 cui
1786 1110 2018 1165 insiden-

443 1212 525 1260 tes
571 1205 875 1275 passerculi
921 1204 1152 1259 secretis
1195 1202 1466 1257 machinis
1523 1204 1762 1258 musicos
1827 1212 2018 1259 cantus

440 1296 793 1351 exercebant.
854 1294 1150 1366 Reparavit
1176 1296 1337 1350 etiam
1366 1295 1743 1366 imperatorias
1764 1306 1940 1351 vestes
1965 1303 2020 1349 et

442 1389 667 1443 omnino
696 1390 1000 1453 renovavit,
1036 1389 1327 1458 aureisque
1350 1390 1674 1443 stamiuibus
1703 1389 2013 1455 contexuit;

442 1480 720 1550 publicum
747 1481 909 1536 etiam
946 1480 1034 1548 ius
1061 1491 1114 1535 et
1146 1482 1379 1551 rigorem
1406 1482 1696 1537 observare
1728 1481 2013 1547 simulans,

441 1570 598 1624 fidem
636 1571 1004 1642 pietatemque
1030 1584 1144 1642 prae
1190 1571 1638 1627 antecessoribus
1677 1571 2018 1644 imperatori-

440 1662 544 1718 bus
573 1662 734 1717 laesit.

514 1752 820 1810 Accedente
851 1752 917 1811 ad
944 1755 1125 1825 ipsum
1164 1755 1389 1813 muliere
1426 1757 1586 1813 vidua
1639 1758 1707 1813 ad
1759 1757 2016 1814 Blaeher-

443 1861 562 1911 nas,
594 1855 650 1900 et
670 1842 925 1915 iniuriam
955 1848 1025 1902 ab
1080 1843 1337 1919 Augusta:
1362 1848 1531 1904 fratre
1582 1847 1814 1905 Petrona
1854 1867 2019 1906 excu-

439 1938 654 1994 hlarum
686 1941 983 2011 drungario
1016 1955 1076 1998 se
1105 1942 1216 2012 pati
1249 1952 1620 2012 conquerente
1643 1962 1657 1998 :
1677 1942 1827 2000 Adeo
1848 1945 2016 2014 enim,

439 2029 644 2095 aiebat,
679 2040 972 2088 structurae
1004 2047 1191 2088 muros
1217 2032 1398 2105 erigit,
1427 2040 1481 2089 et
1512 2035 1737 2091 aedilicia
1772 2038 2016 2105 innovat,

438 2131 500 2179 ttt
536 2139 656 2179 mea
689 2121 908 2193 penitus
936 2128 1217 2192 obscuret,
1253 2135 1306 2180 et
1336 2127 1482 2196 quod
1507 2124 1687 2183 viduis
1726 2144 1824 2198 pro
1856 2128 2019 2186 solito

435 2217 768 2287 contemptis
800 2216 1022 2283 act-idit,
1048 2217 1239 2273 reddat
1284 2219 1501 2288 penitus
1549 2219 1764 2275 inutilia
1784 2260 1799 2276 .
1828 2262 1843 2276 .
1878 2259 1893 2275 .
1921 2264 1936 2279 .
1961 2264 1975 2279 .
2000 2263 2015 2279 .

435 2306 517 2361 Illi
547 2307 914 2372 discedentes,
930 2316 984 2362 ct
1014 2307 1271 2379 injuriam
1317 2308 1430 2362 fieri
1464 2307 1788 2380 conspicati,
1813 2321 1868 2367 et
1893 2327 2018 2367 vera

432 2410 577 2463 esse,
609 2413 731 2467 quae
758 2414 789 2452 a
821 2397 1053 2454 muliere
1107 2396 1499 2467 objicerentur,
1544 2402 1807 2457 certiores
1866 2400 2015 2468 facti,

437 2490 727 2546 redeuntes
793 2491 1117 2560 imperatori
1180 2492 1679 2549 renuntiaverunt:
1717 2491 1784 2549 ab
1831 2494 2018 2565 eisque

435 2581 721 2636 convictus
757 2580 1062 2649 Petronas‘,
1120 2582 1410 2652 mediaque
1446 2584 1531 2638 \ia
1585 2596 1804 2649 exutus,
1854 2586 2019 2641 dorso

436 2673 660 2729 verbera
683 2670 896 2743 excepit
926 2673 1356 2743 quamplurima.
1377 2674 1679 2732 Confestim
1711 2678 1842 2732 vero
1867 2661 2017 2749 quae-

434 2778 554 2822 stur
585 2774 639 2821 et
668 2776 985 2836 exceptores
1022 2765 1177 2821 abire
1212 2767 1351 2838 jussi
1374 2808 1388 2834 ,
1421 2765 1672 2825 Petronis
1705 2770 1905 2827 domus
1948 2770 2015 2827 ad

434 2856 789 2914 fundamenta
840 2869 1292 2930 exaequaverunt,
1323 2866 1377 2915 et
1406 2859 1621 2918 mulieri
1677 2865 2018 2919 tradiderunt

435 2949 813 3020 possidendas.
851 2949 967 3020 lpse
989 2948 1239 3004 Alexium
1272 2948 1621 3015 Armenium,
1649 2963 2014 3024 cognomento

2124 463 2300 516 Αὐτὸν
2333 463 2391 515 δὲ
2423 462 2513 516 τὸν
2551 463 2821 532 Θεόεροὸον
2869 466 2950 527 είς
2997 465 3234 536 ἀδελφὴν
3264 465 3552 536 Θεοδώρας
3595 467 3711 520 Atio

2124 554 2361 624 γούστης
2411 554 2665 627 γαμϐρὸν
2694 554 3016 623 ἐποιήσατο.
3050 559 3387 631 Φιλόκοσμος
3414 560 3474 613 δὲ
3499 558 3576 613 ὣν
3601 562 3675 614 αὖ

2122 648 2216 710 τὸς
2261 646 2521 716 Θεόφιλος
2580 650 2951 704 κατεσκεύασε
2996 651 3085 704 διὰ
3126 651 3219 705 τοῦ
3286 654 3551 722 ἄρχοντος
3605 654 3707 707 τοῦ

2124 739 2447 813 χρυσοχείου
2482 740 2816 809 λογιωτάτου
2874 742 3014 797 πάνυ
3046 742 3199 808 ὄντος
3247 745 3342 798 καὶ
3396 745 3710 813 συγγενοῦς

2136 830 2418 886 Ἀντωνίου
2450 833 2813 903 πατριάρχου,
2847 834 2907 886 τό
2935 851 2993 887 τε
3025 835 3463 906 Πενταπύργιον,
3497 837 3595 889 καὶ
3634 836 3709 888 τὰ

2120 924 2215 978 δύο
2246 924 2480 996 μέγιστα
2512 925 2723 995 δργανα
2760 922 3052 996 ὁλόχρυσα,
3084 924 3362 996 διαφόροις
3406 926 3578 991 λίθοις
3609 930 3710 980 καὶ

2122 1017 2321 1080 ὑελίοις
2354 1016 2625 1079 καλλύνας
2671 1016 2831 1077 αὐτὰ.
2887 1017 3103 1087 δένδρον
3142 1030 3202 1069 τε
3263 1019 3501 1088 χρυσοῦν
3550 1020 3613 1072 ὲν
3658 1011 3707 1088 ᾧ

2123 1107 2403 1180 στρουθίον
2436 1108 2765 1178 ὲφεξόμενον
2793 1108 3072 1181 [στρουθία
3100 1108 3429 1182 ἐφεζόμενα]
3460 1111 3551 1165 διὰ
3591 1129 3707 1182 μη..

2121 1202 2290 1271 χανῆς
2319 1217 2466 1263 τινος
2493 1201 2770 1271 μουσικῶς
2797 1200 3105 1255 ἐκελάδουν.
3153 1202 3623 1275 Ἐκαινούργησεν
3649 1204 3711 1258 δὲ

2120 1295 2216 1371 καὶ
2247 1294 2347 1356 τὰς
2395 1291 2683 1362 βασιλικὰς
2724 1293 2916 1363 στολὰς
2961 1292 3300 1360 ἀνανεώσας,
3342 1295 3437 1348 καὶ
3500 1313 3711 1367 χρυσο-

2123 1385 2393 1455 ῦφάντους
2441 1388 2909 1457 κατακοσμήσαςο
2946 1384 3293 1459 δικαιοσύνην
3324 1388 3380 1441 δὲ
3421 1390 3708 1460 κοσμικὴν

2121 1480 2613 1549 προσποιούμενος,
2673 1480 2702 1531 ὁ
2734 1478 2832 1547 τὴν
2860 1478 3045 1533 πίστιν
3096 1480 3194 1532 καὶ
3246 1479 3347 1550 τὴν
3405 1480 3707 1534 εὐσέϐειαν

2122 1572 2283 1626 πλέον
2313 1571 2454 1642 ὑπὲρ
2491 1572 2618 1634 τοὺς
2648 1571 2840 1644 πρώην
2868 1572 3296 1643 βασιλεῦσαντας
3328 1574 3628 1642 ἀδικήσας.

2193 1752 2604 1826 Προσελθοὺσης
2659 1751 2807 1824 αὖτῷ
2863 1755 3119 1822 γυναικὸς
3160 1755 3336 1825 χήρας
3368 1758 3426 1809 ἐν
3456 1756 3710 1830 Βλαχέρ-

2119 1865 2259 1913 ναις,
2288 1849 2382 1901 uati.
2424 1846 2701 1918 βοησάσης
2726 1842 2801 1910 ὡς
2833 1847 3073 1901 ἀδικοῖτο
3116 1848 3266 1920 παρὰ
3292 1848 3387 1901 τοῦ
3440 1850 3545 1920 τῆς
3586 1851 3707 1905 Αὐ-

2118 1938 2356 2008 γούστης
2382 1936 2612 2005 ἀδελφοῦ
2662 1933 2926 2007 Πετρωνᾶ
2974 1936 3337 2009 δρουγγαρίου
3360 1941 3461 2008 τῆς
3506 1938 3708 2008 βίγλας

2118 2030 2293 2094 ὄντος*
2336 2024 2492 2098 Ὑψοῐ
2520 2029 2628 2099 γὰρ
2657 2028 2725 2082 τὰ
2752 2028 2949 2082 ἑαυτοῦ
2971 2025 3094 2099 alter,
3105 2046 3272 2100 ματα,
3317 2029 3412 2082 καὶ
3436 2033 3552 2094 τοῖς
3575 2032 3705 2085 κτίο

2121 2142 2291 2195 σμασι
2336 2125 2657 2194 κακουργεῖ,
2712 2122 2781 2176 τὰ
2828 2122 2939 2193 ἐμὰ
2979 2123 3037 2177 δὲ
3068 2121 3327 2187 σκοτίξει,
3389 2125 3488 2177 καὶ
3518 2125 3601 2188 είς
3635 2122 3708 2179 τὸ

2124 2206 2291 2290 μηδὲν
2333 2214 2473 2271 εἶναι
2525 2218 2705 2279 ποιεῖ,
2761 2216 2837 2279 ὡς
2891 2217 2987 2271 ἂτε
3050 2217 3225 2287 χήρας
3271 2230 3705 2288 καταπεφρονη-

2124 2308 2292 2381 μένης
2564 2308 2628 2361 Οἱ
2674 2307 3001 2371 ἀπελθόντες
3056 2304 3149 2361 καὶ
3192 2292 3540 2380 ’θεασάμενοι
3594 2311 3706 2382 τὴν

2118 2406 2373 2475 τοιαύτην
2406 2402 2646 2464 ἀδικίαν,
2680 2401 2775 2454 καὶ
2806 2398 3199 2470 βεϐαιωθέντες
3229 2400 3305 2466 ὠς
3345 2396 3525 2471 ἁληθῆ
3555 2404 3703 2456 εἰσιν

2117 2496 2188 2550 sit
2236 2491 2388 2566 παρὰ
2448 2492 2548 2562 τῆς
2608 2490 2868 2560 γυναικὸς
2924 2490 3178 2562 ρηθέντα,
3245 2488 3704 2562 ὑποστρέψαντες

2117 2587 2447 2659 ἅνήγγειλαν
2464 2583 2543 2653 τῷ
2573 2580 2806 2655 βασιλεῖ.
2836 2583 2946 2637 Καὶ
2966 2580 3245 2653 ἐλεγχθεὶς
3273 2583 3403 2655 παρ’
3430 2584 3615 2637 αὐτῶν
3649 2580 3703 2655 [ὁ

2118 2677 2433 2751 Πετρωνᾶς]
2473 2675 2719 2740 ἐκδυθεὶς
2763 2678 2822 2729 ἐν
2853 2678 2920 2746 τῇ
2953 2674 3095 2747 μέσῃ
3130 2675 3235 2745 τῆς
3267 2673 3392 2728 ὀδοῦ
3428 2673 3702 2729 τύπτεται

2117 2773 2186 2827 τὰ
2221 2771 2369 2826 νῶτα
2394 2769 2659 2842 σφοδρῶς.
2695 2767 3024 2839 Ὦρίσθησαν
3048 2764 3106 2820 δὲ
3127 2765 3155 2820 ὅ
3185 2784 3246 2820 τε
3275 2765 3580 2837 κοιαίστωρ
3600 2766 3703 2822 καὶ

2118 2863 2168 2920 οί
2215 2865 2573 2936 ἁντιγραφεῖς
2602 2860 2880 2923 ἀπελθεῖν,
2912 2860 3009 2914 καὶ
3046 2858 3207 2930 μέχρι
3239 2858 3508 2927 θεμελίων
3533 2857 3702 2913 ἐκδα-

2119 2956 2273 3029 φίσαι
2297 2957 2368 3011 τὰ
2400 2954 2562 3010 αὐτοῦ
2590 2956 2889 3026 οἰκήματα,
2916 2953 3011 3006 καὶ
3050 2954 3116 3023 τῇ
3157 2951 3379 3020 γυναικὶ
3414 2949 3701 3020 παραδῶ-ι

434 3038 716 3108 Muselem,
746 3040 939 3095 fortem
970 3047 1025 3095 et
1075 3042 1363 3096 robustum
1413 3042 1615 3105 virum.
1651 3040 1846 3097 tradita
1878 3041 2010 3099 dile.

2118 3067 2226 3105 ναι.
2275 3044 2442 3113 Οὗτος
2494 3047 2736 3114 Ἀλέξιον
2791 3045 2883 3099 τὸν
2937 3044 3246 3117 Ἀρμένιον,
3400 3044 3702 3113 ἐπώνυμον

434 3139 523 3186 rta
554 3131 660 3187 sibi
691 3132 797 3186 lilia
842 3131 1009 3186 Maria
1053 3148 1314 3203 generum
1366 3133 1578 3200 ascivit,
1612 3135 2013 3206 patriciumque

433 3224 787 3289 renuntiavit,
816 3231 870 3280 et
927 3223 1141 3280 modico
1194 3233 1320 3294 post
1383 3225 1748 3296 magistrum:
1812 3226 1867 3281 iu
1926 3244 2011 3283 su-

437 3319 740 3388 Spicionem
765 3332 893 3372 vero
917 3318 1111 3373 deinde
1129 3318 1446 3383 adductum,
1471 3319 1627 3388 quasi
1651 3329 2015 3389 aucuparetur

434 3408 746 3480 imperium,
808 3403 1124 3480 magistrum
1190 3407 1396 3462 militia
1486 3416 1539 3463 et
1621 3410 1816 3465 ducem
1873 3409 2014 3465 Sici-

435 3501 523 3557 lia:
567 3501 880 3557 institutum
937 3516 1052 3555 ase
1114 3500 1403 3571 ablegavit.
1440 3499 1629 3568 Qualia
1679 3503 1844 3573 igitur
1875 3502 2014 3556 livor

437 3592 711 3660 parturire
748 3591 918 3659 solet,
961 3590 1132 3646 Siculi
1162 3593 1382 3661 quidam
1413 3592 1677 3650 abeuntes
1705 3612 1828 3649 eum
1869 3597 2012 3666 apud

435 3684 819 3752 imperatorem
856 3683 1373 3749 calun'miahantur,
1407 3684 1564 3753 quasi
1600 3700 1722 3754 qua:
1745 3686 2013 3741 Christia-

434 3784 629 3831 narum
668 3784 817 3842 sunt,
861 3773 1113 3844 proderet
1146 3773 1437 3845 Agarenis,
1474 3785 1527 3830 et
1556 3775 1815 3831 adversus
1848 3779 2015 3848 impe-

432 3869 574 3922 rium
600 3868 978 3921 meditaretur.
1024 3864 1245 3919 Interim
1295 3864 1466 3919 Maria
1494 3866 1690 3920 dilecta
1721 3867 2014 3937 imperato-

437 3958 516 4011 ris
558 3956 669 4011 ﬂlia
722 3955 832 4011 fato
880 3955 1041 4027 45],
1108 3955 1326 4020 functa,
1384 3972 1577 4011 urnam
1617 3959 1737 4027 ejus
1790 3968 2013 4030 argento

436 4049 742 4111 exornavit,
773 4046 1247 4117 immunitatisque
1276 4046 1618 4118 privilegium
1667 4063 1735 4102 cx
1783 4050 2013 4105 crimine

435 4139 503 4197 ad
536 4141 672 4195 illud
712 4137 1162 4210 confugientibus
1218 4138 1467 4193 contulit.
1527 4139 1824 4209 Argentum
1880 4140 2011 4196 illud

432 4250 498 4292 ex
530 4235 782 4305 sepulcro
836 4230 1292 4301 imperatorLeo
1352 4231 1697 4300 postmodum
1767 4233 2009 4288 sustulit.

430 4325 704 4397 Tempore
749 4323 944 4378 deinde
988 4338 1099 4392 quo
1148 4321 1372 4375 Alexius
1420 4321 1750 4375 calumniam
1813 4338 2009 4392 passus

2114 3139 2384 3207 Μουσελὲ,
2418 3140 2670 3211 ἀνδρεῖον
2700 3138 2832 3192 ὅντα
2864 3137 2962 3191 κα)⁸
2991 3135 3273 3207 ῥωμαλέον
3307 3136 3702 3205 εἰσεποιήσατο

2115 3231 2364 3306 γαμϐρὸν
2395 3233 2475 3296 εἰς
2523 3226 2742 3300 Μαρίαν
2787 3228 3153 3300 ἠγαπημένην
3186 3226 3336 3297 αὐτῷ
3386 3226 3698 3296 θυγατέρα,

2117 3328 2349 3399 ποιήσας
2391 3321 2555 3377 αὐτὸν
2607 3321 2922 3392 πατρίκιον.
2984 3321 3107 3389 μετ’
3163 3319 3348 3386 ὀλίγον
3401 3318 3462 3370 δὲ
3523 3316 3700 3386 μαγι-

2118 3435 2277 3489 στρον
2438 3408 2572 3469 Εἶτα
2616 3406 2889 3485 ὑπόληψίν
2933 3424 3056 3465 τινα
3085 3410 3171 3464 ἐπ’
3195 3411 3344 3480 αὖτῴ
3389 3408 3561 3480 σχὼν,
3616 3408 3701 3472 ὡς

2115 3509 2440 3580 ὀρεγόμενον
2478 3506 2584 3576 τῆς
2629 3504 2927 3578 βασιλείας,
2987 3502 3079 3557 καὶ
3140 3502 3546 3573 στρατηλάτην.
3598 3500 3699 3552 καὶ

2114 3598 2281 3653 δοῦκα
2316 3595 2562 3659 Σικελίας
2580 3595 2924 3665 ἐξέπεμψεν.
2961 3586 3063 3646 Οἷα
3097 3588 3153 3644 δὲ
3194 3588 3288 3646 τοῦ
3321 3590 3521 3659 φθόνου
3565 3586 3695 3643 ὡδίο

2116 3708 2320 3756 νοντος,
2356 3688 2571 3742 Σικελοί
2606 3705 2752 3752 τινες
2803 3686 3122 3749 ἀνελθόντες
3175 3682 3455 3739 διέὸαλλον
3502 3683 3698 3736 τοῦτον

2114 3783 2193 3855 τῷ
2220 3784 2450 3853 βασιλεῖ,
2482 3781 2557 3844 ὡς
2593 3781 2662 3835 τὰ
2711 3780 2808 3849 μὲν
2837 3777 3183 3847 Χριστιανῶν
3211 3778 3323 3840 τοῖς
3366 3776 3699 3848 ’Ᾱγαρηνοῖς

2117 3874 2465 3946 προδίδωσιν,
2512 3871 2655 3925 κατὰ
2701 3872 2755 3924 δὲ
2787 3871 2887 3940 τῆς
2933 3870 3210 3941 βασιλείας
3247 3869 3470 3939 μελετᾷ.
3514 3867 3610 3920 Ἑν
3637 3867 3697 3921 δὲ

2114 3969 2192 4041 τῷ
2222 3968 2426 4040 μεταξὺ
2452 3965 2779 4034 τεθνηκυίας
2820 3965 3038 4033 Μαρίας
3069 3962 3458 4031 πεποθημένης
3484 3959 3561 4028 τῷ
3597 3959 3699 4029 βα-

2117 4058 2255 4112 σιλεῖ
2282 4055 2571 4125 θυγατρὸς,
2617 4054 2714 4123 τὴν
2754 4054 2852 4124 μὲν
2877 4054 3123 4125 λάρνακα
3151 4050 3352 4119 ταύτης
3378 4048 3600 4121 [αὑτῆς]
3634 4049 3698 4116 ἐξ

2116 4148 2358 4221 ἀργύρου
2418 4146 2747 4215 ἐκόσμησεν,
2821 4144 2918 4198 καλ⁸
2973 4146 3139 4214 τόμον
3207 4140 3521 4212 ἐλευθερίας
3577 4143 3697 4203 τοῖς

2116 4238 2552 4310 προσφεύγουσιν
2596 4234 2683 4288 ἐπ’
2730 4233 3040 4305 ὲγκλήματί
3077 4251 3185 4287 τινι
3213 4234 3460 4287 τέθεικεν
3500 4233 3697 4303 (ὅνπερ

2115 4336 2355 4405 ἄργυρον
2389 4330 2527 4401 μετὰ
2556 4329 2729 4383 ταῦτα
2778 4327 2931 4381 Λέων
2973 4329 3001 4380 ὁ
3046 4326 3301 4397 βασιλεὺς
3349 4325 3595 4378 ἀνείλετο
3628 4309 3725 4378 ἔχ’

429 4426 534 4479 est.
572 4395 937 4469 vTheodordm
984 4413 1457 4482 archiepiscopum
1514 4413 1837 4479 cognomine
1882 4414 2007 4469 Cri-

2118 4395 2211 4481 :é-s'
2235 4395 2452 4495 τάφον),
2484 4422 2760 4491 Θεόδωρον
2782 4419 2838 4472 δὲ
2873 4395 3303 4488 ἀρχιεπίσκοπον
3329 4418 3419 4471 τὸν
3452 4418 3697 4488 λεγόμε-

434 4509 647 4565 thinum
681 4508 734 4562 in
761 4506 899 4561 urbe
933 4504 1073 4560 forte
1105 4512 1379 4575 repertum
1414 4500 2005 4575 advocavit’l‘heophi-

434 4602 540 4667 lus,
561 4604 890 4671 propriaque
925 4612 1088 4654 cruce
1125 4598 1348 4652 amuleti
1384 4599 1491 4651 ritu
1522 4613 1552 4652 e
1576 4599 1716 4653 collo
1741 4600 2008 4669 pendente

432 4693 538 4764 ipsi
601 4692 826 4759 tradita,
885 4691 1038 4747 misit
1088 4691 1143 4746 in
1201 4689 1445 4745 Siciliam
1489 4692 1800 4749 securitatis
1844 4694 2002 4748 fidem

429 4782 621 4838 Alexio
665 4784 940 4849 daturum,
976 4789 1029 4837 et
1073 4794 1198 4836 mox
1244 4781 1310 4835 ad
1346 4796 1405 4836 se
1449 4781 1836 4839 adducturum.
1876 4783 2006 4839 Pro-

430 4872 608 4929 fectus
635 4873 745 4938 ille,
780 4886 879 4943 pro
909 4876 1091 4928 innata
1124 4872 1229 4928 sibi
1260 4873 1548 4944 prudentia
1600 4874 1848 4930 Alexium
1882 4891 2005 4933 ver-

430 4964 520 5021 bis
559 4974 891 5035 persuasum
934 4965 1158 5019 adduxit
1191 4966 1257 5018 ad
1317 4966 1695 5036 imperatorem
1732 4970 2007 5039 :impera-

432 5068 521 5114 tor
546 5055 696 5112 velut
740 5056 995 5112 rebellem
1058 5057 1375 5112 verberibus
1433 5068 1722 5129 exceptum
1764 5064 1912 5117 misit
1950 5065 2005 5120 in

427 5147 797 5221 ergastulum,
837 5156 892 5204 et
947 5163 1139 5204 omnes
1214 5148 1333 5219 ejus
1418 5146 1709 5208 facultates
1782 5156 1998 5224 publico

2109 4533 2200 4572 νον
2232 4514 2491 4587 Κρίθινον
2518 4512 2575 4565 ὲν
2600 4506 2677 4580 τῷ
2702 4507 2881 4580 καιρῷ
2917 4508 3017 4576 τῆς
3048 4505 3304 4575 διαϐολῆς
3349 4505 3595 4568 Ἀλεξίου
3634 4506 3696 4558 ἐν

2106 4611 2174 4681 τῇ
2206 4609 2361 4661 πόλει
2392 4606 2523 4659 ὄντα
2556 4602 3099 4676 προσκαλεσάμενος,
3149 4602 3245 4654 καὶ
3285 4600 3409 4662 δοὺς
3460 4600 3522 4652 τὸ
3558 4598 3697 4651 ἴδιον

2108 4702 2380 4773 φυλακτὸν
2408 4696 2724 4752 ἀπέστειλεν
2758 4698 2836 4758 είς
2868 4691 3119 4747 Σικελίαν
3141 4692 3505 4760 δοῦναι).όγον
3541 4692 3693 4745 ἁπαο

2113 4790 2259 4852 θείας
2298 4783 2544 4856 Ἀλεξίῳ,
2606 4786 2701 4840 καὶ
2732 4785 2962 4855 ἀγαγεῖν
2990 4785 3127 4856 πρὸς
3151 4783 3337 4838 αὐτόν.
3383 4779 3440 4836 ὐ
3480 4783 3540 4837 δὲ
3582 4783 3689 4836 ἀπα

2113 4866 2304 4943 ελθὼν,
2337 4879 2432 4933 κα)⁸
2454 4881 2519 4951 τῇ
2546 4876 2824 4948 προσοὺσῃ
2855 4874 3003 4945 αὐτῷ
3044 4877 3259 4929 συνέσει
3293 4874 3489 4938 πείσας
3533 4873 3689 4928 Ἀλέο

2112 4974 2225 5042 ξιον
2261 4974 2467 5043 ἢγαγεν
2513 4971 2653 5041 πρὸς
2690 4969 2783 5023 τὸν
2836 4967 3082 5040 βασιλέα.
3127 4965 3185 5021 δν
3239 4967 3269 5021 δ
3322 4966 3586 5039 βασιλεὺς
3612 4965 3689 5030 ὡς

2108 5068 2384 5140 ἀντάρτην
2413 5067 2611 5136 τύψας,
2660 5064 2816 5118 ἔθετο
2864 5066 2922 5117 ὲν
2965 5060 3348 5134 δεσμωτηρίῳ,
3400 5061 3685 5133 δημεύσας

2109 5160 2275 5216 αὐτοῦ
2306 5161 2490 5212 πᾶσαν
2511 5158 2610 5230 τὴν
2635 5156 2970 5226 περιουσίαν.
2992 5156 3105 5210 Καὶ
3125 5153 3221 5209 τοῦ
3249 5150 3520 5225 βασιλέως
3541 5152 3685 5208 κατὰ

1583 5265 1836 5324 FRANC.
1867 5271 2254 5329 COMBEFISII
2289 5270 2523 5328 ΝΟΤίΕ.

527 5386 582 5456 7)
613 5392 823 5441 Desunt
860 5386 1145 5441 nonnulla.

524 5456 581 5530 _8)
623 5457 790 5512 Paulo
822 5460 935 5512 hac
982 5457 1146 5530 latius
1168 5455 1288 5530 Leo
1325 5471 1489 5530 quam
1518 5459 1871 5530 continuator
1903 5469 1998 5515 aut

426 5527 616 5593 Cede.
648 5529 740 5601 qui
767 5529 1081 5601 tamenalia
1116 5528 1321 5583 addunt
1350 5527 1488 5601 scitu
1522 5528 1700 5601 digna
1731 5545 1745 5601 ξ
1779 5530 1857 5601 Τῇ
1888 5532 1998 5584 τῶν

432 5600 738 5671 πατρικίων
761 5599 858 5671 καὶ
884 5598 1213 5671 ἀνθυπάτων
1228 5599 1474 5671 τιμήσας
1508 5599 1637 5671 ἀξίᾳ
1666 5599 1754 5653 διὰ
1783 5598 1996 5671 τδπρὸς

429 5664 845 5735 τὴνθυγατέρα
881 5668 1069 5722 τούτου
1095 5664 1497 5739 ,φιλόστοργον
1555 5664 1745 5723 ἔπειτα
1794 5671 1849 5724 δὲ
1889 5664 1992 5741 με.

2109 5407 2330 5462 γιστρον
2372 5390 2465 5444 καὶ
2504 5389 2887 5462 Καίσαραήτδν
2911 5388 3140 5459 ἔσχατον
3169 5388 3530 5460 ἀνηγόρευσεο
3562 5388 3678 5445 Pa-

2116 5460 2262 5516 tricii
2294 5479 2355 5515 ac
2382 5460 2717 5532 proconsulis
2742 5460 3006 5532 dignitate
3042 5462 3277 5532 ornavit,
3324 5475 3422 5527 pro
3464 5463 3678 5532 impetu

2104 5533 2235 5587 εἰονὶ
2267 5532 2359 5586 illo
2384 5531 2578 5586 amore
2602 5547 2705 5602 quo
2730 5531 2900 5603 ﬁliam
2922 5531 3333 5603 prosequebatur
3356 5546 3378 5586 .°
3413 5541 3525 5588 tum
3548 5531 3676 5588 seu

2104 5604 2442 5673 magistrum,
2486 5618 2550 5656 ac
2580 5600 2790 5657 demum
2818 5600 3094 5659 Cmarem'
3116 5604 3336 5659 creavit.

3682 5757 3695 5769 ο
