3986 6232
520 268 661 335 1055

1739 266 1937 329 LEON
1945 267 2016 328 IS
2053 265 2542 329 GRAMMATICI

3613 271 3721 341 1056

521 381 731 438 invitus
761 381 807 435 ci
844 379 1138 450 adjunctus
1168 386 1273 446 est,
1298 387 1353 434 et
1381 378 1469 434 vix
1498 378 1623 435 inde
1650 389 1893 451 ereptus,
1920 380 2091 453 Dory-

2210 382 2502 448 ltaaweelc,
2571 379 2832 441 κάκεῖθεν
2895 377 3221 454 ὕπεστράφη
3276 380 3334 435 ἓν
3378 381 3452 452 τῷ
3491 385 3727 464 Δορυλαίῳ

519 477 680 531 leum
711 489 833 530 cum
864 471 1071 544 pudore
1097 482 1149 526 et
1179 472 1511 528 detrimento
1535 488 1592 528 se
1624 474 1847 545 recepit.
1880 475 2097 532 Manuel

519 584 652 623 vero
706 569 759 621 in
809 566 926 619 acie
969 564 1312 631 vulneratus,
1340 575 1394 619 et
1420 563 1586 638 454
1616 567 1939 638 aegritudine
1973 584 2098 624 cor-

521 671 726 733 reptus,
767 657 1046 729 praeclaris
1094 655 1441 713 facinoribus
1498 658 1552 712 in
1607 657 1891 729 Agarcnos
1933 661 2096 718 editis

519 760 772 808 mortuus
805 758 909 805 est.
938 749 1154 819 Corpus
1183 750 1303 820 ejus
1332 758 1679 820 asportatum
1713 751 1766 805 in
1819 762 2098 809 monaste-

520 846 604 900 rio
628 843 697 898 ab
723 857 789 898 eo
819 851 1160 907 constructo,
1196 840 1283 897 eui
1320 840 1588 896 Manuelis
1620 839 1826 897 factum
1867 858 2095 910 nomen,

516 936 749 1005 Asparis
774 934 1030 989 cisternae
1078 932 1284 996 vicino,
1336 932 1648 1002 depositum
1679 942 1761 989 est
1785 951 1801 1001 ;
1829 943 1882 990 et
1906 952 2098 992 rursus

516 1026 701 1082 Persae
733 1026 1013 1081 auxiliarii
1069 1025 1213 1095 apud
1276 1025 1663 1095 imperatorem
1710 1030 1974 1085 accusati.
2020 1028 2099 1085 Eo

519 1128 764 1189 tempore
797 1117 944 1172 ﬁlius
988 1118 1307 1188 imperatori
1354 1133 1421 1173 ex
1449 1115 1737 1175 Theodora
1784 1132 2098 1190 susceptus,

517 1228 682 1283 quem
712 1211 928 1266 vocavit
957 1210 1300 1265 Miehaclem.
1356 1210 1679 1281 Imperatori
1710 1227 1839 1266 vero
1874 1212 1943 1266 ad
1979 1212 2131 1268 Bia--

519 1306 756 1361 chernas
779 1304 1025 1374 profecto
1042 1305 1286 1359 occurrit
1309 1318 1417 1357 non
1442 1319 1627 1370 nemo,
1654 1304 1746 1374 qui
1767 1304 1837 1357 ait
1867 1323 1882 1359 :
1915 1304 2100 1375 Equus

520 1398 611 1453 cui
646 1399 937 1467 imperium
976 1405 1131 1452 tuum
1175 1396 1378 1452 insidet
1426 1412 1583 1451 meus
1616 1407 1720 1453 est.
1770 1398 1922 1467 Equo
1967 1408 2099 1456 tunc

521 1487 835 1553 exsiliente,
878 1496 932 1541 et
978 1487 1335 1556 imperatoris
1391 1503 1559 1543 manu
1608 1489 1851 1556 detento,
1897 1493 2100 1547 stabuli

522 1582 779 1636 comitem
816 1581 1173 1650 interrogavit
1197 1582 1498 1651 imperator
1530 1601 1542 1636 :
1575 1582 1748 1655 Cujus
1770 1594 1855 1642 est
1875 1587 2100 1656 equus?

524 1672 830 1744 Respondit
871 1691 885 1729 :
924 1670 1134 1744 Opsicii
1182 1688 1369 1730 comes
1395 1686 1502 1730 tua:
1533 1690 1657 1730 eum
1692 1677 1962 1747 maiestati
1997 1679 2103 1734 mi-

525 1767 618 1823 sit.
642 1766 893 1835 Cumque
926 1765 1128 1836 Opsicii
1160 1780 1346 1822 comes
1378 1766 1434 1821 in
1474 1767 1610 1823 urbe
1644 1778 1774 1825 tunc
1803 1781 2010 1841 ageret,
2037 1787 2103 1828 eo

525 1861 583 1914 in
621 1859 926 1914 crastinum
973 1859 1231 1925 adducto,
1263 1875 1374 1915 una
1406 1875 1531 1915 cum
1556 1876 1624 1931 eo
1671 1862 1764 1931 qui
1805 1865 2106 1932 proceden-

528 1960 634 2006 tem
666 1966 792 2006 eum
825 1950 1311 2030 (interpellaverat,
1357 1951 1437 2006 ait
1488 1952 1785 2023 imperator
1835 1970 1850 2007 :
1901 1953 2104 2011 Verum

525 2045 808 2116 eloquere,
851 2044 1013 2115 cujus
1041 2051 1125 2099 est
1153 2043 1368 2114 equus?
1402 2042 1495 2099 Ille
1543 2046 1893 2115 respondens
1921 2048 2102 2104 dixit:

528 2134 682 2190 Meus
710 2141 870 2191 erat:
904 2134 1233 2204 mittensque
1277 2133 1425 2198 dux,
1464 2134 1514 2189 vi
1562 2149 1713 2199 eum,
1769 2152 1947 2206 neque
1976 2137 2106 2192 dato

526 2225 730 2297 pretio,
755 2238 934 2296 neque
966 2223 1337 2283 aestimatione
1370 2223 1537 2289 facta,
1569 2225 1701 2278 mihi
1737 2226 1966 2295 eripuit.
2017 2227 2107 2282 ln-

526 2316 827 2389 terrogavit
847 2316 1106 2373 comitem
1134 2314 1435 2386 imperator
1480 2333 1493 2370 :
1531 2314 1674 2370 Num
1700 2333 1789 2372 res
1813 2318 1889 2373 ita
1918 2334 1977 2373 se
2011 2320 2110 2373 ha-

529 2411 623 2467 bet
650 2410 915 2478 edissere,
956 2417 1012 2464 et
1041 2423 1215 2479 quare
1244 2422 1356 2464 non
1387 2408 1571 2464 soluto
1602 2410 1764 2481 pretii
1786 2426 1953 2482 equo,
1981 2428 2108 2468 eum

531 2502 602 2559 ad
624 2518 712 2559 me
734 2502 979 2560 misisti?
1002 2500 1312 2573 Respondit
1330 2500 1419 2556 ille
1440 2519 1453 2555 :
1479 2500 1620 2566 Quia
1650 2503 1961 2558 scholarius
1990 2504 2109 2561 ﬁeri

531 2594 820 2665 expetebat
846 2612 861 2649 :
888 2608 992 2664 ego
1020 2609 1153 2649 vero
1173 2609 1300 2648 num
1327 2609 1632 2664 generosus
1655 2594 1796 2650 foret
1826 2596 2108 2666 ignorans,

503 2686 870 2745 .numismata
908 2694 1129 2741 centum
1164 2685 1413 2741 exhibui.
1442 2684 1534 2742 llle
1564 2701 1692 2741 vero
1724 2702 1835 2742 non
1872 2690 2109 2758 accepit.

531 2776 614 2833 Re
642 2778 950 2833 examinata
990 2786 1044 2833 et
1087 2777 1263 2847 probe
1292 2783 1549 2847 percepta
1578 2787 1638 2831 ut
1665 2793 1763 2848 per
1794 2778 1902 2834 vim
1945 2781 2112 2836 nimi-

532 2882 656 2922 rum
681 2882 860 2939 equus
891 2867 1105 2925 ablatus
1127 2866 1344 2931 fuisset.
1382 2868 1678 2936 imperator
1698 2868 1877 2940 dignis
1916 2870 2113 2927 verbe-

534 2946 907 3017 ribus-ducem
936 2960 1254 3016 emendavit
1286 2975 1301 3014 :
1339 2959 1550 3015 homini
1599 2974 1729 3015 vero
1769 2960 1836 3014 ad
1860 2976 1919 3016 se
1949 2978 2111 3018 acce-

2204 473 2320 543 μετ’
2354 473 2617 545 αἰσχύνης
2648 472 2743 527 καὶ
2782 473 2953 544 ἥττης
2980 470 3199 544 πολλῆς.
3237 473 3298 527 '0
3351 474 3409 528 δὲ
3441 478 3667 549 Μανουὴλ
3682 485 3728 537 ὲν

2198 566 2276 638 τῷ
2321 567 2542 638 πολέμῳ
2595 565 2850 640 τρωθεὶς,
2882 567 3136 636 νοσήσας,
3194 566 3541 638 ἐτελεύτησεν
3569 572 3729 639 πολλάς

2197 659 2569 729 ἀνδραγαθίας
2626 658 2767 712 κατά
2820 657 2931 711 τῶν
2993 657 3317 729 ’Δγαρηνῶν
3376 661 3731 734 ὶνστησάμενος

2200 749 2626 824 [ἐνδειξάμενος]
2668 766 2681 780 ⁸
2732 752 2793 804 τὸ
2844 750 2902 804 δὲ
2965 749 3125 821 σῶμα
3179 750 3347 804 αὑτοῦ
3409 752 3734 824 ἀποκομισθὲν

2198 845 2356 915 ἐτέθη
2390 848 2447 897 ἐν
2478 846 2543 915 τῇ
2569 845 2662 897 ὑπ’
2687 842 2855 897 αὑτοῦ
2912 842 3196 917 κτισθείσῃ
3248 845 3409 914 μονῇ,
3435 848 3498 916 τῇ
3542 848 3737 903 105M1-

2199 937 2382 1006 νουὴλ,
2438 936 2705 1005 σύνεγγυς
2757 938 2822 1006 τῇ
2877 935 3137 1006 κιστέρνῃ
3190 935 3289 988 τοῦ
3326 937 3613 1007 ’Δσπαρος.
3652 941 3737 996 Καὶ

2199 1027 2365 1091 εὐθὺς
2388 1027 2638 1080 διαϐολαὶ
2666 1026 2804 1096 πρὸς
2829 1025 2922 1078 τὸν
2957 1026 3187 1096 βασιλέα
3218 1026 3364 1080 κατά
3391 1028 3728 1103 Περσῶν(17).

2200 1118 2350 1171 Τότε·
2376 1118 2442 1187 δὴ
2476 1117 2687 1186 γίνεται
2721 1117 2801 1189 τῷ
2838 1115 3051 1186 βασιλεῖ
3102 1119 3232 1181 παῖς
3284 1118 3349 1171 ὲκ
3382 1119 3663 1191 Θεοδώρας,
3694 1124 3738 1176 ὃν

2201 1210 2562 1278 ἐπωνόμασεν
2613 1208 2859 1279 Μιχαήλ.
2912 1208 3323 1279 Ἀπερχόμενος
3383 1210 3495 1264 δὲό
3525 1213 3737 1281 βασιλεὺς

2201 1301 2260 1352 ὲν
2292 1299 2623 1370 Βλαχέρναις
2679 1300 2994 1370 ὑπήντησεν
3046 1299 3196 1370 αὐτῷ
3228 1317 3334 1366 τις,
3371 1303 3466 1354 καὶ
3491 1301 3642 1368 λέγει,
3674 1306 3740 1360 ὃτι

2203 1383 2464 1457 ’Ἱπποςῷ
2498 1391 2781 1461 ἐποχεῖται
2812 1388 2932 1461 (18)
2967 1390 3001 1460 ή
3032 1389 3286 1460 βασιλεία
3320 1406 3434 1455 σου,
3458 1392 3580 1462 ἐμός
3605 1396 3737 1451 ἐστιν.

2203 1481 2310 1543 Τοῦ
2339 1481 2396 1535 δὲ
2436 1481 2608 1534 ἵππου
2661 1480 3002 1550 σ-κιρτῶντος
3031 1480 3125 1533 καὶ
3149 1480 3248 1533 τοῦ
3300 1481 3563 1551 βασιλέως
3590 1484 3741 1539 τοῦτον

2204 1575 2593 1644 κατασχόντος,
2616 1573 2709 1627 τὸν
2740 1574 2958 1644 κόμητα
2988 1573 3224 1631 σταύλου
3259 1574 3606 1645 ἐπηρώτησεν
3626 1576 3741 1646 631-

2205 1665 2383 1729 σιλεύς
2407 1683 2422 1695 ·
2455 1664 2611 1729 Τίνος
2642 1664 2789 1718 ἐστὶν
2824 1665 2853 1716 ὁ
2890 1664 3096 1730 ἱπποςς
3127 1665 3187 1717 'U
3206 1664 3264 1718 δὲ
3308 1664 3413 1735 ἔφη
3433 1686 3448 1699 ι
3494 1667 3547 1720 ’0
3598 1669 3740 1737 κόμης

2206 1758 2299 1812 τοῦ
2328 1756 2578 1827 Ὀψικίου
2610 1756 2932 1810 ἀπέστειλεν
2970 1755 3135 1825 αὑτὸν
3159 1759 3229 1827 τῇ
3266 1755 3513 1829 βασιλείᾳ
3538 1775 3638 1813 σου.
3659 1760 3739 1813 Τοῦ

2205 1850 2263 1903 δὲ
2282 1850 2521 1921 κόμητος
2551 1848 2645 1903 τοῦ
2674 1848 2919 1918 ὐψικίου
2947 1850 3006 1901 ὲν
3029 1850 3095 1920 τῇ
3128 1848 3287 1901 πόλει
3321 1848 3567 1919 ὅντος,τῇ
3592 1848 3741 1919 αὔριον

2206 1941 2429 2010 ἀγαγὼν
2505 1942 2671 1995 αὑτὸν
2712 1944 2739 1994 ὁ
2809 1940 3089 2012 βασιλεὺς,
3140 1940 3242 1996 καὶ
3278 1940 3369 1994 τὸν
3427 1940 3739 2013 προσελθόντα

2207 2032 2379 2105 αὐτῷ,
2409 2034 2513 2105 ἔφη
2549 2052 2562 2068 ο
2589 2033 2727 2087 Εἰπὲ
2749 2036 2849 2104 τὴν
2905 2034 3172 2103 ἀλήθειαν
3205 2050 3221 2065 ο
3266 2034 3416 2096 τίνος
3467 2035 3600 2086 ἐστὶν
3620 2035 3645 2087 ό
3672 2034 3737 2086 ἰτ-

2208 2146 2340 2195 ποςς
2380 2128 2440 2183 Ὀ
2491 2127 2548 2181 δὲ
2594 2127 2919 2196 ἀποκριθεὶς
2985 2124 3172 2191 εἶπεν,
3234 2127 3319 2181 ὅτι
3360 2127 3517 2197 Ἐμδς
3551 2122 3625 2196 ἦν,
3667 2129 3737 2181 καὶ

2209 2220 2539 2281 ἀποστείλας
2556 2221 2583 2273 ό
2599 2220 2906 2290 στρατηγὸς
2922 2218 3166 2272 ἀνείλετο
3184 2220 3349 2272 αὐτὸν
3372 2219 3429 2285 ἐξ
3455 2219 3576 2287 ἐμοῦ
3590 2219 3737 2288 βιαίως

2212 2316 2349 2385 μήτε
2379 2312 2603 2383 τίμημά
2634 2328 2726 2381 μοι
2757 2312 2901 2375 δοὺς,
2935 2312 3075 2381 μήτε
3109 2311 3334 2382 ἀξίωμα
3379 2312 3609 2380 ποιήσας.
3632 2306 3736 2364 Εἴτε

2208 2405 2266 2458 δὲ
2301 2404 2436 2474 πρδς
2461 2404 2552 2457 τὸν
2576 2404 2798 2475 κόμητα
2830 2405 2857 2456 ὁ
2875 2402 3132 2473 βασιλεύς
3154 2421 3169 2435 υ
3197 2402 3358 2467 Εἰπὲ,
3397 2404 3445 2455 ει
3475 2402 3734 2471 οὗτωςὲχειο

2210 2497 2306 2552 καὶ
2338 2498 2427 2550 διά
2448 2496 2501 2551 τί
2523 2497 2598 2568 μὴ
2625 2495 2913 2566 ἀποκόψας
2940 2495 3074 2570 περὶ
3100 2496 3200 2549 τοῦ
3244 2498 3437 2561 ἵππου,
3467 2495 3735 2557 ἀπέστειλάς

2215 2608 2305 2661 μοι
2342 2590 2542 2655 αὑτόν;
2584 2589 2643 2643 '0
2670 2589 2728 2645 δὲ
2768 2589 2910 2659 ἔφη’
2954 2591 3051 2643 Οτι
3071 2589 3333 2661 ἐπεζήτει
3363 2589 3593 2657 γενέσθαι
3639 2604 3733 2657 σχον

2212 2684 2419 2754 λάριος.
2456 2681 2601 2751 Ἐγὼ
2626 2682 2791 2753 δὲςμὴ
2822 2681 2979 2745 εἰδὼς
3011 2684 3060 2735 εἱ
3086 2682 3339 2753 ἀνδρεῖός
3370 2685 3507 2747 ἐστι,
3530 2682 3734 2751 παρεῖχον

2213 2774 2365 2845 αὐτῷ
2396 2774 2594 2827 ἑκατὸν
2635 2773 2984 2844 νομίσματα’
3016 2774 3075 2825 .6
3124 2771 3186 2825 δὲ
3254 2772 3354 2826 οὐκ
3401 2772 3575 2825 ἔλαϐεν
3610 2771 3732 2825 αὑτά.

2214 2866 2327 2920 Καὶ
2362 2865 2761 2938 ὲρευνήσαντος
2789 2866 2883 2918 τοῦ
2909 2863 3206 2934 βασιλέως,
3237 2865 3332 2919 καὶ
3360 2860 3735 2934 πληροφορηθῇ

2213 2975 2305 3023 τος
2323 2958 2399 3020 ὼς
2445 2957 2636 3028 βιαίως
2659 2958 2823 3010 αὑτὸν
2851 2955 3124 3024 ἀφειλετο,
3171 2956 3269 3009 τὸν
3301 2955 3399 3027 μὲν
3428 2952 3734 3026 στρατηλάτην

534 3053 686 3108 denti
716 3067 923 3122 equum
963 3051 1226 3107 restituit.
1277 3049 1375 3106 Ille
1407 3050 1657 3122 recipere
1689 3050 2023 3119 detrectans,
2058 3054 2109 3109 in

2219 3052 2330 3113 τοῖς
2387 3051 2726 3121 προσήκουσι
2786 3049 3150 3120 μαγγλαὸίοις
3188 3049 3568 3120 ὲσωςρρόνισεψ
3602 3045 3663 3115 τῷ
3693 3044 3736 3098 δι

533 3143 657 3215 ejus
692 3144 928 3214 pretium
958 3144 1130 3200 libras
1155 3142 1295 3199 duas
1349 3145 1583 3213 accepit.
1618 3141 1734 3198 Dux
1787 3158 1917 3201 vero
1951 3146 2116 3203 indo-

536 3236 644 3291 lem
677 3236 797 3307 ejus
851 3239 1088 3305 probare
1143 3235 1357 3303 jussus,
1408 3243 1462 3288 et
1520 3235 1565 3289 si
1612 3249 1914 3304 generosus
1978 3238 2119 3296 foret

537 3327 878 3402 scholarium
908 3333 1145 3380 crearet.
1194 3324 1294 3381 llic
1336 3325 1392 3380 in
1443 3325 1647 3381 bellum
1700 3328 2000 3397 profectus,
2061 3333 2115 3387 in

537 3418 797 3475 conflictu
833 3418 981 3473 velut
1011 3417 1247 3472 imbellis
1275 3425 1332 3473 et
1381 3417 1610 3474 timidus
1648 3417 1793 3475 inter
1847 3422 2118 3493 fugientes

538 3522 810 3582 repertus,
838 3510 1058 3566 occisus
1094 3517 1201 3565 est.

611 3679 930 3751 Imperatori
959 3696 1089 3736 vero
1114 3680 1182 3736 ad
1216 3679 1369 3755 Bryze
1395 3682 1660 3754 palatium
1687 3701 1812 3742 cum
1854 3691 2119 3745 comitatu

544 3773 861 3843 procedenti
897 3774 1209 3830 nuntiatum
1239 3785 1323 3831 est
1349 3777 1417 3832 ab
1450 3776 1809 3834 Orientalium
1844 3780 1984 3837 duce
2021 3780 2123 3838 Sa-

544 3880 871 3920 racenorum
920 3865 1396 3937 protosymbulum
1434 3883 1559 3923 cum
1611 3870 1856 3926 exercitu
1908 3874 2121 3942 praeda-

541 3955 782 4010 bundum
819 3954 1000 4009 venire
1024 3964 1083 4008 ut
1111 3954 1397 4009 Amorium
1436 3964 1677 4025 caperet.
1720 3955 1815 4011 Ille
1856 3968 2120 4031 consueta

542 4047 809 4102 exercitui
835 4047 1268 4115 proeeribusque
1295 4046 1582 4116 largitione
1621 4046 1786 4112 facta,
1813 4048 1963 4103 brevi
1989 4058 2124 4104 lem-

2223 3142 2574 3211 προσελθόντι
2621 3140 2772 3211 αὐτῷ
2828 3140 3181 3212 ἀπέστρεψεν
3265 3144 3356 3195 τον
3414 3140 3581 3195 ἵππον.
3617 3137 3661 3191 ⁸0
3692 3136 3737 3190 δὲ

2220 3234 2412 3289 τοῦτον
2435 3234 2537 3287 οὐκ
2564 3233 2843 3304 ἠϐουλήθη
2864 3250 2879 3266 ’
2914 3233 3108 3289 ἐλαϐεν
3141 3234 3204 3287 δὲ
3248 3233 3388 3305 ὑπὲρ
3421 3231 3570 3286 αὐτοῦ
3594 3229 3737 3300 λίτρας

2220 3324 2333 3378 δύο.
2378 3323 2723 3396 Ὀρισθέντος
2752 3324 2809 3378 δὲ
2838 3325 2934 3379 τοῦ
2960 3324 3281 3396 στρατηγοῦ
3300 3325 3572 3394 δοκιμάσαι
3596 3321 3737 3383 αὑτὸν,

2222 3414 2379 3468 καὶεί
2408 3413 2652 3484 ἀνδρεῖός
2680 3414 2796 3468 ἐστι
2829 3415 3054 3487 ποιῆσαι
3113 3415 3286 3471 αὑτὸν
3339 3415 3616 3487 σχολάριον.
3657 3408 3736 3463 Τοῦ

2221 3506 2280 3561 δὲ
2309 3508 2387 3569 εἰς
2420 3507 2660 3577 πόλεμον
2690 3506 3043 3574 ἀπελθόντος,
3076 3509 3134 3562 ὲν
3173 3512 3248 3581 τῇ
3285 3508 3514 3580 συμϐολῇ
3536 3502 3737 3570 ὡςδειλὺς

2224 3599 2280 3654 ὲν
2297 3601 2409 3663 τοῖς
2444 3599 2740 3669 φεύγουσιν
2762 3600 3012 3671 εὑρεθεὶς
3040 3603 3396 3673 κατεσφάγη.

2295 3693 2589 3760 Γεγονότος
2630 3693 2690 3746 δὲ
2729 3692 2826 3746 τοῦ
2884 3692 3151 3763 βασιλέως
3212 3697 3293 3760 εις
3324 3694 3598 3767 πρόκενσον
3614 3691 3662 3744 ὲν
3682 3686 3740 3757 τῷ

2226 3785 2399 3856 Βρύᾳ,
2429 3781 2595 3855 ἦλθεν
2615 3784 2769 3856 αὑτῷ
2805 3786 3032 3857 μήνυμα
3067 3788 3225 3857 παρά
3254 3788 3347 3841 τοῦ
3374 3782 3647 3856 στρατηγοῦ
3663 3779 3738 3831 τῶν

2236 3874 2617 3942 Ἀνατολικῶν,
2648 3874 2723 3938 ὡς
2774 3877 2803 3929 ό
2860 3875 3361 3946 πρωτοσύμόουλος
3405 3874 3509 3946 (19)
3557 3866 3738 3937 ἐξελθὼν

2229 3968 2368 4037 μετά
2386 3968 2625 4041 πλήθους
2650 3966 3011 4038 ὲκπορθήσων
3065 3966 3372 4038 ἀπέρχεται
3420 3966 3478 4019 τὸ
3505 3963 3738 4032 Ἀμώριον.

2236 4061 2295 4114 '0
2312 4061 2368 4114 δὲ
2398 4060 2467 4115 τὰ
2494 4063 2860 4130 νενομισμένα
2890 4058 2969 4129 τῷ
3002 4074 3060 4110 τε
3088 4057 3309 4128 στρατῷ
3334 4056 3542 4117 καὶτοῖς
3562 4050 3739 4120 ἄρχουσι

544 4152 678 4209 pore
704 4153 898 4194 versus
927 4138 1337 4207 Cappadociam
1389 4139 1696 4194 contendit.
1755 4140 2109 4198 Amerumne:

2226 4154 2479 4225 ποιήσας,
2537 4151 2817 4224 συντόμως
2900 4150 3062 4221 μέχρι
3112 4148 3507 4209 Καππαδοκίας
3544 4141 3737 4212 ἐξήλατο.

544 4232 763 4287 selectis
797 4232 1034 4286 militum
1068 4240 1193 4286 octo
1220 4230 1483 4298 millibus,
1528 4230 1730 4287 Sudem
1757 4234 1898 4289 inter
1920 4235 2109 4306 Agare-

2238 4246 2298 4298 '0
2339 4244 2395 4298 δὲ
2451 4242 2810 4314 ἀμερουμνῆς
2832 4241 3188 4313 ἀποχωρίσας
3216 4242 3358 4296 ὀκτὼ
3384 4237 3603 4311 χιλιάδας
3624 4226 3738 4292 λαοῦ,

546 4336 647 4379 nos
678 4325 879 4378 virtute
931 4323 1332 4392 prudentiaque
1379 4323 1881 4381 nominatissimum
1924 4328 2109 4383 ducem

2231 4334 2324 4389 καὶ
2355 4334 2448 4387 τὸν
2480 4333 2689 4402 Σουὸὲμ
2715 4331 3158 4402 ὀνομαστότατον
3204 4332 3266 4384 ὲν
3312 4330 3422 4390 τοῖς
3478 4317 3741 4392 ’Λγσρηνοῖς

545 4417 858 4480 instituens,
887 4415 1150 4471 adversus
1176 4414 1571 4485 imperatorem
1601 4419 1885 4474 submisit.
1941 4419 2109 4475 Mani-

2230 4425 2360 4479 ὄντα
2392 4425 2485 4478 ὲπί
2521 4441 2579 4477 τε
2606 4422 2833 4495 ἀνδρεεᾳ
2848 4423 2943 4476 καὶ
2963 4423 3226 4494 φρονήσει
3248 4422 3369 4484 δοὺς
3401 4418 3567 4477 αὐτοῖς
3607 4424 3734 4477 κεφα-

546 4511 651 4568 bus
679 4512 968 4574 consertis,
998 4509 1315 4580 profligatus
1359 4510 1660 4581 imperator
1693 4510 1851 4583 fugit,
1899 4522 1954 4569 et
1998 4531 2109 4571 cun‘

2226 4521 2347 4592 λὴν,
2380 4516 2703 4572 ἀπέστειλεν
2747 4515 2892 4569 κατά
2926 4514 3022 4568 τοῦ
3057 4513 3360 4585 βασιλέωςο
3423 4504 3738 4592 συμϐαλόντων

545 4603 816 4661 dedecore
846 4604 1010 4659 rediit
1046 4620 1061 4658 :
1098 4603 1299 4673 vixque
1324 4604 1556 4661 salutem
1582 4613 1779 4661 nactus
1803 4616 1909 4662 est.
1951 4608 2109 4665 Ame-

2226 4588 2292 4667 δὲ*
2322 4612 2586 4683 πόλεμον,
2622 4608 2882 4680 ἡττηθεὶς
2908 4608 2937 4661 ό
2966 4606 3226 4677 βασιλεὺς
3251 4605 3468 4674 ἔφυγεν,
3526 4598 3608 4653 καὶ
3654 4588 3738 4662 μετ’

548 4712 775 4755 rumnes
804 4713 935 4755 vero
962 4698 1165 4754 virtute
1196 4698 1371 4753 multa
1405 4697 1663 4769 stipatus,
1697 4699 1850 4763 abiit.
1875 4709 1931 4755 et
1958 4701 2109 4757 Amo'

2224 4702 2486 4774 αἰσχύνης
2520 4698 2882 4771 ὑπέστρεψεν.
2925 4697 3077 4767 μόλις
3105 4694 3424 4757 διασωθείς·
3459 4693 3485 4745 ό
3531 4689 3581 4742 δὶ
3627 4684 3728 4752 ἀμε-

546 4790 691 4845 rium
722 4791 957 4858 obsedit,
1008 4790 1287 4861 variisque
1335 4790 1732 4846 certaminibus
1771 4790 1934 4847 editis
1983 4792 2109 4849 obti-

2232 4795 2472 4868 ρουρνῆς
2500 4790 2755 4847 ἀπελθὼν
2790 4792 2933 4864 μετά
2973 4789 3262 4859 δυνάμεως
3313 4784 3523 4854 πολλῆς,
3567 4788 3734 4868 περιχσ·

550 4896 680 4936 nere
729 4896 839 4936 non
894 4882 1094 4952 potuit,
1139 4881 1355 4938 fortiter
1400 4891 1454 4938 et
1483 4898 1749 4953 generose
1794 4883 2010 4941 civibus
2066 4886 2109 4942 ir

2233 4864 2495 4962 ρακώσας
2527 4885 2589 4939 τὸ
2614 4883 2912 4956 ’Δμὼριον,
2960 4881 3056 4938 καὶ
3083 4880 3358 4951 πολέμους
3385 4873 3592 4933 πολλοὺς
3615 4864 3732 4962 ﬁeri]:

550 4974 844 5030 adversum
896 4949 1297 5045 praeliantibus.
1356 4949 1674 5048 Philosophi
1728 4992 1859 5033 vero
1925 4977 2109 5033 Leoni:

2235 4949 2355 5044 σας,
2412 4949 2517 5032 οὐκ
2557 4949 2942 5048 ἴσχυσεν-αὐτὸ
2989 4949 3350 5045 ὲκπορθῆσαι,
3387 4962 3624 5036 γενναίως

549 5066 853 5136 discipulus
887 5038 1109 5137 quidam
1152 5067 1207 5121 in
1263 5076 1446 5122 castro
1495 5038 1751 5123 habitans
1802 5068 2102 5125 Amcrumn

2236 5038 2519 5142 σταθερῶς
2551 5038 2969 5138 ἁγιονιζομένων
3011 5038 3148 5121 τῶν*
3188 5038 3415 5119 ἔνδοθεν.
3450 5047 3672 5142 Μαθητῂξ
3693 5038 3731 5093 δέ

549 5134 808 5219 recedere
839 5134 1058 5229 volenti,
1093 5158 1379 5231 cujusdam
1407 5176 1529 5233 ope,
1562 5178 1661 5217 ccu
1692 5161 2004 5232 astrologia:
2029 5180 2096 5234 pe

2232 5183 2317 5229 τις
2348 5134 2573 5227 Λέοντος
2601 5134 2700 5216 τοῦ
2730 5134 3025 5230 φιλοσόφου
3053 5150 3123 5230 ἦν
3150 5158 3211 5211 ἓν
3242 5154 3319 5224 τῷ
3336 5152 3543 5219 κάστρῳ
3562 5134 3733 5205 xui-pm”

1726 5256 1976 5316 FRANC.
2009 5258 2403 5317 COMBEFISII
2439 5256 2683 5314 NOTAE.

623 5356 736 5431 (l7)
796 5354 904 5424 Qui
955 5353 1225 5431 nimirum
1256 5353 1454 5431 _ip_sum
1498 5353 1769 5431 Arabibus
1818 5352 2123 5431 voluissent
2232 5356 2382 5410 tione
2466 5353 2736 5431 adversus
2761 5347 3091 5431 __Amorium
3164 5344 3364 5431 adhuc“
3401 5334 3730 5431 εριξιξς-ςξξῖξοξξέ

548 5400 904 5509 metata}:
925 5400 1460 5509 είίέίῆιῑιῐεξζριίδιῑιῶ
1496 5400 2123 5494 ῑςςιῑξίῑεξςελῑῑβῑεε
2231 5400 2734 5509 summa;
2757 5400 3193 5509 :rissispgat;
3213 5400 3628 5509 illatua-cium;
3651 5400 3728 5448 ma

552 5487 713 5566 cere;
745 5487 823 5555 uti
856 5499 1045 5554 multis
1076 5487 1451 5553 conti'nuator.
1482 5565 1485 5566 ν
1856 5565 1861 5566 ί
1943 5487 1961 5494 ’
2231 5487 2335 5553 iste
2364 5487 2730 5566 alius.'atqtte
2751 5487 2942 5566 junior
2970 5488 3189 5545 Mauuel
3224 5487 3447 5566 exsistit.

628 5565 743 5641 (l8)
773 5568 1071 5641 Hancequi
1106 5567 1271 5622 ablati
1295 5565 1582 5623 historiam
1607 5566 1767 5635 longe
1796 5565 1955 5620 aliter
1988 5579 2125 5641 con-

556 5635 804 5695 tinuator
836 5654 902 5695 ac
921 5635 1204 5696 Cedrenus
1246 5646 1473 5693 narrant
1507 5656 1522 5693 :
1550 5651 1853 5705 eorumque
1882 5650 2009 5691 vero
2050 5635 2126 5691 si-

558 5704 740 5762 milior
788 5711 1047 5765 narratio.
1104 5707 1408 5765 Manuelem
1465 5707 1517 5763 in
1582 5704 1869 5763 Persarum
1906 5707 2126 5777 expedi-

2305 5538 2354 5639 ῖι
2566 5538 2809 5634 Hilarii;
2821 5538 3728 5639 U'inseTawu-teruinnes3sttpigmfﬂl°

2237 5610 3299 5702 Arl'iidiﬁ"aalj'§£'véfu'{inﬁdam,
3331 5610 3405 5678 sic
3436 5610 3700 5686 appellatur-
