3986 6232
358 301 498 368 1057

1659 305 2334 368 CHRONOGRAPHIA;

3491 309 3624 375 1058

355 412 615 485 ληθέντος
687 411 1047 487 ὑποχωρῆσαι
1111 418 1205 471 τοῦ
1290 415 1634 487 άμερουμνῆ,
1669 414 1756 468 διά
1791 431 1935 479 τινος

2042 416 2181 472 ritus
2209 416 2536 487 significavit
2569 435 2581 470 :
2610 412 2669 471 Si
2700 415 2819 471 dies
2857 425 3065 474 tantum
3087 414 3235 475 duos
3257 419 3324 475 ad
3370 433 3615 478 castrum

350 506 629 576 ἐμήνυσεν
661 506 689 558 6
722 505 887 569 αὐτὸς
910 508 1265 580 ἀστρονόμος,
1297 510 1378 562 ὅτι
1410 508 1469 561 Et
1510 507 1936 577 προσκαρτερή-

354 615 470 661 σεις
497 596 575 667 τῷ
601 597 824 670 κάστρῳ
851 600 944 653 δύο
974 600 1207 673 ἡμέρας,
1251 601 1614 671 ἑκπορθὴσεις
1668 600 1842 670 ἡμᾶς.
1860 583 1942 652 ’Ὃ

356 688 453 741 καὶ
499 689 746 758 γέγονεν.
766 691 1045 763 Προεδόθη
1084 694 1195 766 γὰρ
1223 695 1328 749 ὑπό
1374 711 1435 747 τε
1485 693 1580 747 τοῦ
1644 694 1941 765 λεγομένου

354 780 605 852 Βοῖδίτζη
634 782 732 836 καὶ
769 783 864 836 τοῦ
887 785 1287 855 Μανικοφάγου
1322 784 1457 857 (2)).
1514 785 1942 856 Κατεσχέθησαν

349 872 409 927 δὲ
468 873 579 925 τῶν
637 875 958 943 ὀνομαστῶν
1031 877 1225 947 ἄνδρες
1294 878 1395 931 οὐκ
1454 878 1704 947 ἀγεννεῖς
1773 877 1942 930 ἀπελ-

352 964 541 1028 θόντες
565 966 626 1017 ὲν
656 966 828 1035 Συρίᾳ
856 966 1220 1037 αἰχμάλωτοι,
1266 968 1532 1038 Θεόφιλος
1567 972 1594 1023 6
1627 973 1937 1041 πατρίκιος,

352 1056 453 1110 καὶ
483 1059 808 1127 στρατηγοὶ,
836 1059 864 1112 ὅ
891 1076 951 1111 τε
982 1060 1344 1131 Μελισσηνὺς,
1390 1063 1483 1114 καὶ
1514 1063 1542 1114 6
1563 1063 1769 1126 ’Δέτιος
1803 1064 1938 1135 121),

356 1149 452 1202 καὶ
469 1147 743 1219 Θεόδωρος
764 1151 1280 1222 πρωτοσπαθάριος,
1304 1154 1332 1206 ὁ
1356 1154 1402 1207 Κ
1415 1170 1539 1222 ρατε
1551 1153 1661 1224 ρὸς,
1680 1157 1773 1208 καὶ
1790 1156 1940 1210 Κάλ-

356 1239 539 1302 λιστος
566 1240 951 1311 τουρμάρχης,
979 1243 1076 1295 καὶ
1105 1242 1375 1313 Κύριλλος
1401 1244 1516 1316 (22)
1554 1246 1939 1318 δρουγγάριος,

357 1328 453 1381 καὶ
479 1329 752 1399 Βασσόης,
776 1332 869 1383 καί
892 1349 1039 1395 τινες
1077 1332 1338 1405 ἄρχοντες
1367 1335 1477 1388 τῶν
1505 1336 1801 1405 ταγμάτων
1828 1353 1840 1367 ’
1890 1338 1941 1391 οἳ

354 1419 509 1489 παρᾶ
536 1420 631 1473 τοῦ
662 1422 1167 1492 πρωτοσυμὸούλου
1198 1425 1647 1493 άναγκασθέντες
1696 1428 1943 1499 ἀρνήσα-
1980 1444 1987 1449 ’

363 1510 493 1565 σθαι
519 1513 619 1579 τὴν
647 1513 829 1567 αὐτῶν
855 1515 1057 1577 πίστιν,
1112 1516 1208 1570 καὶ
1264 1517 1459 1571 τούτου
1498 1520 1572 1590 μὴ
1623 1520 1941 1587 πεισθέντος

355 1599 499 1668 ξίφει
527 1601 625 1662 τὰς
661 1603 874 1657 ἑαυτῶν
904 1605 1149 1673 κεφαλὰς
1181 1606 1602 1678 ἀπετμήθησαν,
1632 1610 1753 1663 ἀντὶ
1773 1627 1943 1681 προσ-

354 1692 553 1765 καίρου
585 1694 730 1763 ζωῆς
763 1694 863 1766 τὴν
923 1694 1145 1751 αἰώνιον
1194 1697 1600 1769 ἀγαπήσαντες.
1645 1701 1704 1755 '0
1730 1701 1788 1755 δὲ
1841 1702 1941 1772 τὴν

2048 510 2345 566 stationem
2375 510 2656 575 habueris,
2692 509 2970 566 obtinebis
3009 525 3108 565 nos
3133 527 3149 577 ;
3176 512 3322 581 quod
3350 520 3404 567 et
3438 517 3618 570 conti-

2046 602 2143 672 git.
2202 603 2245 655 Δ
2281 600 2534 656 Boiditze
2590 603 2793 674 quippe
2854 612 3070 670 vocato,
3122 613 3176 657 et
3226 593 3626 679 Manicophago

2044 693 2324 765 proditum
2357 706 2460 751 est.
2492 695 2646 766 Capti
2678 704 2809 750 sunt
2840 697 3005 751 etiam
3030 698 3277 750 virorum
3311 699 3627 753 nominato-

2043 802 2167 841 rum
2202 796 2256 842 et
2281 802 2389 842 non
2418 787 2739 857 ignobilium
2763 787 3004 857 plurimi,
3031 795 3084 841 et
3124 787 3178 841 in
3223 786 3435 858 Syriam
3465 787 3628 860 5.55

1982 886 1989 891 '
2042 878 2268 934 abducti
2303 879 2526 949 captivi,
2559 877 2899 948 Theophilus
2941 879 3207 948 patricius
3229 890 3281 934 et
3310 880 3477 936 duces
3511 881 3626 947 isti,

2041 968 2391 1037 Melissenus,
2422 970 2630 1035 Actius,
2656 969 2980 1026 Theodorus
3003 973 3505 1041 protospatharius,
3533 974 3625 1043 qui

2042 1073 2111 1118 et'
2133 1063 2417 1129 Craterus,
2449 1063 2711 1120 Callistus
2752 1065 3095 1131 turmarcha,
3129 1064 3365 1136 Cyrilius
3387 1068 3628 1137 drunga—

2045 1154 2184 1219 rius,
2219 1164 2267 1207 et
2300 1153 2556 1216 Bassoes,
2593 1164 2645 1208 et
2672 1155 2897 1224 quidam
2938 1156 3218 1225 agminum
3253 1171 3505 1225 proceres
3532 1156 3627 1229 qui

2043 1261 2070 1300 a
2105 1246 2521 1317 protosymbulo
2552 1247 2841 1300 tormentis
2881 1246 3085 1309 adacti,
3138 1255 3200 1301 ut
3251 1246 3410 1302 fidem
3459 1264 3628 1319 nega-

2041 1350 2189 1403 rent,
2239 1339 2345 1408 ipsi
2373 1353 2580 1393 morem
2640 1353 2747 1392 non
2781 1348 3053 1409 gerentes,
3114 1339 3297 1410 gladio
3353 1340 3627 1409 capitibus

2042 1431 2257 1503 prmcisi
2291 1441 2441 1496 sunt,
2473 1431 2600 1486 vitae
2627 1432 2947 1501 temporalis
2978 1432 3095 1487 vice
3126 1443 3385 1488 :eternam
3416 1449 3617 1490 conse-

2043 1522 2177 1577 cuti.
2227 1521 2540 1592 Discipulus
2571 1531 2752 1576 autem
2789 1521 2990 1575 Leonis
3032 1521 3352 1592 Philosophi
3393 1524 3626 1579 salutem

2044 1615 2450 1671 honestissimae
2478 1624 2691 1684 turpem
2726 1614 3052 1685 praeferens,
3086 1631 3210 1670 cum
3238 1616 3304 1670 ad
3332 1615 3627 1670 Amerum-

2044 1724 2168 1764 nem
2195 1709 2525 1768 transiisset.
2555 1709 2624 1762 ab
2656 1722 2722 1762 eo
2744 1707 2811 1762 de
2835 1707 3069 1762 scientia
3099 1723 3197 1761 sua
3228 1708 3622 1780 interrogatus.

357 1788 595 1858 αἰσχρὰν
628 1789 908 1861 σωτηρίαν
940 1788 1040 1860 τῆς
1094 1791 1389 1860 καλλίστης
1444 1794 1935 1866 ἀνταλλαξάμενοῖε

2047 1799 2249 1856 Leonis
2285 1801 2613 1869 discipulum
2652 1814 2772 1854 esse
2805 1797 3086 1869 professus
3112 1809 3215 1854 est.
3249 1802 3618 1859 Amerumnes

355 1880 385 1932 6
417 1879 515 1934 τοῦ
556 1880 855 1949 Φιλοσόφου
913 1881 1144 1948 Λέοντος
1199 1884 1449 1956 μαθητὴς
1505 1888 1802 1957 προσρυεὶς
1863 1886 1943 1958 τῷ

364 1971 713 2041 ἁμερουμνῇ,
778 1972 1028 2043 ὲρωτήθη
1055 1973 1185 2041 παρ’
1216 1974 1383 2028 αὐτοῦ
1434 1977 1562 2047 περὶ
1587 1977 1688 2047 τῆς
1717 1977 1945 2048 ἐπιστή-

357 2080 467 2132 μης
497 2063 684 2118 αὐτοῦ.
749 2063 808 2117 '0
837 2064 893 2117 δὲ
918 2060 1069 2119 εἶπεν
1093 2064 1342 2137 μαθητὴν
1390 2061 1530 2120 εἶναι
1577 2068 1673 2122 τοῦ
1729 2069 1948 2124 Φιλοσό-

355 2171 458 2222 φου
483 2154 727 2218 Λέοντος.
756 2147 924 2218 Οὗτός
945 2172 1005 2208 τε
1029 2156 1177 2219 ὅστις
1203 2157 1230 2209 6
1259 2156 1433 2221 Λέων,
1465 2159 1559 2211 καὶ
1593 2160 1780 2212 ὁποῖον
1846 2161 1944 2213 αὐ-

353 2245 449 2299 τὸν
472 2246 739 2317 ἐπεθύμει
777 2247 929 2300 ίδεῖν.
957 2246 1070 2300 Kal.
1094 2247 1157 2319 δή
1188 2265 1310 2302 τινα
1334 2247 1486 2321 [τινι]
1517 2249 1625 2303 τῶν
1652 2252 1939 2320 αἰχμαλώ-

351 2354 465 2391 των
526 2337 653 2401 δοὺς
712 2337 1028 2408 γράμματα
1081 2337 1221 2409 πρὸς
1264 2339 1474 2394 Λέοντα
1530 2341 1621 2395 τὸν
1644 2342 1940 2413 Φιλόσοφον

350 2426 676 2480 ἀπέστειλεν
751 2430 810 2482 ἐν
871 2428 1490 2493 Κωνσταντινουπόλει,
1568 2432 1939 2504 ὑποσχόμενος

353 2517 532 2589 αὐτῷ,
557 2520 640 2572 ὅτι
667 2521 714 2572 εί
732 2520 946 2585 ἐξέλθοι
973 2522 1071 2576 ἀπ’
1095 2521 1234 2595 [ἐπ’]
1262 2524 1493 2588 ἐκεῖνον,
1512 2523 1675 2578 αὐτὸν
1692 2520 1830 2579 εἷναι
1880 2528 1938 2579 ὲν

351 2612 508 2680 τιμῇ.
546 2610 619 2665 Ὃ
649 2610 705 2664 δὲ
739 2612 893 2666 Λέων
920 2613 988 2667 τὰ
1011 2614 1313 2685 γράμματα
1365 2614 1678 2679 ἀπολαϐὼν,
1712 2618 1807 2670 καὶ
1839 2635 1935 2688 φο-

348 2700 542 2772 ϐηθεὶς
576 2703 651 2774 μή
690 2720 808 2768 πως
835 2704 1171 2778 διαγνωσθῇ,
1196 2707 1477 2776 ἀνήγαγεν
1522 2706 1665 2761 αὐτὰ
1690 2706 1938 2780 Θεοφίλῳ

2045 1882 2170 1961 quis
2196 1898 2250 1944 et
2278 1890 2456 1959 qualis
2483 1898 2630 1944 esset
2657 1889 2759 1944 iste
2785 1887 2895 1943 Leo
2924 1890 3154 1959 probare
3171 1891 3421 1959 cupiens,
3456 1892 3628 1962 capti-

2043 1999 2236 2038 vorum
2271 1998 2380 2037 non
2411 1982 2617 2037 nemini
2650 1981 2797 2037 datis
2824 1981 3044 2046 litteris,
3079 1980 3145 2035 ad
3177 1980 3411 2037 Leonem
3440 1980 3629 2040 Philo-

2044 2073 2278 2144 sophum
2309 2071 2843 2140 Constantinopolim
2878 2070 3047 2134 misit,
3075 2072 3374 2141 pollicitus,
3404 2073 3450 2127 si
3478 2073 3627 2129 veni-

2045 2174 2150 2228 ret,
2184 2165 2239 2219 in
2270 2165 2479 2220 honore
2523 2163 2791 2218 futurum.
2853 2164 3109 2233 Acceptis
3149 2164 3367 2229 litteris,
3415 2165 3626 2221 veritus

2045 2255 2156 2311 Leo
2184 2272 2251 2311 ne
2278 2257 2718 2326 dignosceretur,
2743 2254 3048 2324 TheOphilo
3074 2254 3392 2324 imperatori
3421 2265 3625 2310 cuncta

2046 2346 2264 2401 detulit.
2317 2346 2675 2417 Theophilus,
2705 2345 2824 2414 eius
2873 2345 3057 2416 agnita
3086 2345 3334 2410 scientia,
3369 2354 3624 2401 vocatum

2048 2437 2285 2492 detinuit
2322 2439 2375 2492 in
2439 2437 2749 2509 Magnaurte
2802 2437 3026 2507 palatio,
3078 2437 3311 2491 dacendi
3368 2436 3627 2493 facultate

2047 2530 2442 2601 discipulisque
2473 2539 2530 2586 et
2553 2530 2768 2586 cunctis
2805 2529 3133 2584 necessariis
3158 2529 3224 2583 ad
3260 2529 3624 2585 ministerium

2045 2623 2331 2688 exhibitis,
2367 2623 2458 2695 qui
2483 2622 2742 2692 deinceps
2783 2621 3132 2691 metropolita
3165 2618 3627 2677 Thessalonicen-

2046 2712 2122 2767 sis
2149 2713 2379 2769 exstitit.

349 2791 429 2863 τῷ
453 2793 681 2863 βασιλεῖ·
726 2796 784 2849 ὐ
834 2795 892 2848 δὲ
948 2799 1111 2865 γνοὺς
1157 2797 1231 2852 τὰ
1269 2799 1370 2868 τῆς
1432 2798 1600 2852 αὑτοῦ
1657 2800 1993 2872 ἐπιστήμης,
2037 2805 2485 2875 προσλαϐόμενος
2538 2803 2703 2859 αὑτὸν
2760 2798 2906 2874 εἶχεν
2964 2804 3023 2859 ὲν
3077 2802 3157 2874 τῷ
3188 2801 3457 2873 Ιπαλατίῳ
3518 2806 3622 2876 τῆς

350 2886 708 2958 Μαγναύρας.
744 2889 1023 2959 παραδοὺς
1050 2888 1200 2971 αὐτῷ
1222 2889 1497 2944 διδάσκειν
1524 2891 1623 2945 καὶ
1658 2890 1930 2962 μαθητὰς,
1972 2897 2229 2968 παρέχων
2258 2896 2407 2968 αὐτῷ
2432 2899 2500 2951 τά
2562 2896 2699 2968 πρὸς
2763 2896 3072 2967 ὑπηρεσίαν
3154 2896 3390 2963 ἅπαντα,
3431 2895 3490 2960 ὃς
3530 2898 3626 2951 καὶ

290 3034 297 3042 ,
353 2979 756 3051 μητροπολίτης
780 2981 837 3032 ὲν
872 2980 1244 3051 Θεσσαλονίκῃ
1273 2980 1520 3049 γέγονεν.

467 3072 510 3126 0
538 3071 596 3125 δὲ
617 3071 778 3135 αὐτὸς
801 3071 1056 3142 βασιλεὺς
1088 3072 1180 3126 16v
1216 3075 1507 3143 τρίκογχον
1536 3074 1594 3127 ἐν
1631 3074 1711 3146 τῷ
1752 3076 1925 3130 παλα-

2104 3074 2249 3130 Idem
2283 3074 2580 3144 imperator
2611 3072 2954 3128 triconchum
2988 3073 3042 3126 in
3094 3070 3319 3140 palatio,
3373 3079 3426 3125 et
3473 3072 3622 3141 quod

348 3165 474 3235 τίῳ,
505 3164 601 3217 καὶ
636 3162 698 3216 16
749 3163 1043 3233 λεγόμενον
1098 3165 1307 3235 ⁵Σίγειαη
1363 3166 1459 3219 καὶ
1488 3165 1588 3228 τὰς
1618 3166 1937 3239 άναϐάθρας

348 3256 482 3312 ἔνθα
504 3259 552 3310 οἱ
584 3256 749 3325 δῆμοι
789 3256 1059 3321 ἵστανται,
1091 3256 1320 3327 στήσας,
1363 3257 1459 3311 καὶ
1488 3256 1686 3327 φιάλην
1709 3259 1767 3311 ἑν
1852 3258 1939 3326 γί-

347 3364 503 3402 νεται
526 3347 596 3399 τὸ
633 3345 1056 3416 Σαξιμοδὲξιμον
1090 3345 1204 3416 (25)
1248 3346 1567 3416 λεγόμενον,
1611 3345 1721 3399 τῶν
1752 3347 1936 3401 ἵππων

348 3438 678 3510 ἀμφοτέρων
735 3436 844 3490 τῶν
897 3438 1079 3509 μερῶν
1121 3438 1488 3509 διερχομένων
1548 3438 1690 3509 μετὰ
1717 3440 1935 3511 χρυσῶν

350 3532 728 3603 σαγισμάτων.
798 3530 935 3583 Ὑπὸ
986 3530 1047 3583 δὲ
1094 3531 1189 3583 16v
1239 3530 1540 3601 τρίκογχον
1572 3531 1818 3585 κάτωθεν
1849 3531 1937 3585 διὰ

352 3622 603 3693 μηχανῆς
632 3621 889 3692 ἐποίησεν
920 3620 979 3673 16
1011 3620 1306 3694 λεγόμενον
1343 3621 1662 3691 μυστήριον,
1717 3623 1775 3675 ὲν
1808 3614 1853 3690 ᾧ
1878 3623 1934 3673 ἐν

348 3717 418 3785 τῇ
445 3716 543 3785 μιᾷ
558 3714 752 3785 γωνίᾳ,
770 3713 799 3767 ὃ
818 3713 913 3766 ἐὰν
936 3712 1066 3785 εἴπῃ
1089 3729 1195 3777 τις,
1224 3711 1542 3776 ἐξακούεται
1567 3715 1624 3766 ὲν
1650 3715 1718 3783 τῇ
1747 3714 1929 3784 ἑτέρᾳ.

352 3804 559 3859 Μαθὼν
587 3805 642 3858 δὲ
675 3804 838 3868 αὐτὸς
870 3803 1127 3872 Θεόφιλος
1155 3803 1239 3858 ὃτι
1268 3802 1552 3872 Θεοφάνης
1583 3803 1813 3874 ποιητὴς
1836 3804 1933 3856 καὶ

350 3896 620 3966 Θεόδωρος
652 3898 681 3950 ὁ
705 3896 935 3964 ἁδελφὸς
971 3894 1162 3959 αὐτοῦ,
1189 3894 1311 3948 καθ’
1337 3894 1567 3958 ἑαυτοὺς
1610 3894 1814 3959 ζῶντες
1833 3894 1934 3966 τὴν

346 3988 601 4043 ἀσέϐειαν
640 3985 807 4040 αὑτοῦ
837 3985 1192 4058 κωμῳδοῦσιν
1223 3987 1316 4041 καὶ
1347 3986 1721 4055 διελέγχουσιν
1741 4024 1755 4049 ,
1798 3986 1934 4039 dmo-

348 4078 564 4143 στείλας
598 4078 715 4150 μετ’
736 4080 904 4149 ὀργῆς
929 4080 1137 4150 ἢγαγεν
1161 4079 1359 4142 αὐτοὺς
1386 4076 1523 4142 πρὸς
1555 4076 1740 4139 αὐτὸν,
1761 4074 1932 4129 εἰπὼν

345 4173 506 4226 τάδε’
544 4172 714 4226 Πόθεν
753 4171 916 4237 ὲστέ;
958 4173 1020 4225 Οἱ
1055 4171 1112 4224 δὲ
1146 4166 1300 4224 εἷπον
1324 4186 1337 4201 ⁸
1390 4169 1596 4235 Πόθεν;
1632 4169 1696 4221 ὲκ
1725 4168 1932 4223 Halat--

349 4264 557 4334 στίνης.
597 4264 656 4317 '0
680 4264 738 4318 δὲ
774 4264 1067 4336 ἀλητὴριος
1093 4280 1107 4294 ⁸
1141 4263 1252 4316 Καὶ
1286 4262 1374 4316 διὰ
1430 4262 1482 4315 τί
1516 4262 1614 4332 τὴν
1642 4262 1746 4332 γῆν
1779 4261 1930 4331 ὑμῶν

347 4355 604 4423 ἀφέντες,
631 4358 723 4409 καὶ
763 4358 844 4420 είς
872 4354 970 4426 τὴν
998 4355 1277 4427 ἡμετέραν
1337 4353 1584 4418 ἐλθόντες
1617 4355 1677 4406 οὺ
1703 4356 1930 4425 πειθαρ-

2040 3166 2244 3222 dicitur
2267 3164 2472 3237 Sigma,
2506 3165 2841 3236 gradusque,
2883 3165 3084 3236 quibus
3134 3164 3402 3221 factiones
3442 3167 3626 3221 consi-
3674 3209 3679 3214 .

2040 3267 2213 3324 stunt,
2252 3270 2304 3313 et
2326 3257 2533 3313 fontem
2568 3258 2873 3324 aedificavit,
2919 3273 3028 3328 quo
3057 3257 3335 3328 peragitur
3363 3256 3616 3312 Saxlmo-

2038 3351 2316 3406 deximum
2391 3349 2622 3416 dictum,
2667 3348 2957 3418 utriusque
3008 3348 3182 3420 partis
3228 3348 3387 3419 cquis
3438 3349 3622 3405 aureis

2037 3443 2295 3515 stragulis
2319 3441 2629 3507 instructis,
2677 3450 2731 3496 ct
2775 3424 3307 3512 pertranseuntibus.
3365 3440 3481 3497 Sub
3521 3442 3623 3495 tri-

2038 3534 2251 3590 eoncho
2277 3548 2407 3588 vero
2441 3547 2508 3587 ex
2543 3532 2797 3587 machina
2844 3541 3115 3587 secretum
3150 3531 3247 3601 (ita
3274 3529 3490 3597 vocant)
3523 3545 3623 3598 po-

2036 3626 2167 3691 suit,
2210 3627 2264 3680 in
2306 3627 2466 3693 cuius
2500 3626 2701 3695 angulo
2732 3625 2930 3696 quovis
2969 3623 3236 3694 quidquid
3274 3623 3471 3678 dixerit
3523 3623 3625 3675 ali-

2035 3712 2178 3782 quis,
2211 3711 2266 3765 in
2298 3711 2475 3765 altero
2504 3711 2815 3765 exauditur.
2881 3709 3220 3779 Theophilus
3268 3718 3450 3765 autem
3494 3725 3619 3764 cum

2033 3804 2312 3859 didicisset
2346 3802 2733 3873 Theophanem
2766 3811 2983 3871 poetam
3019 3810 3074 3856 et
3101 3800 3453 3855 Theodorum
3495 3800 3619 3869 ejus

2036 3893 2259 3951 fratrem
2315 3896 2490 3965 ipsius
2549 3888 2887 3963 impietatem
2949 3891 3247 3961 suggillare
3270 3898 3323 3945 et
3369 3904 3620 3960 arguere,

2033 3986 2253 4041 mittens
2275 3999 2396 4038 cum
2425 3983 2608 4038 furore
2638 3996 2732 4037 eos
2755 3981 2820 4035 ad
2843 3995 2902 4035 se
2923 3979 3218 4035 accersivit
3249 3979 3472 4033 dicens:
3506 3976 3621 4032 Un-

2032 4077 2230 4133 denam
2257 4076 2442 4131 estis?
2498 4074 2755 4129 Dixerunt
2814 4073 2913 4127 illi.
2962 4070 3166 4126 Unde?
3209 4085 3274 4126 ex
3308 4070 3618 4126 Palaestina.

2033 4171 2309 4225 Scelestus
2340 4177 2520 4223 autem
2554 4184 2569 4225 :
2627 4166 2803 4234 Quam
2839 4167 2908 4221 ob
2954 4180 3178 4221 causam
3219 4164 3392 4235 patria
3440 4171 3619 4219 vestra

2031 4263 2269 4328 deserta,
2313 4262 2366 4316 in
2398 4261 2661 4315 ditionem
2725 4268 2972 4313 nostram
3016 4257 3296 4312 venientes
3329 4270 3437 4310 non
3488 4256 3619 4310 obc-

2032 4356 2159 4410 ditis
2202 4355 2430 4424 imperio
2497 4353 2730 4408 nostro?
2781 4350 2895 4405 illis
2951 4349 3086 4404 nihil
3141 4347 3617 4419 respondentibus,

347 4450 498 4517 χεῖτε
530 4449 595 4518 τῇ
624 4447 870 4519 βασιλείᾳ
1132 4447 1254 4500 Τῶν
1288 4447 1344 4499 δὲ
1396 4446 1565 4517 μηδὲν
1592 4424 1921 4517 ἀποκριθέν-

2041 4446 2193 4511 iussit
2221 4460 2409 4500 eorum
2445 4442 2613 4500 facies
2639 4443 2773 4498 dure
2810 4441 3045 4513 percuti.
3072 4440 3332 4510 Deinceps
3361 4453 3489 4494 vero
3514 4438 3621 4492 cis-

343 4555 477 4605 των,
511 4539 812 4610 ἐπέτρεψεν
842 4538 1103 4594 παίεσθαι
1131 4537 1232 4602 τὰς
1260 4538 1414 4607 ὄψεις
1452 4537 1633 4591 αὐτῶν
1655 4537 1919 4607 σφοδρῶς.

347 4624 484 4684 Εἶτα
511 4630 650 4699 μετὰ
681 4631 842 4686 τοῦτο
874 4629 1243 4702 βουνευρὴσας
1291 4630 1490 4692 αὐτοὺς
1539 4631 1732 4701 μέχρις
1762 4628 1926 4682 αὐτοῦ

344 4721 442 4774 τοῦ
470 4722 706 4776 θανάτου
734 4722 875 4792 μετὰ
901 4721 1100 4792 θυμοῦ,
1131 4720 1319 4793 [μετὰ]
1368 4721 1629 4793 τραχείας
1687 4720 1788 4791 τῆς
1817 4738 1931 4790 φω-

346 4812 445 4883 νῆς
481 4814 619 4885 πρὸς
660 4814 754 4868 16v
801 4813 1048 4885 ὕπαρχον
1104 4813 1245 4883 ἔφη’
1281 4808 1452 4883 Ἀρον
1508 4812 1706 4876 αὐτοὺς
1741 4815 1820 4875 εἰς
1868 4812 1930 4866 16

2033 4540 2155 4594 dem
2207 4536 2275 4592 ad
2307 4545 2538 4593 mortem
2578 4537 2749 4593 ferme
2802 4536 2982 4591 nervis
3034 4534 3254 4589 bubulis
3286 4547 3385 4603 per
3415 4547 3619 4603 corpus

2035 4631 2215 4692 caesis,
2278 4646 2403 4686 cum
2460 4631 2647 4686 furore
2685 4640 2740 4684 et
2792 4634 2985 4697 aspera
3024 4640 3158 4680 voce
3212 4626 3354 4680 dixit
3380 4626 3445 4680 ad
3482 4640 3618 4695 prae-

2038 4721 2235 4778 fectum
2274 4740 2288 4775 :
2348 4720 2500 4775 Tolle
2520 4720 2656 4774 istos
2695 4717 2750 4771 in
2779 4714 3116 4785 praetorium,
3146 4723 3199 4768 et
3227 4728 3421 4768 versus
3455 4715 3618 4767 hosce

2040 4812 2213 4865 vultui
2270 4826 2460 4866 eorum
2496 4807 2757 4871 inscribe,
2792 4805 2895 4859 hoc
2921 4804 3146 4867 addens,
3176 4801 3416 4857 Tametsi
3446 4802 3616 4857 inele-

1575 4928 1827 4986 FRANC.
1850 4926 2238 4986 COMBEFISII
2281 4922 2515 4982 NOTAE.

439 5026 534 5097 20)
579 5027 736 5081 Hanc
781 5026 1146 5096 proditionem
1184 5025 1433 5081 Boiditza
1482 5037 1731 5097 auctore,
1777 5032 1926 5097 etut
2024 5023 2312 5094 Κύριλλος.
2362 5020 2537 5097 Hujus
2594 5018 3374 5097 Con5t_a_ntini___constan_tiam
3435 5014 3607 5097 atque

346 5098 490 5152 nihil
518 5095 834 5167 astrologia:
875 5097 931 5151 in
977 5111 1040 5151 ea
1089 5097 1473 5167 intervenerit,
1510 5095 1605 5167 sed
1639 5096 1754 5149 sola
1790 5095 1927 5149 indi-

2026 5087 2248 5163 opéram
2308 5087 2689 5147 confirmando
2745 5087 3051 5160 Theophilo
3102 5090 3331 5161 pulchre
3384 5094 3613 5141 enarrat

346 5169 497 5239 catio
529 5168 701 5239 partis
741 5165 895 5223 illius
945 5181 1225 5239 murorum
1288 5182 1417 5239 qua,
1453 5165 1632 5239 facilis
1680 5174 1827 5220 esset
1855 5167 1922 5239 ad
2026 5165 2527 5239 laudatusauctor.

347 5235 543 5294 urbem
575 5253 852 5305 accessus,
905 5237 1103 5307 sagitta
1158 5235 1565 5307 cum'epistola
1594 5249 1625 5289 e
1655 5249 1814 5307 muro
1867 5236 1925 5307 in

349 5310 594 5364 hostium
631 5320 815 5364 castra
839 5303 845 5305 ⁷
869 5303 1093 5373 emissa,
1147 5303 1382 5362 solidius
1409 5303 1706 5360 Vaticanus
1736 5303 1924 5359 Conti-

348 5388 568 5444 nuator,
598 5395 761 5450 quam
789 5378 873 5434 vel
910 5376 1040 5443 Leo,
1084 5376 1169 5431 vel
1197 5375 1481 5433 Cedrenus
1512 5374 1607 5445 qui
1635 5390 1748 5430 rem
1779 5390 1917 5446 pau-

348 5449 443 5520 cis,
466 5449 807 5520 perstringit.

425 5514 541 5589 (2])
574 5514 739 5575 Sunt'
763 5520 815 5573 bi
858 5527 1051 5573 turmte
1079 5518 1152 5571 42
1182 5514 1785 5589 martyruni__pra:cipui
1804 5516 1922 5589 __lie-

350 5586 741 5653 roes,quorum
781 5599 1058 5645 certamen
1090 5586 1457 5642 Continuator
1488 5586 1611 5639 Vat.
1640 5586 1920 5640 describit.

2103 5234 2217 5306 (25)
2258 5232 2499 5306 ﬁsponjt
2517 5231 2882 5306 Continuator
2921 5229 3053 5306 quid
3085 5229 3230 5306 istud
3268 5227 3321 5306 in
3365 5223 3612 5306 εἷο-[ωηο

2103 5246 2217 5306 (26)
2258 5246 2499 5301 Exponit
2517 5246 2882 5287 continuatur
2921 5246 3053 5353 (gnta
3085 5246 3230 5284 Istuu
3268 5246 3321 5281 In
3365 5246 3430 5280 eo
3463 5246 3610 5278 tome

2031 5312 2217 5361 esset:
2253 5303 2328 5374 'H
2353 5302 2410 5357 δὲ
2438 5302 2504 5374 δὴ
2532 5302 2701 5374 φιάλη
2726 5303 2870 5374 κατὰ
2897 5317 2991 5374 τν
3014 5300 3206 5374 ξιαιρδν
3242 5296 3350 5374 τῶν
3377 5294 3610 5362 δεξίμων

2033 5373 2342 5428 πιστάκίων
2392 5364 2503 5425 καί
2527 5364 2875 5441 ἀμυγδάλων,
2907 5370 3043 5424 ἀλλὰ
3103 5364 3361 5441 μὴνᾳιιαὶ
3408 5379 3607 5441 μουνα-

2030 5445 2172 5515 ρίων
2217 5433 2625 5515 πεπληρωμένη
2657 5433 2903 5515 ὶιονδίτου
2938 5443 3002 5515 eg
3032 5433 3348 5515 στροόελίου
3404 5433 3607 5515 6x63611-

2102 5531 2216 5575 νου,
2239 5503 2638 5582 πᾶσινέκῖρνῴ
2668 5513 2763 5582 καὶ
2824 5512 3052 5582 παρεῖχε
3074 5503 3306 5582 ⁸τρυφᾷν
3352 5506 3466 5565 τοῖς
3491 5503 3607 5582 δσοι

2061 5586 2094 5637 ι’
2128 5572 2370 5651 ἐφέσεως
2399 5572 2545 5650 εἶχον
2573 5580 2684 5634 τῶν
2710 5572 3024 5651 ἑστηξότων
3044 5648 3053 5651 Α
3071 5572 3223 5651 ἐξιεῖ(
3245 5572 3441 5651 Ῡςτιιιη
3489 5572 3608 5651 haec

425 5644 539 5729 (295
570 5644 755 5725 Cedr.,
796 5644 1145 5729 'Anonymus,
1179 5665 1287 5713 etc.
1346 5657 1782 5729 Κωνσταντῐνος,
1819 5671 1923 5711 nec
2028 5654 2103 5729 ibi
2135 5644 2529 5729 fuseexposi'ta
2551 5691 2567 5715 ,
2601 5644 3137 5720 aliaque'TheOpbili
3178 5644 3403 5702 aediﬁcia
3437 5644 3610 5700 tribus

349 5726 698 5787 aliud'habet
727 5729 854 5787 cod.
888 5726 1023 5800 Reg.
1052 5744 1118 5784 ex
1150 5742 1258 5798 quo
1286 5741 1395 5781 non
1421 5726 1559 5781 bene
1597 5740 1917 5796 espressum

2030 5724 2119 5778 hic
2149 5724 2310 5780 lineis
2340 5724 2601 5778 iudicata.
