3894 6218
217 247 327 312 1065

1433 251 2110 315 CHRONOGRAPHIA.

3299 251 3436 315 1066

208 361 501 432 ίκρὰτησαν.
535 360 598 412 οι
624 357 680 412 δὲ
713 358 789 432 μὴ
817 360 1138 431 δυνηθέντες
1169 365 1409 435 περᾶσαι
1438 365 1732 438 Βούλγαροε

1844 366 1940 430 lio,
1972 364 2239 436 quosdam
2291 362 2632 426 occiderunt,
2678 375 2943 428 quosnam
2987 363 3154 418 etiam
3188 364 3434 434 captivos

205 451 574 527 περιερρύησαν
619 454 732 515 τοῖς
785 451 1058 526 Ούγγροις
1109 456 1534 525 ἀναγγείλαντες
1559 460 1745 524 αὐτοῖς

202 545 345 598 πάντα
375 541 438 595 τὰ
464 542 575 596 τῶν
620 543 968 598 Μακεδόνων.
1029 540 1234 613 Ἦλθον
1266 547 1326 602 δὲ
1368 549 1461 602 καὶ
1490 550 1559 606 τὰ
1585 549 1744 604 πλοῖα

197 634 274 689 τοῦ
299 634 550 704 βασιλέως
584 635 721 707 πρὸς
752 635 814 690 τὸ
871 637 1240 694 ἀναλαϐέσθαι
1269 641 1489 706 αὐτοὺς,
1520 640 1615 695 καὶ
1648 645 1743 696 ἀν-

194 730 392 796 αγαγεῖν
420 728 475 779 ἐν
498 730 563 796 τῇ
599 727 772 782 πόλει.
793 729 1079 802 Παρευθὺς
1109 727 1204 784 οὖν
1228 734 1576 804 ἀνεφάνησαν
1610 733 1744 788 Οὕν-

191 819 352 890 νοιτῷ
387 818 582 888 πλήθει
613 821 854 891 ἄπειροι.
907 823 971 876 υἱ
1002 823 1060 877 δὲ
1119 825 1318 890 ἰδόντες
1358 826 1555 890 αὐτοὺς
1604 827 1744 898 μετὰ

186 910 410 982 δακρύων
436 910 608 964 ἐϐόων
638 912 892 982 λέγοντες
909 929 923 945 ·
972 913 1030 969 '0
1047 916 1189 983 Θεὸς
1212 917 1306 972 τοῦ
1332 919 1492 988 ἁγίου
1525 919 1742 991 Ἀδρια-

184 1004 285 1070 νοῦ,
311 1003 488 1074 βοήθει
518 1005 672 1074 ἡμῖν.
701 1007 809 1059 Καὶ
844 1009 1252 1081 παρετάσσοντο
1284 1009 1422 1083 πρὸς
1463 1010 1742 1082 συμσολὴν

190 1095 420 1164 πολέμου.
477 1094 543 1148 ΟΞ
585 1095 642 1148 δὲ
673 1095 907 1167 Τοῦρκοι
963 1095 1117 1152 εἷπον
1165 1102 1301 1172 πρὸς
1339 1102 1539 1166 αὐτούς
1563 1119 1578 1135 ·
1610 1102 1741 1156 Δότε

202 1187 306 1258 ἡμῖν
333 1185 418 1256 τὴν
450 1183 687 1255 ὓπαρξιν
713 1186 867 1257 ὑμῶν
908 1189 1111 1255 πᾶσαν,
1164 1191 1258 1244 καὶ
1285 1191 1572 1259 ἀπέλθετε,
1604 1194 1740 1248 ὅπου

199 1278 438 1349 βούλεσθε.
468 1279 533 1333 υἱ
559 1277 616 1332 δὲ
645 1279 806 1334 τοῦτο
832 1281 933 1335 οὐκ
957 1282 1228 1352 ἐδέξαντο,
1255 1284 1395 1338 ἀλλὰ
1429 1303 1740 1358 παρατετα-

194 1369 354 1440 γμένοι
381 1371 626 1440 ὑπῆρχον
654 1372 712 1424 ὲν
740 1373 922 1440 τρισὶν
956 1374 1190 1445 ἡμέραις
1214 1391 1229 1407 ⁸
1273 1376 1369 1430 καὶ
1408 1379 1475 1448 τῇ
1505 1378 1740 1452 τετάρτῃ

189 1455 391 1528 ἦρξαν-το
413 1459 491 1520 είς
510 1458 578 1509 τὰ
607 1459 767 1513 πλοῖα
788 1461 971 1514 αὐτῶν
1001 1465 1370 1536 είσέρχεσθαι.
1396 1467 1740 1539 Θεασάμενοι

185 1549 224 1604 δὲ
250 1549 400 1604 τοῦτο
437 1552 486 1604 oi
517 1552 753 1624 Τοῦρκοι
795 1556 1120 1613 συνέϐαλλον
1165 1561 1404 1634 πόλεμον
1439 1561 1547 1616 ἀπὸ
1588 1562 1738 1634 ὥραν

183 1641 414 1714 πέμπτην
447 1644 643 1715 μέχρις
673 1645 910 1720 ἑσπέρας
933 1663 946 1678 ·
972 1650 1066 1704 καὶ
1097 1651 1303 1722 τραπὲν
1326 1655 1385 1706 τὸ
1415 1654 1569 1719 ἔθνος
1600 1672 1734 1718 κατ-

1850 459 2224 515 abduxerunt.
2275 455 2494 528 Bulgari
2519 457 2614 527 qui
2653 455 2907 526 trajicere
2955 471 3064 512 non
3116 467 3434 528 potuerunt,

1849 565 1939 606 res
1976 565 2008 606 a
2058 548 2450 606 Hacedonibus
2499 557 2682 620 gestas
2719 547 3125 614 annuntiaturi,
3167 549 3237 604 ad
3285 549 3438 607 Hun-

1849 659 2012 715 σαι-οε
2043 643 2417 700 deﬂexerunt:
2461 641 2680 697 interim
2733 641 2951 712 navigia
3007 641 3077 696 ab
3107 643 3437 713 imperatore

1821 739 2016 796 .missa
2049 739 2405 808 captivosque
2440 744 2767 806 susceptura
2816 743 2876 790 ut
2933 735 2990 790 in
3048 735 3240 790 urbem
3271 737 3436 791 devs-

1846 831 2060 897 berent,
2089 830 2440 902 appulerunt,
2481 837 2536 884 et
2581 843 2690 882 una
2725 827 2936 898 pariter
2977 824 3160 882 Hunni
3204 841 3436 883 numero

1844 923 2046 978 intlniti
2083 923 2378 978 adventare
2404 921 2507 978 visi
2534 930 2686 976 sunt.
2721 921 3047 978 Macedones
3087 920 3157 978 iis
3198 937 3435 992 conspe-

1843 1016 1966 1078 ctis.
2010 1031 2136 1070 cum
2185 1015 2444 1085 lacrymis
2481 1012 2930 1070 vociferabantur
2979 1013 3435 1071 dicenteszbeus

1842 1107 2021 1163 sancti
2052 1106 2302 1172 Adriani,
2331 1121 2594 1162 succurre
2625 1106 2819 1162 nobis:
2850 1114 2906 1160 et
2943 1106 3010 1161 ad
3037 1107 3164 1162 belli
3194 1122 3432 1177 pugnam

1842 1215 1950 1256 una
1983 1216 2044 1258 se
2098 1208 2500 1270 praspararunt.
2547 1198 2712 1253 'l‘urci
2747 1213 2878 1254 vero
2904 1199 3197 1255 dicebant:
3239 1199 3433 1271 Supel-

1841 1294 2076 1351 lectilem
2104 1308 2325 1348 omnem
2353 1301 2591 1347 vestram
2619 1291 2842 1355 tradite,
2871 1299 2927 1345 et
2962 1305 3074 1360 quo
3103 1290 3432 1348 desideratis

1841 1389 2009 1445 abite.
2041 1387 2156 1444 Non
2193 1395 2595 1443 consenserunt
2645 1385 2762 1452 illi;
2805 1400 2994 1440 verum
3026 1384 3220 1440 diebus
3255 1386 3432 1440 conti.

1841 1481 1971 1534 nuis
1997 1477 2176 1534 tribus
2199 1478 2266 1532 ad
2300 1477 2546 1548 praelium
2580 1476 2756 1547 parati
2791 1475 3201 1531 eortsistebant:
3233 1486 3428 1546 quarta

1839 1583 1972 1625 vero
2025 1568 2242 1641 navigia
2281 1568 2752 1625 conscenderunt.
2796 1567 2880 1622 Eo
2908 1569 3130 1639 cognito
3165 1567 3330 1624 Turci
3360 1571 3430 1624 ab

1841 1663 1976 1718 hora
2005 1663 2115 1719 diei
2155 1663 2346 1734 quinta
2377 1662 2446 1718 ad
2473 1676 2756 1732 vesperam
2793 1677 2968 1732 usque
3003 1661 3248 1732 praelium
3287 1663 3427 1718 inie-

180 1735 374 1789 ιδίωκον
403 1737 600 1800 αὐτοὺς
625 1740 674 1793 oi
708 1730 1050 1807 Μακεδόνες·
1083 1745 1178 1799 καί
1200 1749 1266 1819 τῇ
1299 1749 1528 1822 ἐπιούσῃ
1551 1751 1732 1822 ἡμέρᾳ

1840 1763 1990 1819 runt,
2018 1730 2324 1824 eorumque
2346 1768 2480 1823 gens
2512 1730 2832 1824 fugantibus
2865 1730 3256 1808 Macedonibus
3277 1761 3428 1823 terga

179 1825 496 1897 βουλομένων
528 1831 711 1902 αὐτῶν
760 1836 1142 1909 ἀναχωρῆσαι,
1186 1840 1537 1913 ἀνεφάνησαν
1573 1846 1735 1901 πάλιν

177 1915 342 1975 Οὗννοι
376 1924 515 1993 πρὸς
545 1923 608 1977 τὸ
638 1925 948 2000 πολεμῆσαι
990 1931 1208 1996 αὐτούς.
1244 1934 1512 1999 Ἀναστὰς
1543 1937 1598 1991 δὲ
1615 1939 1736 1994 Μα-

173 2015 383 2069 κεδόνων
410 2016 622 2088 ἕτερος,
661 2020 814 2092 Λέων
864 2020 1114 2092 ὀνόματι,
1164 2025 1228 2078 ὲκ
1257 2026 1452 2095 γένους
1483 2015 1735 2103 τῶνΤη-

173 2108 388 2178 μοστῶν,
440 2108 500 2174 ὃς
561 2113 702 2181 μετὰ
752 2112 927 2169 ταῦτα
971 2117 1196 2185 γέγονεν
1229 2119 1608 2194 ἑταιριάρχης,
1638 2125 1733 2177 καί¹

167 2199 326 2271 {tepet
381 2202 676 2274 ὀνομαστοὶ
719 2205 830 2260 τῶν
886 2209 1216 2265 Μακεδόνων
1267 2211 1504 2284 ἔτρεψαν
1535 2215 1733 2280 αὐτοὺς

168 2293 241 2345 καὶ
287 2293 585 2366 ἐξήλασαν,
625 2297 720 2350 καὶ
759 2298 1207 2371 ὑποστρέψαντες
1266 2304 1520 2373 εἰσῆλθον
1556 2307 1637 2370 είς
1661 2306 1731 2360 τὰ

166 2385 325 2454 πλοῖα,
355 2388 450 2441 καὶ
484 2388 850 2460 ἀπεσώθησαν
874 2391 1009 2464 πρὸς
1044 2395 1136 2450 τὴν
1162 2394 1388 2466 βασιλέα
1407 2412 1423 2428 ·
1459 2399 1555 2454 καὶ
1577 2398 1731 2468 φιλο·-

161 2479 468 2549 τιμηθέντες
490 2484 621 2553 παρ’
653 2483 818 2538 αὑτοῦ
850 2485 1204 2559 ὑπέστρεψαν
1235 2490 1315 2554 είς
1341 2489 1443 2562 τὴν
1480 2491 1729 2545 Μακεδο-

159 2573 280 2640 νίαν,
306 2574 390 2638 είς
423 2575 526 2646 τὴν
575 2575 712 2630 ίδίαν
766 2575 969 2649 χώραν.
1006 2574 1116 2632 Ἦν
1162 2579 1220 2634 δὲ
1273 2582 1394 2635 τότε
1444 2581 1729 2647 Βασίλειος

158 2667 361 2730 νεανίας
381 2670 448 2720 ὲκ
469 2667 569 2748 τῇς
592 2669 973 2740 αἰχμαλωσίας
999 2671 1171 2727 ἐλθών
1188 2688 1203 2702 ο
1235 2673 1462 2746 ἐποίησε
1486 2674 1544 2728 δὲ
1573 2676 1632 2728 ὲν
1657 2677 1725 2748 τῇ

156 2761 498 2834 αἰχμαλωσίᾳ
537 2764 630 2817 επὶ
679 2764 908 2832 Λέοντος
935 2766 1029 2820 τοῦ
1067 2765 1359 2836 βασιλέως,
1389 2769 1482 2824 καὶ
1505 2769 1727 2842 Μιχαὴλ
1765 2825 1778 2830 ,

154 2854 236 2907 τοῦ
275 2855 609 2928 ’Δμορῤαίου
645 2855 1050 2928 [Ἀμιωραίουγ
1077 2859 1173 2914 καὶ
1199 2862 1448 2933 εἰσῆλθεν
1483 2865 1575 2916 ἐπὶ
1596 2863 1728 2918 Θεο-

154 2947 296 3015 φίλου
317 2949 413 3000 τοῦ
441 2949 708 3018 βασιλέως
731 2964 744 2978 ·
795 2950 872 3014 ὼς
901 2949 1043 3006 εἶναι
1069 2952 1141 3006 τὰ
1161 2953 1255 3023 ἐτη
1286 2955 1478 3018 αὑτοῦ,
1525 2956 1620 3028 ἔτη
1644 2956 1725 3011 εἰ·

1836 1849 2006 1904 dedit.
2061 1847 2378 1919 insequenti
2431 1846 2521 1901 die
2574 1846 2887 1902 discessum
2943 1846 3052 1901 illis
3101 1846 3427 1916 aggredien-

1835 1941 2006 2004 tibus,
2063 1938 2248 1994 Hunni
2298 1951 2523 1993 rursum
2575 1937 2644 1991 ad
2695 1936 2945 2007 praelium
2981 1937 3228 2006 dispositi
3258 1952 3430 2008 suppa-

1833 2041 2089 2088 ruerunt.
2130 2029 2493 2086 Macedonum
2541 2043 2675 2084 vero
2701 2029 2920 2098 quidam
2951 2029 3172 2084 nomine
3207 2029 3316 2085 Leo
3354 2044 3426 2084 ex

1835 2125 2223 2181 Gemostorum
2266 2137 2487 2195 genere,
2521 2121 2615 2193 qui
2646 2120 2846 2176 deinde
2874 2121 3262 2178 hetaerlarcbes
3293 2120 3424 2180 fuit.

1834 2216 2070 2287 sumptis
2124 2215 2328 2272 animis
2379 2229 2439 2270 se
2473 2213 2763 2284 opposuit:
2801 2213 3160 2283 adjunctique
3187 2214 3278 2268 alii
3313 2213 3426 2269 Ma-

1829 2308 2103 2363 cedonum
2171 2304 2433 2378 praecipui
2479 2304 2827 2374 advetsau'os
2887 2304 2943 2360 in
3004 2304 3187 2374 fugam
3242 2315 3425 2361 verte-

1831 2407 1980 2464 runt,
2011 2410 2066 2454 et
2113 2399 2379 2469 impetum
2436 2398 2492 2451 in
2524 2411 2621 2452 eos
2655 2397 2924 2463 fecerunt,
2967 2411 3032 2451 ac
3065 2399 3284 2452 tandem
3334 2413 3424 2452 re-

1831 2496 1999 2559 versi,
2075 2510 2245 2551 naves
2313 2494 2706 2565 imperatorem
2801 2491 3005 2546 adituri
3090 2489 3428 2560 repetierunt

1830 2587 2162 2654 incolumes,
2204 2596 2255 2642 et
2303 2586 2545 2640 humane
2589 2584 2661 2639 ab
2709 2596 2776 2638 eo
2816 2581 3023 2652 recepti
3063 2580 3120 2635 in
3169 2579 3426 2636 Macedo-

1830 2680 1976 2736 niam
2010 2681 2243 2750 patriam
2277 2678 2384 2735 sibi
2419 2676 2702 2748 propriam
2733 2675 2969 2746 regressi
2997 2682 3146 2728 sunt.
3182 2672 3311 2727 Erat
3332 2687 3431 2729 au.

1827 2783 1936 2828 tem
1973 2772 2211 2828 Basilius
2240 2780 2400 2827 aetate
2435 2769 2668 2840 juvenili
2699 2769 2922 2832 florens,
2947 2781 2977 2821 e
2997 2765 3310 2836 captivitate
3334 2780 3426 2820 re-

1826 2865 1961 2930 dux,
1997 2864 2052 2919 in
2084 2879 2192 2935 qua
2225 2863 2426 2918 Leonis
2458 2862 2814 2931 imperatoris
2861 2869 2917 2914 et
2943 2857 3224 2914 Michaelis
3254 2859 3426 2911 Amu-

1828 2964 1892 3017 rii
1970 2971 2085 3016 toto
2129 2969 2372 3028 tempore
2421 2958 2742 3028 permansit,
2783 2964 2837 3010 et
2878 2953 3184 3022 Theophila
3241 2953 3422 3022 impe-

149 3057 261 3093 κοσι
317 3041 506 3094 πέντε.
572 3041 1075 3108 Ἀποκατασταθεὶς
1116 3044 1172 3098 δὲ
1219 3047 1278 3099 ἐν
1306 3048 1373 3116 τῇ
1403 3045 1510 3118 ἰδίᾳ
1544 3047 1722 3119 χώρᾳ,

1833 3059 1988 3106 rante
2055 3049 2253 3105 rediit:
2306 3048 2555 3116 adeoque
2620 3045 2752 3101 anni
2804 3044 2928 3114 ejus
2985 3042 3426 3098 numerabantur

149 3131 556 3205 προσεκολληθη
598 3132 875 3189 δουλεύειν
913 3135 1204 3208 στρατηγῷ
1247 3139 1591 3202 Μακεδονίας
1644 3140 1724 3211 τῷ

1833 3143 2022 3215 viginti
2073 3143 2340 3213 quinque.
2393 3138 2594 3194 Patria:
2622 3138 2863 3210 propria:
2902 3138 3195 3193 restitutus
3242 3139 3420 3192 Mace-

144 3227 516 3297 ὲπιλεγομένῳ
546 3225 820 3301 Τζάντξη,
844 3229 939 3284 καὶ
966 3229 1136 3301 μηδὲν
1169 3230 1302 3304 παρ’
1322 3232 1488 3287 αὐτοῦ
1514 3233 1727 3305 ὠφελη-

145 3320 440 3393 θεὶ;,(29⁶)
488 3323 654 3392 μέχρι
702 3322 803 3394 τῆς
856 3323 1078 3394 Χρυσῆς
1112 3323 1342 3396 πόρτης,
1387 3326 1644 3380 εἰσελθὼν
1667 3326 1726 3380 δὲ

143 3416 582 3485 κεκοπιασμένος
606 3415 714 3468 ἀπὸ
736 3418 836 3486 τῆς
863 3414 1174 3486 ὁδοιπορίας
1201 3417 1477 3488 (Κυριακὴ
1500 3418 1610 3490 γὰρ
1635 3414 1724 3490 ἦν,

141 3509 232 3560 καὶ
257 3509 286 3560 δ
315 3509 474 3578 ἥλιος
525 3508 664 3580 πρὸς
687 3508 925 3578 δυσμὰς)
984 3509 1245 3580 ἁνεκλίθη
1282 3511 1526 3584 ἱκατέδυ]
1557 3514 1615 3565 εν
1644 3511 1727 3583 ,τῷ

141 3601 410 3672 πεζουλίῳ
463 3601 559 3654 τοῦ
606 3600 788 3671 Ἀγίου
841 3602 1144 3674 Διομήδους
1217 3603 1498 3674 Καθολικὴ
1523 3599 1727 3675 γὰρῆν

137 3694 254 3750 τότε
279 3697 315 3763 ἡ
344 3693 640 3766 ἐκκλησία,
662 3695 864 3765 ἔχουσα
884 3695 1291 3766 προσμονάριον
1311 3695 1537 3765 ὀνόματι
1559 3694 1726 3748 Νικόο

131 3784 282 3840 λαόν.
309 3787 360 3840 Τ
364 3789 398 3858 ᾗ
429 3786 488 3840 δὲ
543 3787 703 3840 νυκτὶ
756 3786 945 3861 ἐκείνῃ
989 3787 1252 3843 ἐκάλεσεν
1300 3785 1422 3841 θεία
1453 3785 1606 3856 φωνὴ
1635 3783 1728 3839 τδν

130 3882 573 3949 προσμονάριον,
606 3878 878 3949 λέγουσα’
932 3878 1214 3949 Ἐγερθεὶς
1257 3878 1522 3946 εἰσάγαγε
1549 3878 1630 3941 είς
1666 3876 1727 3930 τὸ

127 3970 432 4041 εὐκτήριον
469 3971 559 4024 τὸν
590 3969 839 4041 βασιλέα.
885 3970 948 4026 '0
976 3971 1035 4025 δὶ
1055 3969 1306 4042 ἐγερθεὶς
1336 3969 1531 4023 οὐδένα
1559 3969 1728 4042 εὖρας

124 4061 272 4134 πλὴν
297 4062 476 4118 αὐτὸν
521 4063 614 4116 τὸν
669 4062 948 4117 Βασίλειον
976 4064 1231 4133 κείμενον
1271 4062 1347 4127 ὡς
1372 4061 1606 4134 πένητα,
1632 4062 1727 4118 καὶ

121 4155 500 4226 ἐπιστραφεὶς
547 4155 794 4210 ἔκλεισεν
849 4155 944 4211 τδν
1004 4155 1249 4220 πυλῶνα.
1300 4157 1396 4210 καὶ
1435 4155 1725 4211 ἀνέπεσεν.

119 4247 240 4302 Καὶ
259 4247 481 4312 εὐθέως
508 4249 646 4318 μετὰ
673 4247 952 4320 ῥομφαίας
978 4265 1062 4313 τις
1092 4249 1325 4304 δέδωκεν
1354 4249 1506 4322 αύτῴ
1527 4252 1608 4312 εἰς
1627 4247 1727 4320 τὴν

120 4339 388 4413 πλευρὰν
420 4340 592 4396 αὐτοῦ
629 4339 806 4411 λέγων
827 4357 844 4373 ·
889 4339 1155 4408 Ἐξελθὼν
1197 4344 1464 4412 εἰσάγαγε
1519 4342 1579 4397 ὃν
1609 4343 1729 4415 βλέ-

1828 3239 2008 3294 donis:
2037 3237 2166 3292 duci
2215 3235 2612 3308 cognominata
2642 3235 2868 3288 Tzantzi
2920 3232 3247 3302 obsequium
3296 3235 3423 3287 red-

1827 3331 2046 3387 diturus
2075 3328 2327 3392 adhaesit,
2363 3344 2393 3382 a
2429 3343 2540 3399 quo
2579 3326 2719 3382 nihil
2773 3323 3133 3381 emolumenti
3173 3333 3420 3394 accepto,

1827 3423 1984 3480 urbis
2021 3423 2186 3494 regiae
2237 3421 2474 3492 experiri
2529 3420 2759 3490 cupiens
2813 3418 3144 3482 ubertatem,
3189 3417 3255 3472 ad
3299 3431 3423 3472 eam

1826 3516 2107 3590 profectus
2139 3524 2241 3580 est,
2263 3521 2318 3568 ct
2347 3513 2411 3568 ad
2443 3511 2693 3581 Cltrysen
2715 3526 2890 3578 usque
2915 3519 3124 3581 portam
3151 3510 3423 3579 pervenit.

1828 3607 1907 3664 Ex
1961 3610 2160 3662 itinere
2209 3620 2376 3676 porro
2411 3604 2674 3674 fatigatus
2732 3602 2874 3670 (erat
2905 3613 3090 3657 autem
3139 3602 3423 3658 Dominica

1828 3702 1970 3764 dles,
1999 3709 2053 3754 et
2082 3700 2192 3770 jam
2229 3697 2314 3751 sol
2366 3695 2432 3748 ad
2472 3694 2816 3749 occidentem
2853 3693 3134 3762 vergebat)
3168 3695 3426 3748 recubuit

1828 3793 1885 3848 in
1921 3794 2121 3847 exedra
2157 3789 2223 3843 ad
2259 3786 2447 3843 Sancti
2499 3784 2794 3839 Diomedis.
2829 3783 2960 3837 Erat
2991 3783 3252 3852 templum
3287 3785 3420 3839 illud

1828 3883 1976 3940 aedes
2016 3895 2172 3938 sacra
2209 3876 2427 3950 publica
2455 3874 2591 3930 viris
2630 3884 2685 3929 et
2717 3873 3044 3928 mulieribus
3085 3875 3416 3936 communis,

1829 3991 1953 4048 qua
2023 3970 2462 4058 mansionalrium
2523 3967 2748 4023 nomine
2807 3964 3098 4020 Nicolaum
3164 3965 3418 4021 habebat.

1829 4067 2002 4125 Nocte
2055 4066 2150 4123 illa
2206 4057 2646 4119 mansionarium
2699 4057 2994 4128 appellavit
3045 4057 3231 4112 divina
3291 4073 3416 4121 νυκ,

1831 4162 2051 4217 dicens:
2090 4157 2405 4227 Exsurgens
2463 4154 2631 4210 induc
2692 4153 3080 4223 imperatorem
3124 4151 3182 4207 in
3231 4161 3422 4206 orato-

1827 4253 1997 4308 rium.
2039 4249 2134 4307 Ille
2166 4257 2342 4305 strato
2397 4245 2589 4302 relicto
2636 4249 2835 4314 praeter
2891 4241 3150 4297 Basilium
3211 4255 3420 4313 paupe-

1833 4359 1955 4400 rum
1987 4355 2142 4397 more
2172 4342 2450 4411 iacentem
2486 4337 2696 4392 nullum
2737 4335 2942 4406 reperit
2972 4351 2984 4387 :
3017 4331 3182 4407 460
3210 4346 3424 4401 regres-

117 4445 245 4494 πεις
285 4431 502 4498 ιξωθεν
551 4431 650 4492 τοῦ
703 4432 954 4496 πυλῶνος
988 4431 1262 4503 κείμενον,
1311 4426 1468 4498 οὗτός
1520 4435 1670 4488 ἐστιν
1700 4435 1730 4486 ό

1835 4450 2042 4506 susque
2085 4433 2276 4490 valvas
2307 4429 2546 4488 occlusit
2579 4437 2635 4484 et
2662 4423 3222 4484 recubuitzProtinus
3250 4424 3418 4479 ictum

117 4521 418 4592 βασιλεύς.
461 4524 728 4592 Ἐξελθὼν
777 4521 872 4584 οὖν
907 4526 1049 4598 μετὰ
1105 4527 1342 4598 σπουδῆς
1401 4527 1726 4599 σύντρομος,

115 4619 216 4673 καὶ
240 4617 438 4691 εὑρὼν
460 4618 742 4678 Βασίλειον
771 4619 910 4691 μετὰ
943 4622 1044 4692 τῆς
1073 4620 1259 4693 πήρας
1286 4621 1492 4691 καὶτῆς
1528 4620 1727 4690 ῥάϐδου

115 4709 439 4778 εισήγαγεν
470 4709 678 4765 ἔσωθεν
720 4711 821 4781 τῆς
845 4709 1170 4782 ἐκκλησίας.
1226 4713 1320 4767 καὶ
1373 4713 1442 4783 τῇ
1498 4711 1729 4784 δευτέρᾳ

113 4801 314 4875 ἡμέρᾳ
365 4805 626 4858 ἀπελθὼν
681 4807 763 4869 είς
799 4806 863 4860 τὸ
883 4805 1108 4878 λουτρὸν
1159 4805 1388 4876 ἧλλαξεν
1422 4807 1606 4866 αὑτὸν,
1634 4808 1730 4860 καὶ

109 4893 295 4949 ιλθὼν
337 4897 404 4950 ἐν
432 4899 503 4968 τῇ
531 4897 803 4970 ἐκκλησίᾳ
831 4899 1092 4970 εποίησεν
1126 4897 1548 4970 ἁδελφοποίησιν
1570 4915 1584 4930 ·
1628 4899 1726 4954 καὶ

111 4989 608 5063 συνηυφραίνοντο
636 4993 695 5048 έν
718 4991 992 5063 ἀλλήλοις.
1047 4991 1108 5045 ’0
1153 4991 1212 5046 δὲ
1250 4990 1412 5057 αὐτὸς
1455 4991 1724 5057 Νικόλαος

101 5070 266 5148 εἶχεν
300 5079 548 5148 ἀδελφὸν
585 5079 792 5151 ἰατρὸν,
823 5081 882 5145 ὃς
906 5076 1186 5135 ἐδούλευεν
1227 5077 1321 5134 τὸν
1365 5077 1721 5149 Θεοφιλίτζην

101 5168 212 5243 [τῷ
238 5171 640 5247 Θεοφιλίτζῃ].
705 5171 908 5226 Ἐλθὼν
962 5173 1020 5228 δὲ
1050 5172 1192 5227 κατὰ
1241 5171 1413 5245 τύχην
1456 5174 1486 5225 ό
1535 5171 1718 5244 ἰατρὸς

93 5266 248 5335 ⁸πρὸς
273 5267 380 5320 τὸν
402 5267 636 5335 ἀδελφὸν
660 5265 850 5333 αὑτοῦ,
880 5265 1002 5320 ἰδὼν
1025 5267 1116 5321 τὸν
1137 5267 1438 5332 Βασίλειον,
1463 5267 1558 5321 καὶ
1582 5267 1716 5321 θαυ-

93 5359 298 5425 μάσας
360 5361 429 5414 τὸ
489 5359 722 5432 μέγεθος
779 5361 873 5414 καὶ
922 5361 1022 5431 τὴν
1054 5359 1307 5431 ἀνδρείαν
1353 5355 1718 5425 αύτοῦ,εῐπεν

88 5453 242 5522 πρὸς
270 5455 384 5510 τὸν
415 5453 651 5524 ἀδελφὸν
683 5453 852 5508 αὐτοῦ
871 5470 888 5487 ο
945 5454 1116 5509 Πόθεν
1145 5455 1295 5508 ἐστὶν
1325 5448 1518 5518 οὖτος;
1568 5452 1626 5508 ⁸0
1659 5453 1718 5505 δὲ

1829 4529 2010 4602 gladio
2039 4525 2263 4598 impegit
2282 4524 2505 4597 quidam
2536 4523 2601 4578 ad
2638 4523 2783 4576 latus
2803 4520 2946 4590 ejus,
2975 4517 3199 4573 dicens:
3225 4517 3420 4587 Egres-

1831 4638 1928 4679 sus
1975 4620 2230 4675 introduc
2256 4633 2420 4690 quem
2456 4615 2607 4670 vides
2638 4623 2793 4669 extra
2838 4611 3063 4682 januam
3108 4608 3415 4680 iacentem:

1832 4713 1923 4770 hic
1975 4721 2060 4768 est
2112 4711 2432 4782 imperator.
2485 4704 2756 4776 Egressus
2783 4702 2875 4758 ille
2916 4700 3149 4757 festinus
3201 4714 3267 4756 ac
3309 4707 3420 4755 tre-

1834 4822 1993 4866 mens
2022 4805 2286 4862 Basilium
2318 4816 2440 4858 cum
2479 4813 2608 4872 pera
2643 4805 2699 4852 et
2730 4795 2927 4852 baculo
2973 4801 3248 4864 repertum
3277 4793 3420 4848 intra

1832 4898 2123 4958 ecclesiam
2163 4894 2407 4953 admisit.
2433 4891 2660 4947 Postero
2691 4902 2823 4945 vero
2851 4889 2941 4944 die
2967 4889 3034 4943 ad
3064 4885 3293 4942 balneas
3324 4883 3420 4941 de-

1830 4995 2021 5061 ducto,
2060 5003 2241 5048 vestes
2271 4986 2570 5044 mutandas
2597 4985 2816 5050 obtulit,
2841 4993 2895 5040 et
2924 4983 3106 5054 palam
3149 4981 3203 5035 in
3238 4979 3417 5036 eccle-

1829 5089 1913 5144 sia
1963 5087 2264 5143 traternatn
2299 5081 2618 5138 societatem
2663 5093 2786 5135 cum
2819 5091 2886 5134 eo
2937 5076 3078 5132 iniit.
3109 5072 3303 5144 Itaque
3333 5072 3420 5126 in-

1828 5183 1999 5239 vicem
2046 5176 2301 5236 collaetati
2348 5183 2499 5231 sunt.
2557 5173 2829 5231 Caeterum
2883 5171 3146 5228 Nicolaus
3191 5168 3282 5222 ille
3323 5165 3420 5220 ha-

1825 5275 1986 5330 bebat
2064 5271 2287 5327 fratrem
2339 5267 2611 5323 diedicum
2677 5262 3079 5336 Theophilitais
3153 5255 3420 5324 obsequio

1827 5367 2222 5436 uiancipatum.
2277 5360 2521 5417 Medicus
2567 5360 2792 5416 fratrem
2845 5357 3123 5412 invisurus
3152 5351 3294 5406 forte
3323 5361 3420 5401 ve-

1831 5461 1988 5515 niens
2014 5455 2300 5528 conspexit
2333 5453 2618 5520 Basiliam,
2647 5461 2701 5508 ct
2751 5447 2998 5520 corporis
3031 5445 3416 5518 proceritatem

1283 5596 1532 5652 FRANC.
1570 5593 1960 5652 COMBEFISII
2001 5592 2234 5652 NOTAE.

164 5723 330 5796 (29‘)
371 5723 559 5788 Addo,
590 5725 690 5794 τῆς
726 5719 1141 5793 μεγαλοπόλεως
1190 5723 1289 5795 τὴν
1328 5721 1590 5794 ἀφθονίαν
1620 5718 1732 5774 indi

1833 5736 1919 5773 εν·
1952 5719 2076 5774 ὅθεν
2109 5718 2203 5771 καὶ
2231 5715 2466 5786 φθάσας.
2506 5711 2680 5769 Goan.

462 5818 738 5879 PATROL.
776 5819 893 5880 Gs.
914 5819 1132 5881 CVIII.
