3986 6232
316 347 459 419 1073

310 562 543 636 πληγεὶς
587 557 687 630 τὴν
715 557 914 630 ψυχὴν,
937 559 1028 612 τὸν
1073 559 1410 629 παραινέτην
1441 559 1517 623 ὡς
1547 560 1748 630 ἄνομόν
1773 578 1894 614 τινα

310 655 411 709 καὶ
478 651 690 720 φθορέα
741 651 841 720 τῆς
882 650 1207 723 Ἐκκλησίας
1246 651 1497 718 ἐξέωσεν,
1527 653 1619 705 καὶ
1641 652 1894 723 βασάνοις

309 746 563 817 ἀπείροις
618 746 714 799 καὶ
772 744 1072 815 ἀνημέροις
1131 745 1419 810 ὑπέϐαλεν,
1477 745 1616 799 ὥστε
1667 747 1893 817 ποιῆσαι

308 839 648 911 παραίτησιν
677 838 811 904 (55).
843 836 949 890 Τοῦ
979 837 1036 891 δέ
1067 837 1142 909 μὴ
1191 837 1508 902 πεισθέντος
1551 837 1755 892 Φὼτιον
1783 857 1892 892 πα-

306 931 580 1001 τριάρχην
650 929 765 982 ἀντ’
826 928 992 982 αὑτοῦ
1058 928 1356 1000 χειροτονεῖ
1428 930 1894 1002 πρωτασηκρῆτιν

308 1024 442 1078 ὄντα
474 1022 597 1076 κατ’
619 1020 796 1074 ἐκεῖνο
818 1020 1038 1092 καιροῦ,
1073 1022 1166 1073 καὶ
1189 1021 1521 1089 λογιώτατον
1555 1023 1719 1076 πάνυ.

307 1126 508 1177 stente,
546 1115 667 1168 loco
713 1112 886 1183 ipsius
934 1110 1191 1166 Photium
1226 1112 1647 1168 secretariorum
1682 1113 1897 1176 ducem,

309 1207 490 1265 dinari
515 1215 691 1262 curat.

394 1298 454 1352 '0
483 1299 541 1352 δέ
576 1295 831 1368 βασιλεὺς
856 1294 1290 1364 ἐπεστράτευσεν
1335 1293 1480 1348 κατὰ
1507 1293 1618 1348 τῶν
1661 1294 1896 1366 Ἀγαρησ

310 1392 420 1446 νῶν
465 1387 782 1444 καταλιπὼν
807 1390 864 1440 ἐν
891 1391 956 1459 τῇ
987 1387 1162 1451 πόλει,
1193 1385 1370 1460 ταύτῃ
1405 1384 1661 1460 [ταύτην]
1695 1387 1896 1456 φυλάτ-

309 1500 426 1537 τειν
469 1481 736 1552 Ὡορύιραν
770 1479 1017 1549 ὕπαρχον
1057 1478 1207 1532 ὄντα.
1244 1479 1433 1544 Ὅστις
1472 1478 1626 1534 οὔπω
1663 1480 1756 1534 τοῦ
1798 1479 1896 1550 βα-

312 1575 508 1637 σιλέως
538 1573 690 1646 [add.
748 1573 965 1643 μακρὰν
997 1570 1274 1644 ἀπόντος],
1325 1572 1447 1626 οὐδέ
1480 1571 1539 1638 ἐξ
1558 1569 1632 1629 ὧν
1665 1574 1896 1644 ἐμελέτα

1605 357 2278 419 CIIRONOGRAPHIA.

197 491 234 506 ο
311 467 638 540 πειθόμενον
664 466 884 521 κανόσιν
906 467 938 537 η
965 468 1373 540 παραινέσεων.
1407 469 1500 531 ’ος
1524 467 1616 541 [Ὀ
1647 468 1728 541 δὲ]
1751 469 1888 539 ὀργῇ

2003 469 2184 541 gessit.
2239 469 2317 525 Ad
2384 468 2829 524 communionem
2893 467 3060 535 igitur
3125 468 3352 524 Bardam
3424 485 3578 545 certo

3441 358 3576 421 ωτι

1995 569 2240 630 tempore
2295 559 2666 622 accedentem,
2729 559 2924 628 repulit
2957 558 3289 629 patriarcha,
3337 579 3431 618 ceu
3485 568 3577 634 qui

1995 649 2300 706 canonibus
2341 658 2394 704 et
2453 649 2676 705 monitis
2730 665 2838 704 non
2897 648 3320 718 obtemperaret.
3353 652 3576 710 Hicirm

1996 741 2154 814 plaga
2197 757 2491 812 percussus
2544 741 2810 800 animum.
2866 740 3186 795 monitorem
3220 743 3368 797 velut
3411 745 3582 802 scele-

1996 847 2175 891 ratum
2214 845 2267 910 et
2297 851 2509 890 morum
2540 844 2920 905 corruptorem
2953 835 3193 891 Ecclesia
3244 836 3427 903 ejecit,
3461 839 3582 893 inii—

1996 926 2234 996 nitisque
2262 927 2639 981 vexationibns
2671 940 2724 980 et
2760 928 3054 982 tormentis
3108 927 3422 984 crudelibus
3452 930 3584 984 sub-

1994 1019 2148 1090 jecit,
2181 1022 2319 1074 adeo
2368 1029 2427 1073 ut
2455 1019 2717 1089 dignitate
2751 1036 2808 1074 se
2847 1021 3146 1076 abdicaret.
3201 1019 3408 1090 lgnatio
3443 1022 3582 1080 resi-

1940 1110 2117 1165 virum
2145 1111 2265 1181 ejus
2287 1112 2549 1180 temporis
2579 1112 3012 1167 eruditissimum
3055 1113 3420 1183 patriarcham
3493 1130 3578 1170 ore

2068 1291 2237 1347 Porro
2269 1292 2566 1362 imperator
2589 1291 2826 1360 Ooripha
2859 1291 3131 1362 praefecto,
3163 1306 3219 1350 ut
3245 1311 3364 1351 eam
3397 1307 3585 1356 custo-

1997 1385 2160 1451 diret,
2202 1385 2255 1439 in
2298 1385 2433 1440 urbe
2467 1385 2678 1450 relicto,
2726 1384 2988 1442 adversus
3026 1387 3306 1455 Agarenos
3361 1392 3588 1460 expedi»

1999 1476 2202 1531 tionem
2235 1476 2500 1547 suscepit.
2529 1475 2796 1546 Ooripbas
2825 1477 3136 1548 imperatori
3158 1481 3400 1536 nondum
3427 1483 3587 1555 longe

1999 1569 2199 1640 posito,
2229 1583 2408 1639 neque
2436 1583 2626 1623 eorum
2655 1584 2776 1636 qure
2805 1570 3171 1626 meditabatur
3227 1580 3282 1628 et
3313 1572 3367 1628 in
3404 1585 3586 1632 mente

307 1663 466 1740 ‘[add.
500 1664 616 1738 καὶ]
647 1665 789 1720 κατὰ
819 1663 943 1718 νοῦν
975 1660 1120 1735 εἶχεν
1141 1663 1293 1736 [αάᾱ.
1324 1666 1432 1718 οὐδ’
1466 1665 1664 1738 ὁτιοῦν]
1691 1683 1892 1737 κατερ-

2003 1661 2256 1726 habebat,
2293 1661 2592 1732 quidquam
2623 1671 2904 1727 exsecuti),
2936 1664 3228 1734 impiorum
3273 1665 3580 1724 [iussorum

311 1758 651 1829 γασαμένου,
698 1757 798 1827 τὴν
850 1755 960 1810 τῶν
1016 1755 1194 1810 ἀθέων
1257 1755 1395 1821 Ῥὼς
1457 1757 1568 1828 (56)
1619 1759 1891 1830 ἐμήνυσεν

313 1850 498 1920 ἄφιξιν
520 1847 928 1920 γεγενημένους
951 1846 1312 1920 [γενομένων]
1339 1849 1440 1920 ήδη
1473 1849 1615 1903 κατὰ
1634 1849 1723 1902 τὸν
1740 1850 1896 1904 Μαῦ-

316 1958 410 2012 ρον
448 1940 712 2010 ποταμόν.
739 1941 847 1993 Καὶ
873 1941 901 1993 ὁ
934 1939 1034 2009 μὲν
1060 1938 1314 2010 βασιλεὺς
1370 1940 1464 1994 καὶ
1497 1940 1595 2008 τῆς
1629 1941 1896 2012 ἐχομένης

313 2033 588 2104 ἱπεσχέθη
616 2032 761 2099 ὀδοῦ,
788 2033 882 2086 καὶ
934 2032 1003 2086 δι’
1028 2033 1094 2104 ῆν
1138 2033 1343 2103 ταύτην
1502 2032 1729 2105 ταύτην]
1787 2037 1894 2101 ἀλε-

312 2127 472 2196 ἧκεν,
504 2124 623 2178 οὖδέ
656 2123 776 2195 [καὶ
808 2122 982 2196 οὐδὲν]
1009 2123 1288 2194 βασιλικὸν
1311 2124 1406 2178 καὶ
1435 2117 1678 2190 γενναῖον
1704 2125 1891 2196 εἰργά-

314 2236 469 2272 σατο.
501 2219 562 2271 Οἱ
594 2217 649 2272 δέ
689 2215 824 2280 Ῥὼς
847 2216 1155 2286 φθάσαντες
1204 2214 1353 2268 ἔνδον
1395 2212 1488 2268 τοῦ
1533 2214 1702 2285 Ἰεροῦ
1729 2215 1896 2270 πολὺν

313 2311 646 2383 εἰργάσαντο
696 2308 897 2380 φθόρον
964 2306 1333 2378 Χριστιανῶν,
1383 2308 1477 2360 καὶ
1527 2306 1702 2360 ἀθῶον
1759 2301 1898 2378 αἷμα

313 2404 552 2475 ἐξέχεον.
590 2402 868 2473 ’Υπῆρχον
893 2403 948 2456 δὲ
970 2402 1130 2455 πλοῖα
1160 2401 1441 2467 διακόσια,
1461 2399 1498 2455 ἃ
1531 2399 1897 2471 περιεκύκλω-

314 2515 416 2551 σαν
447 2495 546 2567 τὴν
572 2496 748 2558 πόλιν,
768 2497 861 2550 καὶ
887 2496 1054 2550 πολὺν
1077 2495 1242 2564 φόϐον
1271 2497 1382 2558 τοῖς
1413 2493 1624 2548 ἔνδοθεν
1650 2496 1897 2566 ἐνεποίη-

313 2607 438 2646 σαν.
479 2590 540 2643 '0
565 2590 620 2642 δὲ
651 2589 907 2660 βασιλεὺς
953 2587 1300 2648 καταλαϐὼν.
1339 2588 1494 2657 μόλις
1525 2585 1746 2656 ἴσχυσεν
1778 2586 1897 2639 δια-

313 2679 577 2751 περάσαι,
609 2679 703 2733 καὶ
734 2678 799 2750 δὴ
821 2679 917 2732 σὺν
974 2677 1051 2748 τῷ
1098 2679 1408 2747 πατριάρχῃ
1443 2676 1634 2747 Φωτίῳ
1682 2679 1762 2739 είς
1807 2676 1899 2730 τὸν

309 2773 374 2824 ἐν
406 2769 741 2840 Βλαχέρναις
774 2769 901 2822 ναὸν
950 2769 1049 2840 τῆς
1097 2768 1191 2822 τοῦ
1222 2767 1360 2821 Θεοῦ
1390 2765 1618 2837 Μητρὸς
1665 2767 1901 2838 παρεγέ-

308 2879 468 2917 νοντο
496 2878 509 2891 ·
533 2863 696 2917 κακεῖ
717 2862 777 2916 τὸ
805 2862 959 2916 Θεῖον
998 2860 1350 2927 ἐξιλεοῦνται.
1421 2856 1554 2914 Εἶτα
1599 2859 1718 2929 μεθ’
1767 2861 1901 2930 ὑμν-

307 2956 482 3028 ῳδίας
503 2957 563 3009 τδ
585 2956 739 3024 άγιον
762 2955 1125 3024 ἐξαγαγόντες
1151 2954 1251 3024 τῆς
1271 2953 1537 3008 Θεοτόκου
1559 2950 1893 3023 ὠμοφόριον,

311 3050 384 3118 τῇ
417 3047 666 3120 θαλάσσῃ
695 3047 851 3117 ἄκρῳ
882 3047 1240 3118 προσέϐαλον.
1274 3047 1387 3100 Καὶ
1415 3045 1677 3116 νηνεμίας
1708 3043 1895 3116 οὔσης,
1923 3061 1967 3123 (ς

309 3139 480 3202 εὐθὺς
508 3139 727 3210 ἀνέμων
757 3139 1018 3210 ἐπιφορὰ,
1059 3139 1150 3193 καὶ
1201 3137 1616 3215 τῆςθθαλάσσης
1651 3134 1894 3206 ἠρεμού-

311 3248 438 3302 σης,
475 3232 739 3302 κυμάτων
769 3231 1173 3293 ἐπαναστάσεις
1197 3228 1591 3299 ἀλλεπάλληλοι
1621 3229 1894 3297 ἐγεγόνει-

312 3341 438 3391 σαν,
494 3326 590 3377 καὶ
646 3324 716 3377 τὰ
765 3325 874 3377 τῶν
918 3324 1097 3378 ἀθέων
1144 3321 1280 3384 Ῥὼς
1312 3322 1474 3378 πλοῖα
1519 3321 1893 3388 κατεάγησαν,

311 3410 516 3484 ὀλίγων
574 3415 969 3485 ὲκπεφυγότων
1027 3413 1118 3466 τὸν
1176 3412 1440 3467 κίνδυνον.
1493 3411 1673 3482 Βάρδα
1713 3411 1768 3464 δέ
1803 3409 1896 3464 τοῦ

312 3507 598 3577 Καίσαρος
625 3508 682 3558 ἐν
701 3508 766 3576 τῇ
801 3504 1122 3576 προελεύσει
1150 3503 1497 3576 διερχομένου
1523 3503 1660 3573 μετὰ
1688 3519 1896 3572 σκαρα-

315 3599 556 3667 μαγγίου
585 3595 752 3662 ὀξέως
785 3595 865 3660 είς
893 3596 953 3648 τὸ
972 3593 1290 3666 ὡρολόγιον,
1317 3593 1684 3665 καθεζόμενος
1718 3595 1897 3647 ἐκεῖσε

316 3686 593 3758 Δαμιανδς
626 3685 918 3759 πατρίκιος
974 3686 1069 3740 καί⁵
1109 3685 1610 3756 παρακοιμώμενος
1663 3684 1762 3737 οὐκ
1801 3687 1898 3738 ἐπ-

318 3778 524 3849 ιγέρθη
541 3779 769 3850 τιμῆσαι
790 3778 978 3833 αὐτόν.
995 3777 1196 3832 Τοῦτον
1217 3776 1340 3831 ἰδὼν
1356 3779 1383 3833 ὁ
1405 3779 1621 3848 Καῖσαρ
1643 3776 1899 3847 ἐθυμώθη

317 3871 475 3926 λίαν’
511 3872 600 3925 καὶ
622 3871 960 3936 εἰσελθόντος
1019 3870 1185 3925 αὐτοῦ
1218 3873 1298 3935 είς
1327 3871 1387 3925 τὺ
1430 3870 1898 3943 χρυσοτρίκλινον,

315 3963 415 4017 καὶ
447 3961 911 4032 συγκαθεσθέντος
939 3962 1017 4035 τῷ
1050 3963 1282 4036 βασιλεῖ,
1321 3965 1412 4018 καὶ
1441 3963 1771 4035 δακρύοντος
1796 3961 1903 4016 ἀπὸ

310 4055 488 4128 ὀργῆς
531 4057 624 4112 καὶ
684 4057 881 4128 θυμοῦ,
911 4057 1202 4128 ἠρώτησεν
1227 4056 1328 4128 τὴν
1369 4057 1548 4110 αἰτίαν
1574 4058 1601 4110 ὁ
1625 4053 1900 4127 βασιλεύς.

323 4151 387 4204 '0
414 4149 471 4204 δὲ
507 4149 634 4222 ἔφη,
666 4150 749 4204 ὅτι
778 4147 856 4220 Τῇ
889 4148 1138 4203 κελεύσει
1160 4148 1260 4220 τῆς
1292 4147 1574 4219 βασιλείας
1604 4165 1698 4201 σου
1732 4147 1904 4217 ἠξιώ-

314 4241 421 4312 θην
479 4241 647 4313 τιμῆς
711 4242 992 4313 μεγάληςο
1049 4241 1322 4310 Δαμιανὸς
1356 4241 1414 4296 δέ
1464 4243 1542 4305 είς
1573 4239 1666 4294 σὺν
1702 4239 1904 4303 ὄνειδος

1998 1755 2063 1809 ad
2097 1751 2323 1824 Nigrum
2358 1752 2581 1808 ﬂuvium
2615 1753 2984 1824 profectorunt
3026 1757 3317 1812 adventum
3344 1760 3582 1816 nuntiat.

1999 1843 2316 1915 imperator,
2379 1855 2610 1915 arrepta:
2663 1847 2763 1901 viae
2821 1847 3118 1916 paenitens,
3182 1850 3582 1919 expeditionem

1999 1937 2248 1999 remittit,
2299 1937 2437 1992 nihil
2487 1937 2696 2008 regium
2745 1939 2827 1994 vel
2879 1956 3206 2007 generosum
3262 1953 3577 2000 exsecutus.

2000 2028 2160 2084 [iussi
2191 2027 2413 2083 Hierum
2436 2044 2610 2098 usque
2634 2041 2982 2099 penetrantes
3005 2033 3294 2103 plurimam
3319 2035 3581 2093 Christia-

1999 2135 2196 2174 norum
2238 2120 2440 2176 caedem
2498 2119 2788 2176 ediderunt
2843 2133 2898 2178 et
2942 2123 3227 2180 innoxium
3264 2127 3578 2183 effuderunt

1999 2212 2344 2284 sanguinem.
2407 2212 2579 2269 Erant
2640 2215 2748 2270 illis
2808 2217 3022 2288 navigia
3087 2217 3341 2282 ducenta,
3383 2221 3585 2291 quibus

1999 2310 2190 2364 urbem
2229 2309 2734 2376 circumdederunt,
2775 2319 2830 2366 et
2864 2311 3075 2369 civibus
3107 2321 3371 2369 terrorem
3403 2315 3589 2372 incus-

1999 2411 2191 2456 serunt
2219 2402 2514 2472 ingentem.
2558 2402 2758 2459 Urbem
2794 2420 2988 2461 versus
3036 2407 3312 2476 appelletis
3342 2407 3582 2478 impera-

2003 2499 2106 2554 tor,
2131 2492 2218 2545 vix
2248 2493 2422 2562 potuit
2447 2494 2781 2564 pertransire
2810 2507 2863 2550 et
2891 2496 3124 2564 ingredi,
3157 2506 3212 2551 ct
3239 2497 3434 2553 exinde
3463 2514 3583 2554 cum

2000 2583 2310 2650 patriarcha
2339 2582 2535 2640 Photio
2554 2586 2620 2640 ad
2645 2597 2848 2643 sancta:
2880 2587 2971 2643 Dei
2996 2590 3294 2647 Geuitricis
3320 2594 3580 2662 templum

2000 2673 2400 2732 Blachernense
2428 2679 2683 2741 accessit,
2713 2678 2804 2734 ubi
2841 2679 3086 2736 divinum
3113 2680 3324 2738 Numen
3363 2684 3582 2754 placare

2001 2762 2359 2818 contendunt.
2405 2762 2610 2818 Deinde
2647 2781 2771 2818 cum
2833 2766 3161 2838 hymnorum
3205 2770 3460 2828 cantibus
3487 2787 3576 2827 sa-

2002 2869 2147 2908 cram
2180 2854 2423 2925 Deiparae
2454 2867 2660 2911 Vestem
2689 2856 2997 2925 cﬂ'erentes,
3028 2870 3273 2916 extremo
3306 2864 3474 2919 maris
3497 2863 3586 2918 lit-

2002 2948 2104 3000 tori
2137 2961 2254 3000 cam
2289 2945 2456 3018 464
2484 2949 2881 3004 admoverunt:
2929 2967 3236 3022 magnaque
3271 2955 3425 3023 prius
3456 2955 3581 3010 data

2002 3037 2143 3090 aeris
2179 3039 2591 3108 tranquillitate,
2655 3041 2943 3096 confestim
3001 3052 3290 3098 ventorum
3343 3045 3582 3114 impetus

2001 3127 2296 3184 vehemens
2323 3130 2615 3196 excitatus,
2662 3138 2716 3185 et
2769 3133 2822 3186 in
2867 3133 3007 3188 mari
3050 3135 3202 3205 prius
3231 3137 3584 3206 pacatissimo

1998 3220 2264 3276 ﬂuctuum
2323 3222 2560 3280 insultus
2593 3225 2659 3280 ad
2695 3225 2929 3281 invicem
2967 3226 3095 3282 facti
3144 3238 3274 3284 sunt
3314 3230 3581 3300 ingentes.

1999 3313 2134 3368 adeo
2160 3325 2215 3367 ut
2241 3313 2532 3384 impiorum
2565 3309 2868 3374 Russorum
2915 3321 3128 3390 navigia
3175 3321 3587 3393 confringeren-

2000 3413 2109 3470 tur,
2137 3407 2326 3476 paucis
2351 3423 2537 3463 eorum
2563 3409 2805 3480 periculo
2828 3413 3049 3482 ereptis.
3095 3413 3283 3468 Bardze
3306 3430 3435 3470 vero
3463 3414 3580 3471 Cae-

2001 3497 2114 3556 sari
2144 3500 2343 3556 celebri
2367 3517 2626 3572 processu
2656 3504 2855 3569 delato,
2883 3513 2937 3560 et
2965 3506 3190 3562 violacei
3229 3508 3430 3563 coloris
3462 3523 3586 3564 sca-

2001 3593 2288 3664 ramangio
2319 3593 2532 3660 induto,
2569 3595 2868 3652 Damianus
2903 3599 3168 3667 patricius
3213 3609 3266 3653 et
3301 3600 3587 3656 accubitor

2002 3685 2070 3740 ad
2124 3685 2465 3757 horologium
2512 3687 2712 3744 sedens
2759 3689 3022 3744 honorem
3077 3692 3427 3749 exhibiturus
3473 3709 3583 3748 non

2003 3779 2324 3833 assurrexit.
2376 3778 2455 3834 Eo
2495 3778 2613 3834 viso
2647 3780 2831 3836 Caesar
2863 3782 2940 3836 ira
2978 3784 3296 3848 excanduit,
3354 3785 3586 3840 deaura-

2007 3882 2237 3941 tumque
2285 3871 2583 3927 triclinium
2640 3872 2946 3943 ingressus,
2994 3885 3048 3930 et
3097 3876 3163 3930 ad
3195 3876 3583 3947 imperatorem

2004 3963 2319 4027 considens,
2353 3979 2419 4018 ex
2447 3978 2686 4020 maerore
2723 3974 2779 4020 et
2811 3963 2999 4022 furore
3031 3967 3292 4040 lacrymis
3327 3967 3586 4039 perfusus

2005 4065 2108 4111 est.
2168 4057 2405 4113 Causam
2459 4058 2778 4128 imperatori
2821 4061 3037 4128 roganti
3087 4061 3224 4116 dixit
3280 4061 3372 4116 ille
3403 4079 3418 4117 :
3450 4060 3583 4116 Mihi

2007 4151 2223 4221 imperii
2257 4151 2332 4205 tui
2359 4150 2520 4221 jussu
2551 4151 2816 4224 dignitate
2847 4167 3044 4226 magna
3075 4163 3336 4225 provecto
3369 4154 3588 4209 Damiaa

2009 4261 2134 4309 itus,
2161 4243 2213 4298 in
2249 4243 2328 4298 tui
2370 4259 2436 4300 ac
2464 4244 2678 4313 imperii
2703 4245 2778 4300 tui
2811 4255 3208 4317 contemptum.
3259 4256 3450 4302 senatu
3494 4262 3587 4302 co—

315 4335 416 4390 καὶ
469 4334 569 4406 τῆς
625 4337 724 4405 σῆς
765 4333 1071 4405 βασιλείας,
1119 4334 1221 4389 οὐκ
1259 4333 1534 4405 ἐπεγέρθη
1564 4351 1653 4403 μοι
1677 4334 1771 4386 ἐπὶ
1807 4332 1897 4403 τῆς

2011 4336 2316 4406 mitatuque
2347 4343 2620 4407 prtesente
2674 4352 2783 4392 non
2821 4338 3150 4394 assurrexit.
3196 4337 3373 4394 Iratus
3416 4338 3588 4409 impe-

316 4427 951 4500 συγκλήτου.Θυμωθεὶς
979 4427 1036 4481 δὲ
1061 4429 1089 4482 ὁ
1116 4425 1391 4498 βασιλεὺς,
1416 4426 1761 4499 Μαξιμιανόν
1785 4441 1897 4479 τινα

2013 4436 2161 4483 rator
2197 4426 2588 4485 Maximianum
2617 4431 2896 4498 quondam
2932 4433 3330 4488 cubicularium
3370 4428 3590 4486 Damia-

316 4521 640 4593 κοιτωνίτην
699 4519 980 4590 παρευθὺς
1047 4520 1383 4592 προστάσσει
1433 4514 1561 4590 ἆραι
1604 4517 1901 4588 Δαμιανδν,

317 4617 413 4670 καὶ
430 4617 488 4670 ἐν
516 4617 594 4687 τῷ
623 4615 874 4688 ἐμπορίῳ
907 4615 1003 4670 τοῦ
1033 4616 1217 4684 Ἀγίου
1237 4615 1536 4681 Μάμαντος
1565 4614 1897 4682 ἀπαγαγεῖν

318 4711 415 4764 καὶ
434 4710 623 4765 τοῦτον
655 4712 952 4780 ἀποκεῖραι
988 4709 1228 4781 πρῶτον,
1258 4709 1352 4762 καὶ
1392 4703 1532 4761 εἶναι
1565 4708 1623 4761 ἐν
1653 4705 1896 4776 ιιςρουριξὶ⁸

319 4800 418 4854 καὶ
445 4803 512 4872 τῇ
555 4802 695 4874 αὐτῇ
751 4801 936 4874 ἡμέρα
995 4799 1360 4871 προϐάλλεται
1419 4798 1899 4870 πρωτοστράτωρα

321 4893 604 4948 Βασίλειον
638 4895 1163 4967 παρακοιμὼμενον.
1208 4892 1646 4965 Ἐζηλοτύπησεν
1678 4891 1734 4946 δὲ
1769 4891 1903 4943 Καῖ-

323 5001 431 5055 σαρ
462 4983 623 5038 τοῦτο
651 4985 917 5052 ἀκούσας,
973 4987 1068 5040 καὶ
1108 4985 1293 5038 ἔκτοτε
1351 4983 1538 5054 ἐζήτει
1582 4982 1903 5036 ἀποκτεῖναι

321 5075 626 5133 Βασίλειον.
677 5077 975 5149 Ἐχὼρισεν
1022 5077 1174 5151 Ῐαάά.
1220 5077 1298 5150 δὲ]
1341 5075 1625 5131 Βασίλειον
1681 5072 1902 5145 Μιχαὴλ

319 5169 420 5234 τῆς
439 5167 576 5233 ιδίας
601 5171 866 5239 γυναικὸς
903 5169 1139 5242 Μαρίας,
1163 5168 1412 5232 δεδωκὼς
1439 5167 1588 5237 αὐτῷ
1637 5168 1903 5236 γυναῖκαν

321 5257 591 5312 Εὔδοκίαν
632 5260 734 5334 τὴν
787 5261 1105 5333 Ἰγγιρίναν,
1131 5260 1508 5332 διορισάμενος
1530 5257 1681 5329 αὐτῷ
1707 5257 1903 5329 κυρίαν

2011 4536 2140 4575 num
2174 4521 2385 4587 tollere,
2425 4531 2479 4578 et
2515 4523 2584 4578 ad
2618 4522 2804 4580 Sancti
2843 4524 3135 4581 Mamantis
3160 4526 3466 4595 emporium
3493 4524 3589 4578 ab.-

2009 4611 2234 4666 ductum
2275 4612 2594 4680 detondere,
2642 4621 2699 4668 et
2749 4615 2803 4668 in
2857 4616 3164 4670 custodiam
3209 4616 3423 4672 mittere
3454 4631 3586 4670 ron—

2008 4703 2188 4759 festim
2215 4704 2413 4774 jubet:
2447 4705 2751 4776 eodemque
2783 4706 2869 4760 die
2916 4705 3173 4760 Basilium
3215 4717 3586 4776 pl‘Otoslralu-

2007 4813 2122 4852 rem
2160 4798 2212 4852 in
2244 4798 2611 4854 accubitorem
2644 4798 2845 4853 evehit.
2903 4796 3019 4854 lloc
3068 4799 3255 4855 audito
3284 4800 3468 4858 Caesar
3498 4801 3584 4856 in-

2008 4890 2166 4956 vidit,
2213 4901 2267 4946 et
2296 4891 2366 4945 ab
2396 4905 2462 4946 eo
2491 4902 2770 4946 morneuto
2802 4889 3064 4946 Basilium
3103 4892 3352 4947 occidere
3415 4895 3587 4949 medi-

2008 4983 2248 5038 tabatur.
2288 4983 2527 5038 Michael
2558 4991 2741 5036 autem
2770 4981 3037 5040 Basilium
3073 5000 3197 5041 cum
3222 5000 3392 5042 uxore
3417 4985 3583 5041 Maria

2007 5073 2305 5130 divortium
2329 5073 2470 5128 inire
2491 5073 2688 5143 coegit,
2720 5074 2847 5131 data
2879 5075 2928 5132 ei
2964 5075 3205 5134 Eudoeia
3239 5079 3511 5150 lngeriua,
3533 5088 3587 5133 et

2010 5166 2288 5222 dominam
2340 5182 2768 5239 germanamque
2834 5170 3122 5242 conjugem
3155 5171 3355 5226 habere
3399 5169 3582 5239 jussit.

2013 5258 2141 5314 Erat
2168 5261 2367 5331 quippe
2401 5259 2750 5330 imperatoris
2777 5263 2975 5334 pellex,
3027 5273 3082 5319 et
3123 5264 3190 5318 ab
3241 5279 3306 5319 eo
3353 5276 3454 5317 ceu
3495 5276 3585 5315 ve-

1457 5448 1707 5507 FRANC.
1735 5449 2128 5507 COMBEFISII
2170 5449 2404 5509 ΝΟΤᾹΞ.

397 5622 512 5692 (55)
544 5620 662 5688 Quo
696 5638 751 5676 se
786 5621 877 5676 ille
917 5635 1130 5675 munere
1163 5617 1490 5692 abdicarer:
1533 5618 1677 5692 quod
1711 5628 1896 5692 tamen
1999 5615 2578 5692 Nicetas_._aucto_rque
2614 5611 2978 5692 Vit:e_Nieolai
3019 5611 3275 5667 Studitre.

322 5687 928 5749 niinime’consecutus
965 5702 1080 5754 est,
1126 5689 1406 5744 obnitente
1442 5687 1674 5758 lgnatio,
1722 5688 1898 5742 donec

2073 5687 2189 5760 (36)
2220 5685 2416 5760 Narrat
2449 5683 2701 5760 laudatus
2743 5683 3124 5760 Continuamr,
3159 5697 3337 5752 exque
3367 5683 3584 5760 eomtie-

324 5779 422 5830 per
456 5762 717 5824 iniuriam
760 5751 1075 5832 depositus,
1095 5762 1258 5832 vique
1285 5751 1545 5832 egpuls'us
1574 5751 1675 5815 est;
1712 5758 1898 5816 Multis
2001 5751 2228 5832 drenu's,
2257 5759 2411 5822 brevi
2450 5765 2574 5830 post
2608 5754 2794 5812 missis
2826 5754 3018 5827 legatis
3052 5753 3229 5811 factos
3250 5751 3377 5812 esse
3417 5751 3582 5808 Chri-

327 5829 653 5904 tragmdiam
709 5829 1061 5918 prosequitur
1124 5829 1241 5887 νει.
1301 5829 1683 5900 Gentinnator,
1732 5839 1792 5885 ut
1841 5838 1895 5885 et

2003 5830 2234 5886 stianos.
