3986 6232
471 383 607 449 1075

1700 382 1980 443 LEONIS
2013 383 2500 445 GRAMMATICI

3581 395 3721 460 1076

463 506 682 553 nustate
736 501 998 564 prtrstans
1059 492 1278 550 dilecta.
1323 493 1497 549 Priori
1542 510 1670 552 \‘ero
1709 497 1830 564 eius
1876 497 2028 551 uxori

2141 499 2311 570 αὐτὴν
2334 499 2478 571 ἔχειν
2494 500 2626 571 ('57).
2648 494 2755 554 Ἦν
2772 499 2841 570 τὰ
2849 519 2878 574 ρ
2893 501 3030 575 αὑτὴ
3045 505 3139 557 τοῦ
3161 505 3426 576 βασιλέως
3442 511 3720 587 παλλακὴ·

467 579 647 644 Iiarite
679 595 829 641 certo
863 585 982 640 auri
1020 585 1261 656 pondere
1289 595 1344 642 ct
1385 587 1506 643 aliis
1547 588 1874 657 quibusdam
1924 591 2040 645 col-

469 679 612 740 latis,
647 677 702 732 iu
727 676 1104 734 Macedoniam
1136 679 1202 733 ad
1233 689 1482 748 parentes
1513 680 1742 735 remisit.
1779 679 2036 736 Theclam

463 785 597 828 vero
624 772 902 841 propriam
935 784 1182 826 sororem
1215 771 1319 826 sibi
1350 771 1570 838 ascivit,
1609 780 1669 826 ut
1699 787 1822 826 eam
1861 773 2040 841 priva-

465 865 560 916 tim
608 862 853 917 haberet.
915 862 999 917 Ab
1051 877 1117 917 eo
1171 873 1415 932 tempore
1467 864 1534 916 ab
1596 863 1826 919 invicem
1877 865 2040 920 dissi-

463 957 675 1019 dentes,
717 961 771 1007 et
802 954 1090 1008 sinistrum
1135 953 1338 1020 aliquid
1385 954 1452 1008 de
1484 971 1542 1008 se
1579 955 1810 1010 invicem
1861 955 2040 1024 suspi-

460 1053 670 1110 cantes,
701 1045 881 1099 Caesar
931 1054 984 1099 et
1026 1044 1285 1110 Basilius,
1317 1045 1593 1114 quomodo
1634 1048 1770 1100 alter
1801 1047 2037 1100 alterum

462 1138 740 1207 perderet,
774 1137 1092 1205 quaerebant
1120 1155 1134 1191 :
1195 1137 1452 1206 privatim
1492 1151 1622 1190 vero
1655 1135 1892 1192 Basilius
1918 1137 2038 1192 Ca:-

461 1242 642 1282 sarem
694 1227 851 1296 quasi
889 1227 1180 1281 adversum
1213 1243 1274 1282 se
1321 1227 1724 1282 machinantem
1766 1228 2040 1284 convicia-

459 1321 643 1376 batur.
701 1318 939 1375 Basilius
975 1321 1361 1389 imperatorem
1392 1321 1497 1376 sibi
1529 1321 1826 1376 couciliare
1860 1321 2034 1374 medi-

462 1419 631 1475 tatus,
689 1424 812 1464 cum
863 1409 1146 1480 Symbatio
1195 1411 1430 1481 patricio
1487 1421 1542 1466 et
1580 1427 1776 1468 cursus
1833 1412 2037 1482 publici

461 1502 736 1572 logotheta
784 1502 1130 1573 Caesarisque
1169 1519 1373 1573 genero
1421 1505 1718 1559 amicitiam
1769 1504 1934 1559 iuiit:
1981 1513 2036 1559 et

461 1596 605 1651 datis
646 1595 976 1664 iuramentis
1028 1611 1358 1652 consensum
1398 1606 1723 1667 perpetuum
1764 1605 1819 1652 et
1857 1597 2037 1652 fcedus

460 1687 778 1742 inviolabile
804 1687 870 1742 ad
907 1687 1140 1742 invicem
1170 1689 1453 1744 habituros
1475 1690 1865 1759 promiserunt.
1901 1687 2035 1744 Cer-

2142 593 2237 647 καὶ
2258 595 2400 647 πάνυ
2427 595 2836 666 ὴγάπααὺτὴν,
2868 597 2944 660 ὡς
2975 599 3224 670 εὐπρεπῆ
3247 617 3261 631 ·
3289 605 3354 673 τῇ
3382 603 3438 656 δὲ
3475 607 3722 680 προτέρᾳ

2139 685 2305 738 αὑτοῦ
2361 689 2579 754 γυναικὶ
2631 689 2820 761 Μαρίᾳ
2863 691 2983 754 δοὺς
3030 692 3253 762 χρυσίον
3283 694 3379 747 καὶ
3407 696 3544 749 ἄλλα
3575 702 3722 762 τινα,

2141 777 2462 831 ἀπέστειλεν
2493 781 2549 831 ὲν
2580 781 2893 852 Μακεδονίᾳ
2907 783 2988 847 είς
3024 785 3092 836 τὰ
3116 784 3245 839 ἴδια.
3280 785 3490 840 Θέκλαν
3528 789 3589 841 δὲ
3623 792 3722 860 τὴν

2142 867 2283 920 ίδίαν
2339 867 2578 939 ἀδελφὴν
2620 872 3006 941 προσήρμοσεν
3033 872 3128 927 τοῦ
3165 874 3311 944 ἔχειν
3340 876 3513 945 αὐτὴν
3553 879 3722 943 ἰδίως.

2142 959 2368 1012 Ἐκτοτε
2397 959 2453 1012 δὲ
2496 960 2866 1015 ὑπεϐλέποντο
2898 962 3186 1032 ἀλλήλους.
3221 966 3250 1018 ὅ
3279 983 3334 1018 τε
3369 969 3613 1038 Καῖσαρ,
3630 973 3725 1024 καὶ

2137 1051 2164 1101 ὁ
2192 1049 2491 1115 Βασίλειος,
2517 1050 2805 1120 ζητοῦντες
2829 1052 2944 1117 πῶς
2970 1054 3159 1126 ἕτερος
3185 1057 3278 1109 τὸν
3309 1059 3502 1130 ἕτερον
3530 1063 3721 1136 ἀνέλῃ.

2151 1144 2318 1208 ’ἰδίως
2378 1145 2433 1199 δὲ
2483 1147 2744 1218 ἐλοιδόρει
2797 1151 2826 1202 ὁ
2874 1150 3152 1213 Βασίλειος
3199 1153 3292 1206 τὸν
3332 1155 3618 1227 Καίσαρα,
3650 1160 3725 1222 ὡς

2139 1237 2258 1290 κατ’
2309 1238 2475 1292 αὐτοῦ
2540 1239 2870 1308 μελετῶντα.
2910 1241 2970 1295 Ὀ
3031 1243 3090 1296 δὲ
3149 1244 3429 1308 Βασίλειος
3468 1250 3726 1302 σπεύδων

2139 1327 2554 1398 πληροφορῆσαι
2590 1330 2682 1384 τὸν
2721 1331 2972 1400 βασιλέα,
3007 1335 3391 1404 συμφιλιοῦται
3422 1339 3726 1412 Συμὸατίῳ

2137 1420 2414 1489 πατρικίῳ
2440 1420 2534 1473 καὶ
2565 1421 2828 1496 λογοθέτῃ
2852 1424 2946 1477 τοῦ
2978 1424 3182 1497 δρόμου
3220 1429 3454 1500 γαμϐρῷ
3481 1431 3539 1484 δὲ
3588 1433 3727 1486 Καί-

2139 1525 2324 1578 σαρος,
2343 1510 2436 1563 καὶ
2473 1511 2540 1564 δι’
2573 1513 2752 1584 ὅρκων
2782 1516 3186 1572 ἑϐεὸαιώσαντο
3222 1519 3483 1589 ἀλλήλους
3513 1526 3575 1576 ὲν
3597 1525 3727 1591 ὀμο-

2136 1603 2254 1674 νοῖᾳ
2279 1605 2375 1658 καὶ
2401 1604 2640 1676 διηνεκεῖ
2656 1607 2845 1682 ἀγάπῃ
2873 1605 3034 1664 εἶναι.
3063 1611 3515 1685 Ἐπληροφόρησε
3545 1617 3605 1670 δὲ
3629 1619 3724 1671 καὶ

2135 1691 2442 1760 Συμϐάτιον
2503 1696 2781 1760 Βασίλειος
2821 1699 2890 1752 δι’
2937 1702 3114 1770 ὅρκων
3167 1705 3436 1774 φρικτῶν,
3493 1705 3572 1770 ὡς
3616 1708 3724 1763 Τοῦ

458 1779 655 1835 tiorem
708 1789 890 1834 autem
937 1780 1173 1836 reddidit
1228 1781 1460 1836 Basilius
1507 1781 1868 1852 Symbatium,
1909 1780 2028 1834 hor-

2138 1783 2401 1854 βασιλέως
2426 1788 2646 1860 ἀγάπην
2704 1790 2906 1862 πολλὴν
2951 1791 3168 1863 ἔχοντος
3217 1796 3356 1867 πρὸς
3402 1795 3490 1860 σὲ,
3543 1799 3724 1869 κάμοῦ

461 1869 646 1925 rendis
691 1870 1018 1940 iuramentis
1059 1886 1352 1926 asserens:
1403 1869 1478 1925 Te
1527 1849 1826 1940 plurimum
1861 1869 2028 1940 diligil

2138 1876 2530 1941 σπουδάζοντος
2543 1849 2613 1932 τέί
2643 1880 2784 1951 ὑπὲρ
2810 1849 2926 1949 σοῦ,
2963 1849 3164 1955 μελετᾷ
3190 1849 3290 1955 μὲν
3315 1849 3725 1958 προϐαίλλεέθαί

459 1961 777 2032 imperator,
808 1977 1005 2033 meque
1042 1978 1140 2034 pro
1171 1972 1221 2017 te
1256 1977 1470 2032 semper
1503 1961 1741 2016 sollicito
1763 1962 2034 2016 Caesarem

457 2062 514 2110 te
549 2069 738 2110 creare
796 2054 1019 2125 cOgitat,
1077 2052 1172 2108 sed
1211 2052 1384 2108 soceri
1441 2051 1517 2107 ttti
1567 2051 1798 2113 ratione,
1848 2051 2036 2120 nequit

461 2152 566 2204 hoc
619 2149 871 2217 exsequi.
943 2147 1058 2213 llle,
1126 2145 1308 2202 Basilii
1372 2145 1699 2216 iuramentis
1753 2145 2031 2213 deceptus,

457 2237 650 2292 Bardae
700 2237 906 2294 Ctesari
965 2253 1159 2294 socero
1201 2237 1423 2307 proprio
1467 2238 1818 2293 adversarius
1855 2236 2033 2292 factus

457 2337 584 2382 est:
635 2338 692 2383 et
735 2328 802 2382 ad
839 2328 1224 2399 imperatorem
1257 2330 1524 2383 accedens
1565 2327 1896 2397 iuramentis
1933 2330 2032 2382 ad-

459 2424 648 2479 hibitis
677 2423 853 2479 suasit
885 2441 900 2477 :
952 2423 1136 2478 Caesar
1165 2421 1470 2478 interficere
1509 2431 1562 2477 te
1590 2423 1945 2478 consiliatur:
1979 2431 2036 2478 et

457 2516 856 2586 coniurationis
907 2513 1158 2570 ordinem
1208 2515 1443 2583 aperuit.
1507 2517 1812 2585 imperator
1874 2531 2028 2586 ergo,

457 2611 719 2684 Symbatii
757 2611 1084 2680 iuramentis
1123 2610 1344 2676 ductus,
1387 2610 1684 2680 Basiliique
1715 2610 2032 2666 testimonio

459 2705 836 2766 confirmatus,
876 2712 1119 2760 secretas
1151 2703 1204 2758 in
1235 2702 1505 2759 Caesarem
1537 2704 1862 2758 moliebatur
1899 2706 2033 2759 insi-

458 2799 600 2854 dias.
655 2795 894 2852 Basilius
942 2806 1140 2852 cuncta
1199 2804 1388 2851 contra
1432 2787 1699 2850 Cesarem
1748 2795 1915 2865 probe
1949 2796 2032 2850 in-

459 2898 669 2944 structa
700 2903 1061 2959 cognoscens,
1111 2903 1279 2958 seque
1307 2885 1471 2960 465
1497 2886 1642 2956 quod
1667 2896 1944 2954 paraverat
1975 2886 2027 2940 in

457 2981 592 3036 urbe
625 2995 733 3035 non
763 2995 925 3050 posse
952 2979 1200 3044 exsequi,
1247 2979 1515 3034 adversus
1549 2977 1766 3032 Cretam
1795 2977 2025 3034 classem

455 3085 509 3126 et
539 3073 840 3129 exercitum
884 3086 1104 3128 movere
1129 3071 1322 3126 suadet
1347 3071 1686 3141 imperatori.
1737 3070 1872 3123 Dum
1913 3071 2028 3128 haec

2138 1983 2198 2019 σε
2232 1966 2512 2038 Καίσαρα,
2569 1970 2707 2023 ἀλλὰ
2754 1971 2843 2025 διὰ
2899 1973 2992 2028 τὸν
3035 1975 3296 2049 πενθερόν
3341 1994 3436 2031 σου
3466 1980 3730 2034 ἀδυνατεῖ

2135 2055 2295 2111 τοῦτο
2337 2058 2582 2128 ποιῆσαι.
2633 2061 2690 2114 ’0
2744 2061 2801 2114 δὲ
2860 2063 3166 2133 ἀπατηθεὶς
3216 2070 3330 2130 ’τοῖς
3394 2069 3582 2139 ὅρκοις
3628 2071 3727 2124 τοῦ

2136 2148 2443 2216 Βασιλείου,
2504 2152 2695 2221 γέγονε
2745 2155 2885 2209 κατὰ
2923 2156 3016 2208 τοῦ
3059 2158 3343 2229 Καίσαρος
3391 2161 3580 2231 Βαρδα
3631 2164 3726 2217 τοῦ

2138 2239 2270 2294 ἰδίου
2332 2242 2618 2313 πενθεροῦ.
2663 2245 2768 2298 Καὶ
2800 2244 3059 2301 εἰσελθὼν
3110 2249 3191 2311 είς
3221 2248 3316 2302 τὸν
3371 2249 3602 2320 βασιλέα
3637 2252 3726 2318 ἐξ-

2133 2333 2388 2402 ωμόσατο
2419 2335 2841 2408 πληροφορήσας
2893 2338 3076 2402 αὑτὸν,
3129 2342 3205 2403 ὡς
3255 2340 3316 2394 Ὀ
3349 2343 3566 2414 Καῖσαρ
3601 2344 3724 2414 βοός

2134 2425 2284 2480 λεταί
2312 2445 2370 2480 σε
2420 2427 2649 2494 ἀνελεῖν,
2690 2429 2922 2494 ἐξειπὼν
2971 2433 3066 2485 καὶ
3093 2432 3159 2486 τὰ
3182 2433 3282 2503 τῆς
3315 2433 3534 2505 βουλῆς.
3582 2439 3643 2490 ’0
3665 2437 3720 2491 δὲ

2135 2517 2394 2589 βασιλεὺς
2449 2521 2564 2583 τοῖς
2609 2521 2794 2592 ὅρκοις
2826 2522 2922 2575 τοῦ
2961 2523 3272 2593 Συμὸατίου
3318 2527 3590 2591 πεισθεὶς,
3627 2531 3722 2583 καὶ

2133 2614 2244 2674 τοῖς
2277 2610 2565 2679 λόγοιςτοῦ
2599 2611 2877 2666 Βασιλείου
2900 2615 3240 2684 βεΰαεωοεὶς,
3261 2617 3548 2688 ένδομὺχει
3577 2622 3720 2674 κατὰ

2133 2702 2226 2756 τοῦ
2253 2704 2551 2774 Καίσαρος.
2603 2703 2772 2768 Εἰδὼς
2801 2705 2858 2759 δὲ
2909 2706 3188 2770 Βασίλειος
3223 2709 3307 2762 ὅτι
3329 2710 3506 2764 πάντα
3532 2712 3720 2776 καλῶς

2133 2795 2275 2850 κατὰ
2320 2795 2416 2849 τοῦ
2463 2798 2743 2868 Καίσαρος
2795 2799 3216 2860 συνεσκεύαστο.
3260 2803 3318 2854 ἐν
3347 2804 3412 2872 τῇ
3448 2804 3609 2856 πόλει
3645 2805 3720 2874 μὴ

2131 2885 2428 2955 δυνάμενος
2448 2885 2604 2940 τοῦτο
2635 2891 2880 2958 ποιῆσαι.
2900 2889 3079 2943 πείθει
3108 2892 3200 2944 τὸν
3227 2891 3454 2961 βασιλέα
3490 2897 3719 2962 κινῆσαι

2135 2981 2321 3034 στόλον
2370 2981 2463 3035 καὶ
2502 2983 2732 3051 στρατὸν
2768 2984 2908 3038 κατὰ
2953 2984 3054 3054 τῆς
3107 2987 3354 3055 Κρήτης.
3403 2987 3621 3043 Τούτου
3660 2990 3718 3044 δὲ

2131 3074 2450 3144 γενομένου,
2468 3074 2619 3127 Λέων
2646 3077 2673 3127 ὁ
2696 3074 2985 3142 Φιλόσοφος
3022 3075 3234 3146 Βάρδαν
3265 3077 3524 3147 Καίσαρα
3571 3098 3717 3150 παρ-

453 3174 767 3237 agerentur,
819 3163 929 3219 Leo
996 3163 1429 3232 Pbilososophus
1483 3162 1710 3216 Bardam
1756 3163 2024 3218 C;rsarem

2132 3165 2248 3237 ῄνει
2290 3165 2739 3228 ὑποστέλλεσθαι,
2779 3169 2874 3220 καὶ
2923 3170 3208 3240 συντηρεῖν
3242 3169 3432 3220 ἑαυτὸν
3469 3170 3581 3222 ἀπὸ
3609 3171 3716 3224 Βα-

454 3265 664 3317 monet,
713 3265 772 3310 ut
829 3271 887 3309 se
941 3254 1290 3314 Subduceret,
1343 3262 1398 3307 et
1447 3267 1478 3307 a
1531 3253 1730 3307 Basiiio
1787 3263 2022 3307 caveret.

450 3346 638 3403 Cresar
693 3345 750 3399 in
817 3345 1108 3400 adversum
1169 3344 1488 3413 imperatori
1547 3344 1912 3398 attestabatur
1971 3353 2030 3399 ut

456 3452 616 3506 parce
641 3435 848 3491 Basilio
887 3442 1149 3490 uteretur.
1191 3433 1641 3490 Annuntiationis
1673 3445 1854 3490 autem
1888 3435 2027 3490 festo

455 3529 522 3584 ad
561 3529 872 3592 ecclesiam,
928 3541 1052 3596 qua:
1082 3534 1167 3583 est
1217 3525 1271 3580 in
1321 3524 1737 3595 Chalcopratiis,
1765 3543 2024 3597 praeessu

451 3621 622 3684 facto,
657 3627 884 3690 peracto
935 3618 1209 3688 ingressu.
1259 3627 1313 3672 et
1348 3617 1643 3688 Evangelia
1675 3618 1834 3682 lecto,
1885 3619 2028 3673 Pho-

453 3714 564 3768 tius
599 3710 913 3782 patriarcha
944 3719 998 3764 et
1033 3711 1332 3780 imperator
1355 3724 1478 3764 cum
1499 3709 1713 3766 Caesare
1737 3720 1791 3766 et
1824 3711 2026 3767 Basilio

452 3804 768 3860 accubitore
797 3803 863 3858 ad
897 3803 1289 3858 catechumena
1329 3801 1787 3868 conscenderunt,
1839 3814 1894 3859 et
1927 3821 2024 3876 pa-

452 3897 694 3953 triarcha
744 3897 1049 3966 pretiosum
1100 3909 1302 3960 corpus
1353 3902 1408 3949 et
1450 3896 1771 3966 sanguinem
1808 3895 2024 3952 Domini

453 3989 626 4046 nostri
660 3987 787 4045 Jesu
815 3988 1017 4045 Christi
1047 3989 1304 4042 manibus
1343 3996 1585 4052 tenente,
1619 3989 1890 4044 calamum
1943 3989 2026 4044 in-

451 4082 726 4152 tingentes
775 4083 1074 4152 imperator
1107 4090 1159 4136 et
1209 4080 1446 4138 Basilius
1483 4081 1808 4137 venerandis
1849 4082 2027 4136 cruci-

456 4176 558 4229 bus
600 4173 888 4244 appositis,
940 4172 1384 4242 subscripserunt
1433 4172 1770 4242 iuramento,
1822 4173 2024 4230 Caesari

453 4264 788 4320 amrmantes
817 4280 942 4320 eum
977 4279 1097 4318 cum
1131 4265 1266 4334 ipsis
1297 4264 1688 4335 profectionem
1720 4267 1837 4320 siue
1877 4267 2024 4335 peri-

451 4357 578 4411 culo
638 4370 800 4428 posse
861 4369 1188 4424 capessere:
1251 4355 1359 4410 Leo
1406 4356 1603 4426 quippe
1662 4355 2026 4424 Philosophus

452 4450 683 4505 Bardam
740 4447 1031 4504 manifeste
1089 4449 1488 4512 obtestabatur,
1544 4463 1614 4501 ne
1664 4449 2025 4519 expeditionis

2132 3259 2349 3312 σιλείου.
2388 3258 2446 3312 ὐ
2478 3259 2534 3311 δὲ
2564 3260 2780 3328 Καῖσαρ
2809 3259 2897 3312 τὸν
2937 3258 3160 3329 βασιλέα
3183 3260 3343 3315 πάλιν
3367 3263 3715 3330 ὲπεςρωνείτο

2129 3347 2522 3418 φείδεσθαιτοῦ
2552 3347 2855 3400 Βασιλείου.
2881 3348 3186 3417 Γενομένης
3217 3347 3272 3401 δὲ
3311 3348 3412 3419 τῆς
3451 3348 3718 3419 προελεύ-

2130 3460 2266 3507 σεως
2301 3442 2378 3504 είς
2422 3440 2492 3494 τὰ
2543 3440 2941 3510 Χαλκοπράτια
2967 3439 3059 3493 τοῦ
3095 3440 3522 3508 Εὑαγγελισμοῦ
3550 3482 3565 3504 ,
3620 3443 3714 3495 καὶ

2127 3535 2227 3603 τῆς
2276 3532 2482 3586 εἰσόδου
2521 3531 2844 3602 γενομένης,
2905 3533 2998 3585 atat
3051 3531 3145 3585 τοῦ
3191 3532 3530 3599 Εὑαγγελίου
3557 3533 3711 3586 τελε·

2129 3625 2368 3688 σθέντος,
2403 3623 2631 3693 ἀνῆλθεν
2658 3625 2685 3676 ὅ
2718 3639 2776 3676 τε
2811 3623 3155 3692 πατριάρχης
3202 3623 3406 3684 Φώτιος
3435 3623 3534 3675 καὶ
3561 3625 3590 3676 ὁ
3617 3623 3712 3692 βα-

2129 3716 2305 3779 σιλεὺς
2335 3716 2430 3769 σὺν
2469 3715 2546 3784 τῷ
2597 3715 2840 3782 Καίσαρι
2894 3715 2990 3768 καὶ
3037 3713 3302 3784 Βασιλείῳ
3351 3731 3714 3784 παρακοιμω-

2131 3804 2275 3874 μένῳ
2321 3803 2379 3855 ὲν
2435 3805 2547 3866 τοῖς
2599 3803 3055 3873 κατηχουμένοις,
3091 3802 3185 3856 τοῦ
3230 3805 3582 3873 πατριάρχου
3623 3804 3712 3857 ἐπὶ

2127 3895 2316 3963 χεῖρας
2339 3892 2556 3963 ἔχοντος
2581 3893 2640 3947 τὸ
2673 3892 2853 3960 τίμιον
2887 3892 3048 3962 σῶμα
3069 3893 3161 3946 καὶ
3202 3888 3344 3962 αἷμα
3378 3893 3475 3947 τοῦ
3503 3895 3710 3966 Κυρίου

2127 3985 2284 4054 ἡμῶν
2347 3983 2521 4050 Ἰησοῦ
2574 3983 2833 4053 Χριστοῦ.
2887 3984 3000 4038 Καὶ
3051 3984 3323 4054 βάψαντες
3373 3985 3402 4038 ὃ
3438 4004 3503 4038 τε
3551 3987 3709 4056 βασι-

2127 4077 2250 4139 λεὺς
2279 4077 2415 4146 (58),
2445 4078 2538 4130 καὶ
2567 4077 2593 4129 ὁ
2624 4075 2928 4140 Βασίλειος,
2961 4077 3087 4140 τοὺς
3115 4077 3327 4147 τιμίους
3377 4078 3708 4150 ὑπέγραψαν

2129 4168 2416 4237 σταυροὺς,
2469 4168 2615 4235 ὅρκῳ
2658 4167 3004 4237 βεϐαιοῦντες
3043 4168 3134 4222 τὸν
3184 4169 3440 4239 Καίσαρα
3488 4173 3711 4242 ἀφόϐως

2126 4257 2358 4322 ἐξελθεῖν
2391 4258 2508 4326 μετ’
2557 4258 2738 4310 αὐτῶν
2783 4259 2841 4310 ὲν
2889 4258 2966 4328 τῷ
3000 4257 3267 4325 ταξειδίῳ.
3312 4260 3577 4331 Φανερῶς
3602 4265 3708 4333 γὰρ

2126 4347 2276 4400 Λέων
2307 4347 2648 4416 ὀΦιλόσοφος
2697 4351 3061 4418 παρηγγυᾶτο
3111 4350 3188 4419 τῷ
3227 4351 3410 4422 Βάρδα
3450 4353 3530 4424 μὴ
3560 4355 3705 4420 ἑξελο

2127 4439 2240 4492 θεῖν
2272 4439 2368 4492 σὺν
2429 4441 2631 4502 αὐτοῖς.
2674 4440 3062 4512 Ἐξερχόμενον
3113 4443 3222 4511 γὰρ
3255 4443 3441 4510 ἔλεγεν
3477 4447 3553 4515 μὴ
3585 4449 3706 4500 ὑπο-

449 4555 634 4597 comes
667 4541 886 4596 abiret:
935 4555 1220 4611 egressum
1263 4539 1409 4594 enim
1453 4540 1622 4594 semel
1661 4553 1769 4593 non
1820 4540 2026 4594 reditu-

2132 4529 2458 4600 στραφῆναι.
2502 4531 2634 4583 Ἀπὸ
2665 4531 2719 4585 δὲ
2765 4533 2862 4601 τῆς
2890 4533 3090 4603 ἑορτῆς
3141 4533 3233 4586 τοῦ
3282 4535 3439 4601 ἁγίου
3493 4539 3701 4606 Πάσχα,

449 4650 570 4689 rum
617 4632 972 4701 prredicebat.
1015 4631 1184 4687 Sacro
1212 4646 1340 4687 vero
1367 4630 1648 4686 Paschatis
1691 4630 1850 4694 festo,
1897 4645 2020 4685 cum

449 4726 693 4782 exercitu
739 4727 969 4795 copioso
1019 4724 1238 4780 solvens
1270 4723 1587 4793 imperator,
1636 4723 1702 4777 ad
1744 4722 2024 4777 Thracen-

450 4817 592 4871 sium
643 4818 825 4873 thema
866 4831 926 4872 se
967 4817 1238 4872 contulit:
1279 4815 1457 4870 classe
1495 4825 1675 4870 autem
1721 4815 1787 4869 ad
1821 4816 2020 4877 locum,

449 4907 539 4963 cui
570 4906 724 4963 Horti
786 4924 1014 4973 nomen,
1065 4909 1396 4977 appellcnte,
1461 4905 1696 4961 Basilius
1742 4908 2024 4962 accubitor-

449 4997 722 5053 Caesarem
767 4999 1015 5054 occidere
1065 4999 1471 5054 meditabatur:
1520 4997 1746 5052 aderant
1789 4997 2020 5051 consilio

451 5089 730 5148 Marianus
779 5090 900 5162 eius
955 5089 1146 5156 frater,
1193 5091 1386 5146 Petrus
1442 5089 1732 5160 Bulgarus,
1781 5088 2021 5144 Joannes

2127 4623 2346 4692 ἀπάρας
2384 4625 2410 4675 ὁ
2435 4623 2686 4693 βασιλεὺς
2722 4623 2858 4695 μετὰ
2880 4623 3078 4678 πολλοῦ
3110 4625 3364 4694 στρατοῦ,
3403 4631 3700 4683 κατέλαὸεν

2127 4718 2184 4770 ὲν
2215 4717 2290 4786 τῷ
2323 4717 2518 4786 Θέματι
2565 4716 2675 4769 τῶν
2722 4717 3075 4788 Θρᾳκησίων.
3118 4718 3616 4789 Ἀπληκευσάντων
3648 4723 3696 4775 δὲ

2123 4807 2302 4861 αὐτῶν
2325 4810 2404 4872 εἰς
2438 4809 2684 4878 Κήπους,
2719 4808 2998 4874 Βασίλειος
3044 4813 3552 4882 παρακοιμὼμενος
3587 4816 3696 4887 βου·

2124 4899 2224 4970 λὴν
2260 4902 2497 4954 ἐποιεῖτο
2541 4901 2750 4954 ἀνελεῖν
2792 4901 3064 4974 Καίσαρα.
3125 4902 3406 4973 ’Υπῆρχον
3437 4906 3499 4959 δὲ
3544 4911 3599 4960 ἐν
3633 4909 3690 4975 τῇ

2131 4993 2292 5064 βουλῇ
2319 4992 2598 5062 Μαριανδς
2623 4994 2651 5046 ὁ
2672 4993 2896 5061 ἀδελφὸς
2919 4994 3110 5061 αὑτοῦ,
3140 4996 3233 5049 καὶ
3259 4997 3472 5068 Πέτρος
3502 5001 3531 5054 δ
3553 4999 3696 5053 Βούλ-

2127 5102 2318 5156 γαρος,
2345 5086 2438 5138 καὶ
2471 5085 2723 5157 Ἰωάννης
2756 5088 2783 5139 ὁ
2815 5085 3073 5154 Χαλδίας,
3099 5089 3195 5140 καὶ
3240 5087 3652 5155 Κωνσταντῖνος
3672 5093 3697 5144 ὁ

1578 5207 1831 5264 FRANC.
1874 5203 2260 5263 COMBEFISII
2300 5205 2532 5263 NOTAE.

524 5307 637 5377 ('57)
672 5304 765 5361 Illi
805 5304 1053 5358 honorem
1079 5317 1190 5377 ceu
1222 5299 1724 5377 dominre_ha_beret:
1763 5317 1882 5355 eam
1920 5300 2022 5377 oh-

449 5369 716 5440 servaret,
751 5389 851 5430 nec
897 5385 1007 5426 tam
1046 5372 1148 5427 sibi
1191 5387 1416 5425 uxorem
1457 5371 1682 5426 haberet
1720 5386 1882 5440 quam
1920 5369 2016 5422 Mi-

450 5447 624 5501 chaeli
675 5445 1033 5514 spurcissimo
1069 5441 1435 5514 concubinam
1486 5450 1763 5496 servaret:
1799 5456 1865 5496 ex
1913 5455 2022 5510 quo

450 5517 615 5571 etiam
671 5511 792 5579 pag.
824 5514 931 5570 L68
973 5512 1178 5568 dicitur
1218 5511 1455 5566 Leonem
1509 5514 1841 5580 suscepisse.

522 5585 635 5653 (58)
667 5586 896 5640 Vivifico
932 5598 1124 5652 nempe
1155 5583 1325 5638 calice
1366 5580 1450 5634 ttsi
1484 5582 1786 5653 atramenti
1809 5584 1928 5653 loco
1954 5579 2020 5634 ad

455 5651 737 5709 horrorem
769 5669 832 5708 ac
863 5651 1182 5723 religionem
1214 5659 1560 5723 sacramento
1594 5651 2021 5723 conciliandam,

458 5736 620 5785 quam
653 5733 831 5776 tamen
852 5720 993 5776 fmdé
1023 5728 1179 5776 erant
1209 5721 1462 5773 violaturi
1492 5735 1505 5771 :
1543 5721 1674 5788 qttin
1702 5736 1879 5788 neque
1912 5720 2022 5775 alio

461 5788 641 5859 animo
696 5788 975 5859 iurabant,
1020 5805 1182 5858 quam
1235 5798 1294 5843 ut
1326 5789 1612 5857 deceptum
1659 5790 2022 5859 jurejurando

460 5855 734 5913 hoinem
769 5858 901 5914 urbe
939 5855 1253 5925 educerent,
1296 5872 1360 5915 ac
1392 5855 1675 5916 necarent.
1703 5855 1862 5916 Solus
1897 5859 2007 5916 Leo

2131 5299 2269 5369 hanc
2294 5299 2508 5352 videtur
2539 5298 2826 5354 hismriam
2859 5301 3104 5369 tetigisse
3127 5319 3141 5355 ε
3166 5299 3288 5356 Vat.
3307 5301 3694 5364 Continuator,

2128 5368 2313 5423 Basilii
2350 5371 2489 5423 forte
2523 5369 2848 5440 rever-eptia,
2879 5368 3100 5440 pressit.
3132 5371 3184 5425 in
3213 5373 3446 5440 gratiam
3482 5375 3694 5440 nepotis

2128 5440 2275 5493 illius
2291 5439 2660 5510 Constantini.
2679 5438 2765 5490 ‘Ev
2783 5439 3031 5510 ταξειδίῳ
3053 5438 3253 5494 dicitur
3273 5457 3395 5496 esse
3421 5438 3695 5510 princeps,

2127 5525 2249 5563 cutu
2301 5519 2454 5563 extra
2496 5509 2685 5562 urbem
2740 5509 2818 5561 vel
2852 5511 3018 5562 animi
3067 5525 3255 5575 causa,
3305 5512 3386 5565 vel
3422 5509 3692 5573 exercitii,

2129 5580 2245 5634 sive
2277 5581 2440 5634 etiam
2473 5578 2652 5633 bellici
2680 5587 2978 5647 apparatus
3023 5592 3282 5633 moratur.
3316 5579 3694 5634 I’rotlucemtts

2128 5649 2291 5720 Pselli
2335 5649 2598 5718 epistolas
2645 5657 2791 5720 torno
2829 5651 3018 5720 altero
3049 5649 3112 5701 ad
3163 5651 3544 5720 imperatores,
3595 5659 3697 5704 aut

2129 5719 2250 5786 eius
2308 5717 2538 5793 comites
2581 5720 2637 5772 ὲν
2669 5717 2940 5793 ταξειδίῳ.
2983 5720 3201 5793 quibus
3243 5717 3452 5793 nempe
3501 5733 3690 5777 eorum

2131 5797 2437 5860 temporum
2467 5789 2770 5845 illustretur
2801 5788 3054 5844 historia.
