1993 3116
135 161 202 192 1077

781 162 830 191 Cll
836 161 1107 192 RONOGRAPHIA

1708 164 1776 195 1078

134 215 258 252 Τοξαρᾶς
268 223 276 232 ⁸
291 215 418 250 Ἰωάννης
432 216 459 242 δὲ
473 216 488 243 ὅ
500 216 707 252 Νεατοκόμητος
717 216 814 250 διέγνω
827 217 922 244 ταῦτα.

989 216 1107 244 )haldius
1135 221 1163 244 et
1188 216 1388 245 Constantinus
1413 216 1560 245 Toxsras:
1589 216 1691 244 Joanni
1709 225 1774 244 vero

134 263 191 289 Kal
214 261 352 289 κατελθὼν
376 263 415 294 sic
436 262 486 297 τὴν
512 262 559 289 τοῦ
573 262 714 299 Καίσαρος
727 262 826 291 τένταν
846 263 925 299 ἡλίου

133 308 274 341 δὺναντος,
293 308 342 335 καὶ
358 307 500 343 συντυχὼν
519 309 666 344 Προκοπίῳ
684 309 928 345 πρωτοσεστιαρίῳ

133 355 182 382 τοῦ
196 355 336 391 Καίσαρος
351 354 538 382 διεσεὸαιοῦτο
556 355 639 391 αὐτῷ,
666 356 707 382 ότι
728 355 828 390 Αὔριον
847 356 929 391 μελη-

134 402 179 429 δδν
198 402 405 429 κατακόπτεται
424 402 439 428 6
463 402 597 436 δεσπότης
613 402 690 437 ὑμῶν
713 403 831 437 Καῖσαρ.
856 402 885 429 '0
900 402 929 429 δὲ

134 447 267 475 εἰσελθὼν
279 447 427 483 ἀνήγγειλε
437 448 523 475 ταῦτα
538 448 576 483 τῷ
585 448 715 483 Καίσαρι.
734 448 763 474 ὐ
777 448 806 475 δὲ
819 449 929 484 Καῖσαρ

135 494 223 522 ταῦτα
234 493 356 525 ἀκούσας
370 491 448 521 εἶπεν
477 494 623 529 Προκοπίῳ
634 502 641 509 ·
659 493 787 526 Ἀπελθε,
808 495 869 521 sint
890 494 930 530 τῷ

136 540 328 575 Νεατοκόμητι
339 548 346 556 ·
363 540 403 566 Τὰ
419 539 527 572 ζιζάνια
544 539 631 567 ταῦτα
648 541 680 567 σὺ
697 540 853 576 διεγείρεις.
864 541 930 576 Ὄρ⁴

136 586 203 619 θρου
218 585 245 612 δὲ
260 585 365 621 βαθέως
381 585 446 617 τοὺς
457 584 541 612 αὑτοῦ
554 586 657 618 πάντας
669 586 930 621 προσκαλεσάμενος

136 630 303 665 διεσάφησεν
328 630 362 657 τὰ
384 630 540 666 λαληθέντα
562 631 649 667 αὐτῷ,
669 631 768 666 βουλὴν
791 632 930 667 ἐπιζητῶν

138 676 203 712 παρ’
219 676 319 703 αὐτῶν.
328 676 454 709 Φιλόθεος
464 677 493 703 δὲ
508 677 753 712 πρωτοσπαθάριος
761 678 808 704 καὶ
822 678 931 712 γενικδς

137 722 293 758 προσφιλὴς
309 722 394 749 αὑτοῦ
412 722 460 756 ὢν,
477 721 554 750 εἶπεν
570 723 609 759 τῷ
625 724 746 760 Καίσαρι
757 733 764 739 ·
781 724 894 761 Αὔριον,
907 722 930 752 ὦ

135 767 267 801 δέσποτα,
281 769 431 804 περιϐαλῶ
448 769 494 797 τὸν
514 770 732 805 χρυσοπέρσικόν
753 779 800 798 σου
821 772 931 807 χιτωνί-

138 823 205 841 σκον
228 815 295 849 (59),
326 817 374 843 καὶ
398 816 496 851 ὄφθητι
524 818 581 849 τοῖς
607 817 716 854 ἐχθροῖς
733 827 797 844 σου·
812 819 860 845 καὶ
877 819 931 846 ἀπὸ

138 860 288 896 προσώπου
301 870 348 889 σου
366 862 521 896 φεύξονται.
537 862 590 890 Τοῦ
606 863 683 898 ἡλίου
698 863 725 891 δὲ
740 864 931 896 ἀνατείλαντος

140 907 217 942 ἵππῳ
230 907 329 939 ἐπιϐὰς
342 908 510 942 παρεγένετο
522 908 591 943 πρὸς
606 909 655 944 τὴν
676 910 777 945 κόρτην
790 909 837 937 τοῦ
853 910 930 946 βασι-

137 952 206 983 λέως
220 953 290 987 μετὰ
303 953 401 987 στολῆς
421 954 562 990 λαμπρᾶς.
579 956 784 987 Κωνσταντῖνος
803 956 831 983 δὲ
846 957 859 983 ό
879 957 931 984 Το-

139 998 225 1034 ξαρᾶς
242 1001 275 1035 τῇ
294 999 376 1036 βουλῇ
392 1001 439 1028 τοῦ
462 1002 602 1029 Βασιλείου
629 1004 824 1038 προῡπήντησε
846 1013 931 1039 προσ-

138 1045 261 1080 κυνήσας
276 1046 374 1072 αὐτόν·
401 1047 449 1073 καὶ
472 1047 593 1083 ἐμήνυσε
617 1049 753 1085 Βασιλειῳ
779 1049 827 1085 τὴν
847 1050 930 1077 αὐτοῦ

138 1090 258 1118 ἔλευσιν.
282 1090 422 1124 Βασίλειος
445 1092 474 1119 δὲ
488 1093 604 1126 ἐξελθὼν
620 1094 827 1130 προσεκύνησεν
838 1095 930 1127 αὑτὸν,

139 1137 188 1164 καὶ
200 1137 234 1173 τῇ
252 1139 325 1173 χειρὶ
351 1139 492 1174 κρατήσας
510 1141 687 1176 προσήγαγεν
701 1142 769 1177 πρὸς
786 1142 830 1168 τὸν
849 1142 932 1169 Βασίο

139 1184 213 1210 λειον
228 1183 379 1221 [βασιλέα].
398 1186 427 1213 '0
442 1186 470 1213 δὲ
484 1187 595 1222 Καῖσαρ
613 1187 812 1221 συγκαθεσθεὶς
833 1187 872 1223 τῷ
888 1188 934 1223 βα-

140 1229 223 1262 σιλεῖ,
235 1229 303 1265 ἔφη·
317 1230 371 1257 Τοῦ
385 1231 449 1257 λαοῦ
471 1231 583 1265 παντὸς,
599 1231 726 1264 δέσποτα,
744 1232 932 1267 ἐπισυνηγμέ-

140 1283 189 1301 νου
213 1275 366 1310 πρόσταξον
388 1275 553 1312 διαπερᾶσαι
580 1277 609 1303 ὲν
621 1278 653 1313 τῇ
681 1278 795 1314 Κρήτῃ·
820 1277 933 1305 ὄπισθεν

140 1320 171 1346 δὲ
195 1320 282 1354 ἑστὼς
310 1323 325 1349 6
343 1322 484 1354 Βασίλειος
513 1323 629 1350 δέδωκεν
649 1324 729 1350 αὑτὸν
751 1324 848 1360 [αὐτῷ]
864 1324 933 1359 μετὰ

140 1366 189 1392 τοῦ
205 1366 308 1402 ξίφους,
326 1369 373 1395 καὶ
388 1370 413 1396 οἱ
424 1369 513 1396 λοιποὶ
526 1369 584 1404 μετ’
599 1370 680 1396 αὐτὸν
698 1369 805 1406 [αὑτοῦ]
819 1371 933 1406 μεληδὸν

142 1412 296 1447 κατέκοψαν
313 1414 406 1447 αὑτὸν,
423 1415 470 1442 τοῦ
497 1415 630 1450 βασιλέως
650 1415 797 1450 βλέποντος
808 1425 814 1432 ·
828 1416 888 1452 ὥρα
905 1417 934 1444 δὲ

141 1456 264 1495 ἧντρίτη
289 1460 338 1495 τῆς
351 1461 469 1496 ἡμέρας.
496 1461 603 1493 Εὐθέως
629 1461 658 1488 δὲ
679 1462 693 1488 ὁ
713 1461 839 1497 βασιλεὺς
858 1464 906 1490 καὶ
919 1464 934 1490 6

142 1506 286 1538 Βασίλειος
297 1507 344 1533 ἐπὶ
362 1508 411 1544 τὴν
424 1508 502 1535 πόλιν
516 1508 702 1544 ὑπέστρεψαν.
723 1510 894 1545 Ἐρχομένων
906 1510 934 1538 δὲ

143 1552 216 1579 κατὰ
242 1551 273 1579 τδ
297 1554 429 1588 ἐμπόριον
457 1553 504 1581 τοῦ
525 1554 651 1589 ’Δκρίτα,
677 1554 742 1581 λαοῦ
759 1555 856 1583 πολλοῦ
873 1564 935 1583 συν-

143 1597 267 1633 ηγμένον
285 1599 349 1626 ἰδεῖν
368 1600 414 1626 τὸν
429 1600 552 1635 βασιλέα,
565 1598 606 1633 εἷς
619 1609 662 1633 τις
679 1601 826 1637 μοναχικὸν
844 1603 937 1638 σχῆμα

143 1644 380 1681 περιὸεϐλημένος
407 1647 449 1681 ἐφ’
478 1647 583 1682 ὑψηλῆς
608 1648 712 1683 πέτρας
735 1649 871 1683 ἐπεφώνει
900 1649 939 1685 τῷ

145 1690 268 1724 βασιλεῖ·
298 1691 388 1719 Καλὸν
400 1692 534 1725 ταξειδιον
557 1693 701 1728 ἐποίησας,
719 1690 741 1720 ὧ
754 1694 877 1729 βασιλεῦ,
892 1696 938 1722 τὸν

146 1736 215 1764 ἴδιον
228 1737 348 1772 συγγενῆ
379 1740 426 1765 καὶ
445 1739 474 1765 τὸ
502 1739 631 1774 πατρῷον
648 1737 717 1774 αἷμα
736 1740 809 1775 ξίφει
824 1741 937 1769 ἀνελών.

145 1783 216 1809 Οὐαί
232 1792 286 1816 σοι,
314 1784 375 1810 οὐαί
403 1793 455 1816 σοι,
473 1785 515 1812 ὅτι
530 1786 618 1812 ταῦτα
631 1786 778 1819 ἑποίησαςί
795 1786 939 1822 Θυμωθεὶς

146 1827 177 1855 δι
191 1829 205 1855 6
219 1828 347 1863 βασιλεὺς
366 1830 414 1857 καὶ
428 1831 442 1856 6
459 1830 599 1862 Βασίλειος
610 1831 805 1858 ἀποστέλλουσι
816 1832 940 1867 μαγγλα-

148 1873 228 1910 σίτην
242 1875 286 1902 τὸν
301 1876 535 1913 Μαυροθεόδωρον
549 1877 622 1911 ξίφει
632 1877 737 1905 ἀνελεῖν
748 1878 795 1904 τὸν
812 1879 938 1914 μοναχόν.

148 1921 182 1947 Ol
197 1920 226 1948 δὲ
241 1921 300 1949 λαοὶ
323 1923 543 1959 ὲπιδραμοῦντες
556 1923 778 1960 [ἱπιδραμόντες]
798 1924 879 1952 ἄνουν
893 1925 940 1952 καὶ

147 1967 330 2003 δαιμονοῦντα
358 1970 441 1997 αὐτὸν
466 1968 535 1998 εἶναι
549 1970 625 2007 Ladd.
640 1970 746 2007 ἔλεγον]
762 1979 768 1986 ·
786 1972 832 1998 καὶ
853 1970 938 2004 οὕτως

149 2014 227 2050 μόλις
241 2016 363 2051 παρῆλθε
374 2017 425 2051 τὴν
439 2018 585 2060 τιμωρίαν.

190 2062 254 2097 Ὀψὲ
269 2063 345 2099 [αάά.
361 2063 400 2100 δὲ]
415 2064 547 2101 Σαϐϐάτῳ
559 2065 610 2102 τῆς
618 2066 810 2101 Πεντηκοστῆς
818 2066 941 2102 ιμήνυσι

146 2108 244 2144 Φωτίῳ
261 2111 420 2147 πατριάρχῃ
444 2112 458 2138 6
473 2111 602 2146 βασιλεὺς
625 2111 671 2139 διὰ
690 2111 847 2139 Ῥενδακίου
864 2121 941 2148 πρω-

148 2155 340 2191 τοσεστιαρίου
364 2156 446 2184 αὐτοῦ
466 2157 517 2194 τὴν
538 2158 719 2193 ἀναγόρευσιν
733 2159 783 2194 τῆς
803 2158 943 2194 βασιλείας

150 2202 266 2237 ποιῆσαι
285 2202 423 2230 Βασιλείου
434 2212 442 2220 ·
456 2204 503 2231 καὶ
516 2206 549 2240 τῇ
565 2204 697 2240 ἐπαύριον
712 2205 824 2239 ὲξῆλθον
838 2205 884 2232 δύο
898 2213 943 2232 σε-

150 2248 209 2275 λία.
227 2249 258 2275 Ol
273 2248 301 2275 δὲ
324 2249 384 2276 λαοὶ
404 2248 635 2285 διεταράχθησαν,
651 2249 710 2282 πῶς
731 2250 791 2282 ἑνὸς
810 2250 942 2286 βασιλέως

951 1577 972 1605 C

979 262 1160 291 Neatocomiti
1192 263 1338 292 consilium
1376 264 1506 292 innotuit.
1545 263 1570 291 ls
1596 264 1708 291 veniens
1739 266 1773 292 ad

979 301 1098 337 Caesaris
1115 309 1275 340 tentorium.
1291 309 1436 338 occidente
1450 309 1520 341 sole,
1531 313 1559 337 et
1572 309 1705 344 Procopio
1716 310 1776 337 Cae-

980 356 1050 383 saris
1064 357 1278 391 protovestiario
1293 356 1383 384 tactus
1401 356 1512 384 obviam
1531 356 1703 384 aﬁirmabat:
1722 357 1776 384 Do-

985 403 1078 431 minus
1104 407 1197 431 vester
1224 402 1318 430 Caesar
1346 407 1456 436 postero
1482 410 1564 430 mane
1597 403 1774 431 membratim

980 449 1168 477 concidendus
1189 454 1242 477 est.
1270 449 1414 484 Ingressus
1441 449 1486 477 ille
1510 449 1647 476 nuntiavit
1662 448 1775 477 Caesari.

980 495 1072 524 Caesar
1088 496 1131 523 his
1152 495 1264 527 auditis,
1282 495 1416 531 Procopio
1429 495 1499 523 dixit
1519 495 1602 527 :Abi,
1617 495 1662 522 die
1675 494 1776 522 Neato-

981 542 1096 569 comiti:
1124 542 1187 570 llaec
1210 542 1315 569 zizania
1335 546 1363 569 tu
1380 543 1438 577 ipse
1457 542 1634 570 disseminas.
1661 543 1776 570 Summo

981 596 1047 616 vero
1068 588 1203 621 diluculo,
1231 596 1297 616 suos
1312 595 1410 616 omnes
1430 596 1613 624 congregans,
1631 597 1692 624 qnze
1705 597 1776 616 nun-

982 634 1048 662 tiata
1072 634 1191 666 fuerant,
1221 634 1428 662 manifestavil:
1455 639 1482 662 et
1502 635 1536 661 de
1555 635 1610 662 illis
1628 634 1774 662 consilium

981 679 1106 713 expetiit.
1135 678 1296 706 Pliilotheus
1323 679 1564 714 protospatharins
1587 683 1614 706 et
1637 680 1775 715 generalis

982 724 1071 752 ﬁdelis
1084 724 1146 759 ejus
1164 725 1270 752 amicus
1296 725 1366 752 dixit
1389 724 1491 753 Caesari
1510 733 1517 751 :
1537 724 1663 752 Crastina
1683 724 1737 758 die,
1758 733 1776 751 ο

982 770 1105 803 domine,
1116 770 1193 797 aurei
1203 775 1229 798 et
1241 769 1344 798 Persici
1355 770 1458 797 coloris
1474 770 1637 797 vestimento
1649 769 1774 802 induere,

983 819 1011 843 et
1026 815 1146 843 inimicis
1171 815 1226 843 tuis
1249 823 1342 844 coram
1372 823 1494 851 appare:
1523 824 1537 842 λ
1565 815 1635 843 [acie
1658 821 1705 842 tua
1734 816 1773 842 illi

985 860 1101 896 fugient.
1123 861 1188 889 Sole
1218 861 1311 897 itaque
1338 862 1480 889 exoriente
1508 869 1661 889 conscenso
1691 869 1774 896 equo.

984 908 1018 935 ad
1034 908 1206 942 imperatoris
1218 908 1379 935 comitatum
1403 912 1481 936 veste
1503 908 1645 943 splendida
1670 907 1776 942 fulgens

984 954 1110 982 accessit.
1122 953 1237 989 Moxque
1250 954 1448 982 Constantinus
1463 954 1585 981 ’l‘oxaras
1599 953 1691 981 Basilii
1707 961 1774 980 cou-

984 1000 1047 1028 silio
1062 1008 1167 1028 morem
1192 1000 1365 1028 exliibiturus
1391 999 1603 1028 venerabnndus
1619 999 1775 1035 procubuit,

984 1051 1013 1074 et
1032 1046 1092 1082 ejus
1113 1046 1259 1074 adventum
1279 1046 1381 1074 Basilio
1396 1040 1571 1081 signiﬁcavit.
1590 1045 1709 1073 Basilius
1726 1053 1776 1080 pa—

987 1094 1055 1120 riter
1069 1101 1230 1128 progrcssus
1247 1093 1384 1121 Caesarem
1402 1097 1550 1120 veneratus
1573 1097 1625 1123 est,
1652 1097 1678 1119 et
1694 1099 1776 1119 manu

986 1137 1189 1172 apprehensum
1208 1138 1241 1165 ad
1263 1138 1458 1173 imperatorem
1480 1137 1603 1165 deduxit.
1617 1137 1710 1165 Caesar
1726 1136 1778 1163 im-

985 1184 1107 1219 peratori
1128 1184 1253 1212 assidens
1266 1184 1355 1211 dixit:
1383 1183 1510 1211 Exercitu
1528 1188 1630 1211 cuncto
1644 1183 1701 1218 jam
1719 1184 1778 1210 ccl-

987 1230 1058 1258 lecto
1072 1231 1147 1265 iube,
1164 1231 1287 1262 domine,
1307 1231 1334 1257 in
1353 1230 1462 1258 Cretam
1487 1229 1671 1257 transfretari.
1701 1229 1778 1257 Basi-

987 1277 1041 1304 lius
1056 1285 1121 1304 vero
1137 1283 1211 1305 retro
1231 1282 1309 1305 stans
1321 1277 1412 1312 gladio
1433 1278 1516 1304 ictum
1534 1276 1659 1311 impegit,
1676 1282 1702 1302 ct
1716 1280 1780 1311 post

987 1330 1050 1351 eum
1069 1324 1166 1358 reliqui
1190 1323 1327 1351 Czesarem
1354 1323 1520 1357 imperatore
1535 1321 1619 1358 466
1639 1326 1779 1356 spectante

988 1370 1163 1398 membratim
1176 1369 1366 1397 conciderunt.
1383 1369 1448 1396 Erat
1464 1368 1531 1396 hora
1542 1368 1596 1396 diei
1615 1368 1703 1395 tertia.
1717 1367 1779 1395 Sta-

988 1416 1036 1444 tim
1053 1421 1144 1445 autem
1158 1417 1307 1452 imperator
1320 1420 1347 1444 et
1369 1415 1488 1443 Basilius
1502 1415 1530 1443 in
1547 1415 1643 1443 urbem
1662 1414 1779 1449 regressi

989 1466 1064 1490 sunt.
1085 1462 1118 1489 Et
1139 1463 1173 1490 ad
1197 1466 1306 1497 portum
1323 1461 1425 1489 Acriter.
1445 1461 1656 1496 appellentibus,
1683 1460 1779 1487 ctinsis

989 1514 1023 1535 ex
1042 1506 1109 1534 urbe
1124 1507 1231 1534 civibus
1245 1506 1420 1541 imperatoris
1434 1505 1544 1533 videndi
1566 1506 1685 1540 cupidis,
1710 1513 1778 1532 non-

991 1553 1082 1581 nullus
1104 1554 1258 1581 monastico
1286 1553 1381 1580 habitu
1396 1552 1510 1580 indutus
1535 1560 1549 1580 e
1570 1553 1682 1580 sublimi
1701 1557 1776 1587 petra

989 1601 1022 1628 ad
1044 1601 1236 1635 imperatorem
1265 1599 1487 1627 vociferabatur:
1518 1599 1680 1627 Prmclaram
1706 1605 1780 1626 certe

989 1646 1194 1681 expeditionem
1219 1645 1377 1680 suscepisti.
1401 1652 1418 1672 o
1433 1645 1592 1680 imperator,
1608 1645 1654 1679 qui
1671 1644 1778 1671 aliinem

990 1692 1039 1720 tibi
1067 1692 1246 1727 conjunctum
1271 1696 1299 1719 et
1325 1696 1470 1727 paternum
1501 1691 1663 1725 sanguinem
1691 1691 1780 1725 gladio

990 1739 1126 1767 ell‘udisti:
1140 1747 1180 1767 vae
1195 1739 1254 1770 tibi,
1272 1747 1312 1766 ras
1323 1739 1385 1771 tibi,
1401 1739 1448 1774 qui
1466 1738 1518 1766 hor:
1539 1739 1668 1774 petrasti!
1689 1737 1779 1765 iratus

991 1786 1142 1821 imperator
1159 1791 1186 1813 et
1199 1785 1329 1818 Basilius,
1354 1785 1515 1813 carniﬁcum
1541 1785 1692 1820 principem
1719 1785 1782 1812 mit-

992 1835 1054 1858 tunt
1065 1831 1339 1863 Maurotheodorum,
1358 1830 1406 1865 qui
1422 1831 1587 1858 monachum
1604 1831 1694 1866 gladio
1712 1831 1780 1857 inte.

991 1877 1113 1905 rimeret.
1137 1875 1284 1904 Cout‘ertus
1296 1882 1361 1902 vero
1375 1875 1493 1909 populus
1510 1875 1665 1902 dementem
1683 1879 1710 1901 et
1725 1874 1783 1909 agi-

993 1927 1079 1951 tatum
1092 1922 1217 1951 daemone
1233 1920 1425 1949 conclamabat
1439 1929 1447 1947 ;
1461 1926 1545 1956 atque
1559 1920 1603 1948 ita»
1613 1920 1656 1947 vix
1674 1927 1782 1955 poenam

993 1969 1099 2005 eﬁ‘ugit.

1029 2061 1163 2090 Creterum
1193 2061 1307 2089 sabbato
1332 2061 1509 2090 Peutccostes
1538 2060 1609 2087 circa
1642 2066 1788 2093 vesperam

994 2108 1090 2136 Plautio
1110 2108 1272 2144 patriarchae
1283 2115 1331 2143 per
1345 2106 1514 2136 Rendaeium
1533 2106 1784 2142 protovestiarium,

995 2155 1102 2189 imperii
1113 2154 1284 2182 consortium
1302 2154 1403 2182 Basilio
1419 2153 1533 2186 factum,
1547 2157 1576 2180 ut
1589 2159 1682 2180 coram
1699 2159 1787 2179 enun-

998 2202 1088 2233 tiaret.
1109 2201 1283 2236 signiﬁcavit.
1311 2200 1428 2229 Postero
1445 2200 1488 2228 die
1510 2200 1590 2228 sellae
1610 2200 1670 2226 duae
1691 2197 1788 2225 delata

996 2251 1081 2274 sunt:
1103 2246 1219 2281 populus
1234 2254 1299 2274 vero
1320 2246 1373 2274 sub
1395 2253 1450 2272 uno
1470 2244 1652 2280 imperatore,
1676 2248 1705 2271 ut
1728 2243 1792 2270 duas

150 2296 231 2328 ὕντος
257 2296 304 2323 δύο
325 2297 401 2323 σελία
415 2297 539 2333 ἐξῆλθον.
560 2297 614 2324 Τοῦ
631 2298 658 2325 δὲ
677 2298 810 2333 βασιλέως
828 2299 935 2334 ’διερχο-

998 2294 1070 2321 εειιιε
1090 2293 1273 2325 deferrentur,
1289 2292 1465 2327 obstupebat.
1487 2291 1652 2327 imperatore
1672 2290 1786 2318 solemni

152 2342 235 2378 μένου
246 2344 275 2370 ὲν
286 2344 319 2379 τῇ
331 2343 493 2379 προελεύσει
504 2343 618 2371 δπισθεν
630 2344 771 2376 Βασίλειος
782 2345 943 2381 περιεπάτει

151 2389 245 2426 φορῶν
266 2391 476 2426 σκαραμάγγιον
490 2391 560 2427 μετὰ
574 2391 700 2423 σπαθίου,
719 2391 757 2424 ὠς
780 2391 840 2424 ιθος
853 2400 943 2427 παρα-

152 2437 353 2473 κοιμωμένοις’
371 2438 453 2473 μέχρι
475 2437 505 2464 δὲ
523 2437 577 2464 τῶν
589 2437 737 2474 βασιλικῶν
753 2437 845 2465 πυλῶν
860 2437 945 2465 ὲλθὼν

152 2485 168 2510 ό
185 2483 324 2519 βασιλεὺς,
343 2485 394 2511 οὐκ
411 2484 529 2511 ἀπέθετο
540 2484 571 2511 τὸ
583 2484 692 2519 στέφος,
709 2483 801 2515 καθὼς
814 2484 875 2516 ἔθος
886 2484 945 2510 ἐστὶ

153 2531 211 2562 τοῖς
227 2529 378 2565 βασιλεῦσι,
398 2529 466 2557 ἀλλὰ
483 2530 543 2566 μετ’
556 2530 640 2557 αὐτοῦ
653 2529 779 2565 εἰσῆλθεν
795 2529 876 2565 μέχρι
891 2529 945 2556 τῶν

154 2576 243 2610 ἁγίων
255 2575 356 2611 θυρῶν,
370 2576 417 2602 καὶ
431 2576 627 2611 ἀντιστραφεὶς
644 2575 729 2610 ἀνέϐη
740 2577 815 2611 τρεῖς
823 2575 945 2610 βαθμοὺς

153 2623 201 2650 τοῦ
216 2622 342 2658 ἄμϐωνος
355 2623 523 2658 ἐστεμμένος
535 2631 542 2638 ·
555 2623 602 2649 καὶ
614 2622 744 2649 ὑποκάτω
759 2620 805 2648 τοῦ
820 2621 946 2657 ᾶμσωνος

155 2671 298 2702 Βασίλειος
312 2672 326 2697 ό
342 2670 603 2706 παρακοιμώμενος,
621 2668 744 2695 κάτωθεν
760 2668 788 2694 δὲ
804 2667 946 2694 Βασιλείου

155 2718 232 2746 Λέων
254 2720 268 2745 6
293 2718 405 2753 κάστωρ
425 2715 596 2753 [κοιαίστωρ]
619 2715 667 2742 καὶ
692 2714 845 2750 ἁσηκρῆτις
874 2714 945 2749 ἔχων

155 2766 240 2801 τόμον
255 2766 302 2792 ἐπὶ
317 2766 422 2801 χεῖρας,
445 2765 492 2791 καὶ
516 2763 627 2799 Μιχαὴλ
645 2761 825 2797 πραιπόσιτος
845 2761 859 2787 6
882 2761 946 2796 Ἀγ-

726 2818 849 2847 FRANC.
867 2818 1061 2847 COllllEFISll
1079 2816 1193 2845 ΝΟΤιΕ.

999 2348 1128 2376 processu
1143 2340 1343 2376 progrediente,
1353 2338 1481 2368 Basilius.
1493 2343 1523 2366 ut
1532 2337 1617 2365 moris
1626 2337 1790 2370 accubitori,

997 2387 1114 2415 breviori
1130 2388 1221 2415 tunica
1239 2390 1365 2417 ornatus,
1382 2385 1507 2421 spatham
1524 2392 1622 2420 gerens
1634 2383 1787 2412 incedebat.

996 2433 1037 2461 Ad
1052 2433 1238 2468 regiasautem
1251 2439 1340 2467 usque
1351 2435 1446 2466 portas
1459 2430 1786 2466 progressnsimperator,

996 2480 1135 2513 diadema,
1152 2484 1232 2514 prout
1249 2479 1428 2513 imperatores
1449 2477 1548 2509 solent,
1571 2484 1625 2504 non
1650 2476 1786 2512 deposuit.

997 2526 1044 2553 sed
1069 2526 1103 2554 ad
1117 2529 1226 2553 sanctas
1247 2532 1334 2560 usque
1354 2523 1427 2551 fores
1445 2531 1507 2552 cum
1526 2531 1560 2552 eo
1582 2524 1744 2559 penetravit,
1763 2528 1790 2551 et

997 2579 1071 2603 retro
1084 2582 1188 2606 versus,
1207 2581 1239 2601 ac
1254 2573 1396 2601 redimitus
1409 2573 1537 2601 ambonis
1552 2572 1653 2609 gradus
1669 2577 1723 2599 tres
1742 2579 1790 2598 as-

998 2622 1099 2650 cendit.
1110 2621 1182 2649 lnl‘ra
1196 2621 1339 2648 ambonem
1358 2620 1447 2648 stabat
1459 2620 1575 2647 Basilius
1590 2618 1791 2648 accnbitor,in-

999 2668 1040 2696 {ra
1049 2668 1178 2697 Basilinm
1190 2675 1253 2695 vero
1262 2672 1392 2702 qnmstor,
1401 2671 1428 2694 et
1436 2675 1451 2694 a
1460 2665 1573 2694 secretis
1584 2664 1637 2691 Leo
1650 2663 1791 2691 renuntia—

1000 2714 1083 2742 tionis
1104 2713 1226 2741 libellum
1241 2712 1369 2740 manibus
1384 2716 1481 2739 tenens
1493 2730 1500 2742 ,
1514 2714 1541 2738 et
1553 2709 1666 2736 Michael
1686 2715 1789 2743 praepo-

1001 2761 1072 2789 situs
1086 2760 1214 2795 Anguraa.
1227 2764 1327 2787 etcum
1345 2757 1471 2785 tribubus
1484 2755 1574 2791 populi
1588 2763 1682 2782 earum
1697 2754 1790 2782 duces.

1686 2835 1709 2844 η.

195 2871 253 2905 (39)
268 2871 315 2903 Τδ,
328 2870 571 2905 χρυσοπέρσικον
586 2868 777 2905 χιτωνίσκον,
792 2866 820 2894 P.
832 2866 933 2905 Gnar_n

1007 2865 1128 2905 Caesaris
1138 2865 1244 2900 insigne
1256 2868 1324 2892 crat.
1339 2861 1453 2890 Vidcndi
1468 2860 1524 2889 illic
1539 2859 1614 2887 docti
1631 2857 1704 2886 illius
1715 2865 1792 2885 coru-

160 2901 259 2936 αἱ(ίίΙῆ
280 2901 390 2943 capiti)
406 2901 515 2934 caesiain
529 2901 651 2933 tunicam
664 2903 786 2939 exponit,
798 2911 857 2938 qn-c
873 2902 946 2930 velut
1003 2901 1141 2929 trientarii.
