3986 6232
315 321 453 390 1081

1517 333 1520 338 ’
1595 325 2272 390 CHRONOGRAPBIA.

3445 321 3592 388 1032

301 440 400 496 τοῦ
429 437 661 510 Πηγάνη
691 438 1052 512 θυμιατήριον
1081 438 1405 511 οστράκινον
1455 441 1658 512 θυμιᾷν
1692 442 1856 495 αὐτόν
1874 459 1903 490 οη

2008 443 2246 513 quisque.
2282 442 2430 513 quod
2473 447 2788 512 suggereret
2835 437 3058 494 animus
3085 478 3100 502 ,
3136 437 3426 494 mittebat:
3483 438 3587 491 tri-

305 531 403 586 καὶ
433 529 841 599 ἀποτυφλώσιν
873 530 1038 586 αὑτὸν
1067 530 1378 599 Συμϐάτιον
1403 528 1497 584 τδν
1543 531 1642 584 ἱνα
1686 531 1891 600 ὀφθαλ-

2001 532 2213 601 busque
2253 531 2445 587 diebus
2497 531 2728 600 peractis
2759 530 2814 585 in
2853 530 3102 600 proprias
3149 530 3343 585 domos
3392 539 3585 585 custo-

308 624 432 695 μὸν,
461 623 557 676 xci.
591 622 924 677 ἐκκόπτουσι
951 622 1045 677 καὶ
1070 624 1168 693 τὴν
1197 623 1379 690 δεξιὰν
1406 621 1572 677 αὐτοῦ
1593 626 1774 694 χεῖρα,
1798 623 1895 677 καὶ

2008 619 2228 676 diendos
2247 619 2610 675 adduxerunt.
2635 620 2808 676 Porro
2835 619 3064 674 Michael
3089 619 3387 688 imperator
3414 621 3585 676 misso

305 715 572 771 ὲκάθισαν
607 714 768 768 αὐτὸν
789 715 871 778 είς
897 715 967 767 τὰ
995 714 1236 777 Λαύσου,
1274 715 1368 768 καὶ
1399 712 1669 767 δεδώκασι
1701 713 1897 778 σκεῦος

307 810 370 863 ἑν
402 808 482 879 τῷ
514 808 702 879 κόλπῳ
733 806 925 871 αὐτοῦ,
958 809 1048 860 ἶνα
1081 808 1140 871 ὃς
1170 808 1266 878 ἔχῃ
1301 808 1647 878 προαίρεσιν,
1677 806 1898 878 turpat-

307 917 422 973 πτῃ
473 900 624 970 αὐτῷ
659 917 732 953 τι.
796 901 904 953 Καὶ
963 900 1082 969 μεθ’
1131 901 1348 970 ἡμέρας
1409 901 1558 969 τρεῖς
1609 899 1898 967 ἀπήγαγον

309 994 510 1056 αὐτοὺς
572 997 630 1047 ὲν
691 997 806 1057 τοῖς
868 993 1022 1056 ίδίοις
1080 994 1252 1057 οἴκοις
1305 993 1524 1063 ἔχοντες
1562 994 1620 1046 ὲν
1660 993 1894 1064 φρουρᾷ.

320 1086 383 1140 '0
411 1087 466 1140 δὲ
513 1085 767 1154 βασιλεὺς
805 1086 1026 1155 Μιχαὴλ
1071 1086 1402 1148 ἀποστείλας
1434 1084 1758 1155 μηχανικὸν,
1807 1085 1900 1138 τὸν

312 1177 607 1245 λεγόμενον
637 1177 909 1246 Λάϐαριν,
954 1176 1138 1245 ἐξάγει
1171 1179 1583 1230 Κωνσταντῖνον
1631 1176 1724 1228 τὸν
1782 1177 1899 1229 Κα-

314 1271 562 1324 6αλλῖνον
589 1271 654 1322 ὲκ
677 1269 773 1322 τοῦ
803 1269 996 1337 τάφου,
1027 1269 1088 1322 ὃν
1113 1263 1269 1340 εὗρεν
1295 1269 1443 1338 ὑγιῆ·
1473 1269 1567 1321 καὶ
1584 1267 1754 1320 θέλων
1781 1268 1900 1320 εἱσ-

313 1365 544 1431 αγαγεῖν
578 1363 636 1414 ἐν
674 1362 863 1434 σάκκῳ
891 1363 1026 1432 (42),
1062 1363 1158 1416 καὶ
1194 1361 1267 1432 μὴ
1298 1361 1652 1430 χωρούμενον
1711 1358 1900 1414 ἐνετύ-

313 1454 463 1521 λιξεν
489 1455 653 1508 αὐτόν
715 1453 978 1518 ὡσαύτως
1012 1454 1106 1507 καὶ
1146 1451 1359 1521 Ἰαννῆν
1411 1453 1760 1523 πατριάρχην
1808 1451 1899 1518 t5-

311 1546 526 1615 ήγαγεν
561 1547 625 1599 lx
647 1544 744 1598 τοῦ
770 1545 941 1613 τάφου
981 1543 1098 1614 ἅμα
1132 1543 1209 1611 τῷ
1230 1543 1528 1614 ὠμοφορίῳ
1568 1541 1758 1597 αὑτοῦ.
1789 1542 1900 1596 Καὶ

311 1636 538 1700 τούτους
568 1636 863 1704 προστάξει
892 1635 987 1689 τοῦ
1020 1634 1286 1705 βασιλέως
1310 1635 1639 1689 ἀπέκλεισεν
1663 1637 1692 1687 ὁ
1718 1633 1899 1706 ὕπαρ-

313 1746 409 1798 χος
443 1732 502 1782 έν
534 1729 611 1800 τῷ
639 1730 978 1801 πραιτωρίῳ,
1002 1728 1098 1782 καὶ
1118 1730 1176 1782 ὲν
1203 1730 1269 1799 τῇ
1298 1726 1483 1797 ἡμέρᾳ
1513 1724 1739 1780 ἱππικοῦ
1762 1727 1898 1794 άγα-

1999 714 2210 769 artifice
2242 715 2464 769 nomine
2489 713 2683 769 Labari
2721 714 3142 769 Constantinum
3177 713 3522 768 Caballinum
3555 730 3588 768 e

1999 807 2255 874 sepulcro
2301 807 2514 872 eduxit,
2544 807 2703 875 cujus
2735 807 2966 861 cadaver
2994 823 3188 862 sanum
3232 816 3286 861 et
3314 807 3588 861 incolume

2004 903 2223 971 reperit,
2276 901 2571 969 volensque
2604 914 2764 953 sacco
2807 899 3225 965 circumponere
3250 939 3265 962 ,
3302 915 3425 953 cum
3469 901 3587 968 capi

2001 1007 2111 1048 non
2144 1001 2348 1062 posset,
2378 992 2763 1047 circumvolvit
2794 991 2946 1045 illud.
2984 989 3176 1045 Janctn
3217 992 3588 1062 patriarcham

2001 1083 2208 1153 pariter
2229 1097 2336 1136 una
2365 1097 2488 1136 cum
2525 1082 2686 1150 pallio
2724 1093 3078 1136 monumento
3107 1083 3290 1136 eruit:
3326 1098 3447 1137 mox
3486 1084 3590 1136 im-

2003 1174 2270 1243 peratoris
2300 1176 2571 1230 sententia
2601 1175 2895 1243 praefectus
2923 1175 2975 1229 in
3003 1175 3241 1243 praetorii
3275 1175 3590 1230 carceribus

2004 1266 2247 1328 inclusit,
2281 1277 2334 1320 et
2369 1267 2610 1334 equestri
2644 1268 2945 1320 certamine
2975 1268 3252 1323 celebrato
3284 1268 3590 1322 denudatos

2003 1359 2322 1412 verberibus
2368 1357 2595 1420 afﬂixit).
2621 1369 2678 1414 et
2730 1361 2796 1414 ad
2853 1359 3190 1414 AmaSIriani
3234 1359 3414 1413 locum
3463 1376 3590 1414 ossa

2002 1467 2196 1506 eorum
2234 1454 2402 1507 missa
2435 1453 2763 1508 combussit.
2801 1453 2841 1507 E
2875 1454 3057 1508 loculo
3093 1469 3224 1508 vero
3256 1453 3590 1524 Copronymi

2003 1544 2163 1596 viridi
2209 1557 2484 1598 marmore
2521 1553 2644 1600 arte
2686 1546 2822 1600 mira
2859 1546 3184 1616 composito,
3220 1555 3276 1600 et
3318 1561 3466 1600 serra
3498 1561 3594 1616 per

2003 1637 2288 1692 columnas
2315 1636 2483 1709 468
2522 1638 2698 1693 scisso
2751 1639 3010 1710 repagula
3043 1639 3094 1694 in
3150 1640 3484 1694 monasterio
3522 1641 3592 1694 ah

2001 1742 2070 1782 eo
2099 1729 2164 1783 ad
2199 1729 2358 1784 Phari
2396 1731 2658 1800 palatium
2689 1731 2912 1786 condito
2941 1729 3196 1786 confecit.

312 1824 425 1893 γὼν
478 1824 697 1885 αὐτοὺς.
733 1824 826 1877 καὶ
862 1821 1267 1892 ἀπογυμνώσας
1322 1820 1488 1888 ἔτυψε
1537 1820 1874 1890 μαγγλάὄια,
1918 1821 2012 1872 καὶ
2052 1823 2123 1875 τὰ
2181 1823 2316 1878 ὀστᾶ
2351 1824 2530 1878 αὐτῶν
2565 1823 2894 1889 ἀποστείλας
2947 1825 3291 1879 κατέκαυσεν
3357 1826 3415 1878 ὲν
3479 1826 3592 1878 τοῖς

326 1915 752 1986 Ἀμαστριανοί
771 1917 880 1986 Τὴν
903 1915 960 1969 δὲ
981 1915 1226 1984 λάρνακα
1247 1913 1342 1967 τοῦ
1365 1913 1634 1983 Κοπρωνύ
1644 1931 1744 1983 μου
1799 1913 2066 1983 πράσινον
2082 1912 2251 1970 οὖσαν
2289 1917 2386 1970 καὶ
2426 1917 2749 1989 θαυμαστὴν
2777 1917 3073 1988 διαπρίσας
3102 1915 3358 1987 ἐποίησεν
3394 1914 3594 1984 στήθεα

312 2014 372 2067 ὲν
421 2011 501 2081 τῷ
548 2012 640 2065 ὑπ’
695 2011 862 2065 αὑτοῦ
915 2009 1187 2063 κτισθέντι
1235 2007 1346 2080 ναῷ
1401 2009 1460 2060 ὲν
1513 2007 1592 2078 τῷ
1647 2007 1891 2076 παλατίῳ
1941 2011 1999 2062 ὲν
2049 2011 2129 2082 τῷ
2166 2012 2349 2083 Φάρῳ.

395 2104 696 2175 Ἐγεννήθη
719 2105 774 2156 δὲ
807 2104 962 2158 Λέων
993 2104 1022 2155 ὁ
1056 2101 1308 2171 βασιλεὺς
1343 2102 1407 2154 ὲκ
1433 2101 1652 2171 Μιχαὴλ
1683 2101 1780 2155 καλ¹
1804 2102 1903 2154 Εὐ-

2082 2105 2350 2159 Caeterum
2385 2105 2681 2177 imperator
2711 2105 2822 2162 Leo
2860 2121 2923 2162 ex
2961 2105 3220 2164 Michacle
3265 2115 3318 2162 et
3349 2105 3591 2162 Eudocil

310 2197 500 2260 δοκίας
545 2197 646 2266 τῆς
686 2193 983 2264 Ίγγιρίνης
1035 2193 1116 2245 ἔτι
1142 2192 1426 2264 περιόντος
1457 2191 1624 2246 αὑτοῦ
1666 2189 1760 2246 τοῦ
1791 2194 1901 2248 Μι-

312 2288 479 2360 χαὴλ,
516 2287 688 2357 μηνὸς
743 2287 1006 2357 τετάρτου
1039 2285 1150 2355 (43)
1187 2284 1399 2357 πρώτῃ,
1439 2284 1772 2348 ίνδικτιῶνος
1814 2291 1897 2339 ιε’.

326 2382 617 2451 Ἐποίησεν
641 2379 698 2432 δὲ
748 2377 974 2430 ἱππικὸν
1001 2377 1028 2429 ὁ
1061 2375 1315 2446 βασιλεὺς
1357 2376 1416 2428 ὲν
1463 2375 1543 2444 τῷ
1571 2375 1738 2446 ’Λγίῳ
1781 2376 1902 2429 Μά-

316 2493 482 2547 μαντι
509 2471 780 2535 ἱππεύσας
811 2471 1045 2542 βένετος.
1078 2470 1490 2531 Κωνσταντῖνος
1515 2469 1571 2522 δὲ
1617 2469 1647 2520 ὁ
1676 2467 1736 2533 ἐξ
1779 2468 1903 2538 Ἀρ-

317 2567 540 2640 μενίων,
555 2569 584 2619 ὁ
602 2565 782 2635 πατὴρ
798 2561 969 2633 Θωμᾶ
989 2562 1276 2632 πατρικίου
1303 2563 1397 2616 καὶ
1420 2562 1687 2630 γενεσίου,
1709 2562 1904 2634 δρουγ-

313 2662 510 2732 γάριος
544 2660 620 2712 ὢν
666 2659 764 2727 τῆς
796 2656 986 2726 βίγλας
1023 2655 1222 2709 ἵππευε
1259 2654 1472 2718 λευκὸς,
1533 2653 1794 2723 πράσινος
1844 2652 1901 2706 δὲ

318 2757 550 2810 ἵππευεν
596 2752 968 2820 ’Δγαλλιανὸς,
1021 2749 1237 2821 ρουσίος
1287 2749 1342 2801 δὲ
1369 2750 1397 2800 ὁ
1428 2748 1676 2819 Κρασᾶς.
1724 2747 1900 2817 Νική-

319 2859 514 2904 σαντος
534 2840 591 2894 δὲ
618 2840 714 2893 τοῦ
742 2840 1030 2911 βασιλέως,
1063 2839 1155 2891 καὶ
1183 2838 1274 2891 ἐπὶ
1295 2837 1512 2890 δείπνου
1544 2835 1903 2900 καθεσθέντος

316 2935 434 3002 ἅμα
450 2933 716 3003 Βασιλείῳ
733 2934 823 2986 καὶ
851 2932 1082 3002 Εὐδυκίᾳ
1109 2930 1526 2994 Βασιλισκιανὸς
1557 2929 1584 2982 ὁ
1611 2929 1902 3000 πατρίκιος

315 3025 509 3096 ἐπῄνει
539 3025 631 3077 τὸν
667 3023 892 3094 βασιλέα
941 3022 1018 3085 ὡς
1069 3021 1285 3088 εὐφυῶς
1315 3021 1585 3074 ἐλάσαντα
1619 3021 1678 3072 ὲν
1704 3018 1783 3087 τῷ
1800 3019 1902 3090 ἆρα-

320 3133 474 3186 ματι.
511 3113 714 3166 Τοῦτον
765 3113 1067 3180 ἀναστῆναι
1121 3108 1386 3173 κελεύσας
1446 3110 1474 3163 ὁ
1529 3106 1784 3177 βασιλεὺς
1835 3107 1902 3158 τὰ

314 3205 557 3276 τζαγγία
590 3204 756 3258 αὐτοῦ
808 3202 1111 3275 προσέταξε
1168 3202 1336 3270 σῦραι
1367 3201 1462 3254 καὶ
1505 3197 1900 3269 ὑποδήσασθαι.

317 3301 426 3354 Τοῦ
455 3301 510 3354 δὲ
528 3298 881 3361 ἀνανεύοντος
905 3296 1152 3366 καὶπρὸς
1170 3295 1454 3347 Βασίλειον
1474 3291 1901 3356 ἀποϐλέποντος,

2004 2194 2254 2265 lugerina
2283 2205 2440 2251 natus
2461 2206 2568 2260 est.
2589 2198 2884 2267 superstite
2905 2197 3082 2253 adhuc
3101 2197 3386 2262 Michaele,
3418 2197 3594 2266 prima

2005 2289 2214 2345 mensis
2242 2290 2422 2360 quarti
2455 2291 2562 2354 die,
2587 2290 2890 2346 indictione
2919 2291 3134 2346 decima
3162 2289 3374 2361 quinta.
3410 2288 3593 2358 Eque-

2004 2392 2146 2437 stres
2175 2397 2339 2452 porro
2368 2382 2547 2447 ludos,
2593 2383 2708 2452 ipse
2760 2393 2972 2438 veneta:
3002 2383 3225 2438 factioni
3261 2397 3597 2438 annumera-

2003 2483 2112 2536 tus,
2146 2474 2212 2528 ad
2244 2485 2492 2530 sanctum
2530 2473 2862 2530 Mamantem
2910 2477 3203 2544 imperator
3233 2475 3424 2530 edidit.
3450 2474 3597 2529 Con-

2003 2568 2282 2623 stantinus
2324 2578 2529 2634 autem,
2574 2585 2640 2625 ex
2695 2570 2946 2626 Armenis
2999 2572 3313 2638 oriundus,
3369 2569 3596 2626 Thomte

2003 2660 2214 2730 patricii
2247 2671 2299 2714 et
2349 2662 2619 2731 generalis
2668 2661 2957 2731 logotheta:
3007 2673 3180 2733 pater,
3236 2663 3592 2718 excubiarnm

2003 2751 2336 2822 drungarins
2379 2753 2521 2808 inter
2569 2754 2694 2810 illos
2741 2753 2916 2810 Albus
2965 2756 3254 2824 equitavit,
3295 2755 3595 2825 Agalianus

2003 2844 2269 2913 equitavit
2301 2844 2587 2910 Prasinus,
2626 2845 2732 2901 hoc
2777 2857 2862 2902 est
2900 2847 3112 2914 viridis,
3145 2847 3344 2902 Crasas
3372 2849 3592 2904 tandem

2005 2936 2258 2992 Bussius.
2279 2937 2618 3005 lmperatore
2635 2939 2913 2992 declarato
2945 2940 3172 2996 victore.
3206 2951 3258 2994 et
3285 2939 3350 2994 ad
3381 2955 3594 2995 caenam

1981 3043 2111 3082 'una
2143 3044 2269 3082 cum
2300 3027 2504 3083 Basilio
2533 3038 2587 3084 et
2623 3029 2862 3083 Eudoeia
2910 3029 3134 3084 sedente
3155 3073 3168 3091 ,
3201 3029 3596 3087 Basiliscianus

2007 3121 2303 3190 patricius,
2341 3122 2412 3176 ob
2443 3137 2668 3176 currum
2725 3123 2793 3176 ab
2827 3138 2894 3176 eo
2937 3123 3169 3178 solerter
3212 3133 3442 3187 rectum,
3493 3125 3599 3178 im-

2005 3222 2309 3284 peratorem
2361 3213 2636 3270 laudabat.
2706 3215 2842 3269 Eum
2895 3216 3194 3282 imperator
3244 3231 3492 3285 surgere,
3545 3226 3600 3271 et

2008 3305 2320 3376 imperiales
2354 3319 2546 3362 ocreas
2581 3307 2888 3372 detrahere,
2929 3317 2983 3362 et
3016 3305 3246 3362 induere
3281 3308 3467 3376 jussit.
3503 3307 3599 3362 lllu

317 3394 378 3446 ὲν
407 3389 567 3461 θυμῷ
597 3389 967 3459 προσέταττεν
992 3389 1020 3440 ὁ
1049 3387 1302 3458 βασιλεὺς
1325 3384 1485 3440 τοῦτο
1514 3385 1760 3454 ποιῆσαι.
1793 3381 1901 3436 Τοῦ

2009 3407 2293 3464 renuente,
2329 3408 2383 3454 et
2429 3399 2482 3453 in
2521 3398 2791 3453 Basilium
2829 3401 3019 3455 oculos
3055 3400 3401 3470 conjiciente,
3429 3399 3601 3468 impc-

317 3486 375 3540 δὲ
406 3483 691 3538 Βασιλείου
721 3479 1067 3543 ἐπινεύοντος
1105 3477 1276 3546 αὐτῷ,
1309 3477 1616 3548 ὑπεδήσατο
1649 3475 1719 3529 τὰ
1741 3473 1903 3543 τζαγ-

2010 3499 2160 3542 rator
2196 3503 2319 3542 cum
2353 3487 2540 3542 furore
2584 3489 2658 3542 ita
2696 3489 2811 3543 ﬁeri
2849 3489 3152 3544 mandavit.
3184 3494 3472 3546 Annuente
3495 3489 3600 3545 Ba-

317 3579 438 3647 γία.
470 3575 616 3644 Ἔφη
647 3575 702 3628 δὲ
730 3575 758 3627 ὁ
781 3571 1035 3642 βασιλεὺς
1069 3569 1186 3641 μεθ’
1213 3571 1381 3641 ὅρκου
1398 3568 1478 3640 τῷ
1509 3567 1797 3638 Βασιλείῳ,
1829 3565 1902 3630 ὡς

335 3672 508 3741 ’Υπὲρ
541 3672 598 3724 σὲ
630 3669 852 3724 κάλλιον
887 3667 1038 3737 αὐτῷ
1072 3666 1396 3736 πρέπουσιν.
1429 3667 1520 3734 Μὴ
1543 3665 1653 3735 γὰρ
1677 3665 1779 3718 οὐκ
1796 3663 1906 3734 ἔχω

325 3763 684 3830 ἑξουσίαν,ὼς
713 3762 772 3814 σὲ
794 3760 1019 3830 βασιλέα
1048 3759 1304 3828 ἐποίησα,
1338 3759 1435 3811 καὶ
1461 3757 1620 3810 ἄλλον
1644 3760 1902 3827 Romam;

326 3859 421 3912 καὶ
457 3857 744 3926 ὠργίζετο,
779 3853 920 3907 κατὰ
962 3851 1245 3906 Βασιλείου
1281 3849 1644 3920 θυμούμενος.
1689 3848 1906 3917 Aur.th-

323 3968 458 4006 ουσα
481 3951 538 4004 δὲ
569 3953 600 4020 ἡ
637 3948 868 4002 Εὖδοκία
903 3947 1008 4018 ἔφη
1042 3945 1119 4016 τῷ
1152 3944 1391 4015 βασιλεῖ’
1420 3943 1494 3996 Τὸ
1516 3943 1614 4013 τῆς
1630 3942 1907 4008 βασιλείας

321 4043 562 4113 ἀξίωμα,
607 4039 843 4095 δέσποτά
874 4055 999 4112 μου,
1057 4037 1198 4110 μέγα
1221 4037 1390 4098 ἐστὶν,
1421 4035 1517 4090 καὶ
1547 4035 1781 4102 ἀναξίως
1811 4037 1907 4088 καὶ

320 4137 489 4206 ἡμεῖς
533 4132 898 4204 ὲτιμήθημεν,
928 4133 1022 4186 καὶ
1047 4130 1108 4183 οὺ
1138 4130 1347 4184 δίκαιόν
1374 4130 1493 4182 ἐστι
1545 4128 1906 4199 καταφρονεῖ-

326 4235 454 4283 σθαι
497 4227 648 4283 αὑτό.
691 4227 752 4280 Ὀ
785 4227 844 4280 δὲ
902 4224 1158 4296 βασιλεὺς
1189 4219 1373 4278 εἶπεν
1429 4222 1520 4294 Μὴ
1563 4222 1734 4276 λυποῦ
1779 4221 1908 4294 περὶ

324 4320 520 4374 τούτου
539 4336 553 4351 ο
578 4320 668 4374 καὶ
709 4317 818 4389 γὰρ
847 4318 942 4371 καὶ⁸
960 4317 1052 4370 τὸν
1079 4315 1500 4371 Βασιλισκιανδν
1525 4314 1753 4386 βασιλέα
1769 4313 1910 4367 θέλω

325 4414 577 4484 ποιῆσαι.
615 4411 899 4474 Βασίλειος
946 4410 1002 4463 δὲ
1038 4410 1096 4462 ὲν
1154 4408 1310 4480 θυμῷ
1356 4407 1451 4460 καὶ
1496 4405 1642 4476 λύπῃ
1695 4405 1908 4474 μεγάλῃ

327 4505 572 4574 γέγονεν.
610 4502 952 4567 Ἐξελθόντος
972 4501 1027 4553 δὲ
1055 4500 1146 4554 τοῦ
1165 4500 1433 4566 βασιλέως
1457 4501 1512 4550 έν
1542 4498 1620 4569 τῷ
1644 4496 1907 4567 κυνηγίῳ,

332 4597 566 4670 μοναχός
621 4614 705 4659 τις
735 4596 1057 4666 ὑπαντήσας
1099 4593 1331 4646 δέδωκεν
1362 4589 1513 4661 αὐτῷ
1565 4591 1776 4661 χάρτην
1810 4589 1909 4659 τὴν

328 4689 452 4742 κατ’
501 4687 668 4744 αὐτοῦ
724 4686 1105 4758 μελετωμένην
1138 4683 1432 4753 ὲπιὸουλὴν
1485 4681 1590 4735 ὑπὸ
1624 4681 1908 4734 Βασιλείου

2006 3579 2151 3645 silio,
2209 3593 2404 3634 ocreas
2453 3578 2716 3648 imposuit
2755 3597 2768 3632 :
2839 3580 2915 3633 ait
2955 3595 3087 3635 vero
3135 3580 3359 3644 Basilio.
3423 3580 3594 3636 Deum

2007 3670 2313 3725 obtestatus
2357 3670 2701 3738 imperator:
2766 3669 2960 3726 Melius
3007 3673 3081 3725 illi
3119 3687 3286 3742 quam
3334 3673 3432 3727 tibi
3468 3689 3602 3728 cons

2007 3770 2209 3831 gruunt
2238 3761 2552 3829 :numquid
2576 3763 2741 3826 enim,
2776 3772 2836 3814 ut
2866 3770 2918 3815 te
2951 3763 3232 3826 constitui,
3267 3763 3434 3817 alium
3461 3763 3603 3832 pari-

2009 3862 2093 3907 ter
2141 3853 2524 3920 imperatorem
2571 3853 2794 3907 creandi
2846 3855 2977 3907 mihi
3027 3863 3269 3924 potestas
3313 3853 3444 3910 est?
3477 3853 3603 3909 llazc

2007 3946 2196 4002 dicens
2220 3945 2300 3999 ira
2324 3944 2526 4000 sensim
2552 3945 2606 3998 in
2632 3944 2895 4000 Basilium
2923 3946 3334 4000 exardescebal.
3365 3946 3601 4002 Eudocia

2007 4056 2138 4096 vero
2167 4040 2478 4111 lacrymans
2507 4039 2831 4108 imperatori
2862 4038 2998 4093 dicit
3031 4057 3044 4093 :
3086 4038 3308 4109 Imperii
3339 4039 3600 4111 dignitas,

2006 4130 2228 4188 domine
2258 4130 2353 4195 mi,
2389 4139 2653 4199 prtestans
2674 4140 2780 4192 est.
2807 4138 2862 4185 et
2889 4145 2951 4184 ea
2977 4144 3076 4185 nos
3101 4129 3312 4201 indigni
3344 4129 3598 4184 honorati

2009 4239 2203 4281 sumus
2228 4240 2242 4278 :
2267 4237 2443 4294 neque
2460 4223 2606 4277 illam
2633 4232 2982 4278 contemnere
2995 4221 3204 4293 justum
3227 4231 3330 4278 est.
3356 4219 3602 4293 Respon-

2008 4317 2086 4373 dit
2116 4317 2413 4387 imperator
2439 4335 2453 4371 :
2484 4314 2562 4371 Ne
2579 4333 2743 4387 super
2765 4315 2872 4372 hoc.
2901 4316 3157 4378 tristeris,
3182 4313 3599 4372 Basiliscianum

2010 4409 2076 4463 ad
2103 4407 2392 4479 imperium
2426 4423 2752 4478 promovere
2781 4409 2998 4464 animus
3020 4417 3124 4464 est.
3160 4409 3331 4466 Porro
3362 4407 3601 4464 Basilius

2013 4501 2091 4555 ira
2137 4510 2191 4556 et
2242 4516 2481 4556 maerore
2524 4516 2720 4571 magno
2775 4502 3077 4557 tenebatur.
3138 4500 3372 4572 Egresso
3419 4510 3600 4555 autem

2013 4593 2326 4664 imperaturi
2364 4594 2429 4648 ad
2460 4595 2792 4659 venandum,
2834 4602 3137 4648 monachus
3173 4593 3398 4663 quidam
3433 4593 3601 4648 char-

2013 4693 2124 4739 tam
2155 4701 2261 4755 qua
2305 4686 2518 4740 insidiae
2549 4701 2579 4741 a
2623 4684 2825 4740 Basilio
2867 4693 3072 4752 paratze
3106 4685 3394 4755 descriptae
3444 4693 3604 4739 erant

332 4780 486 4854 [add.
518 4777 848 4852 μηνύοντα].
888 4779 953 4832 Ὃ
989 4777 1254 4845 ἀναγνοὺς
1288 4778 1382 4829 καὶ
1413 4774 1688 4844 θυμωθεὶς
1710 4771 1903 4844 μελετᾷ

2011 4779 2259 4834 tradidit.
2293 4779 2367 4833 Ea
2402 4779 2561 4842 lecta.
2593 4788 2646 4834 et
2667 4780 2720 4832 in
2743 4779 2984 4832 furorem
3015 4794 3225 4844 versus,
3250 4779 3302 4832 in
3340 4778 3600 4834 Basilium

328 4872 474 4926 κατὰ
506 4871 808 4926 Βασιλείου.
850 4871 962 4939 Τῆς
981 4869 1037 4922 δὲ
1079 4867 1286 4939 μητρὸς
1309 4865 1474 4921 αὑτοῦ
1507 4863 1789 4935 Θεοδὼρας
1813 4880 1911 4916 και-

331 4965 570 5035 λεσὰσης
617 4961 965 5034 τὸνβασιλέα
1014 4962 1097 5024 είς
1144 4960 1212 5013 τὰ
1251 4958 1555 5030 ’Δνθεμίου,
1587 4955 1908 5011 ἀπέστειλεν

329 5057 425 5111 τὸν
455 5057 769 5110 Ῥεντὰκιον
795 5055 884 5108 τὸν
912 5052 1415 5125 πρωτοδεστιάριον
1447 5050 1612 5104 αὑτοῦ
1643 5049 1780 5122 μετὰ
1815 5052 1912 5104 καὶ

333 5150 541 5220 ἑτέρων
580 5149 888 5221 ἀνθρώπων
916 5147 1132 5201 οἰκείων
1167 5144 1357 5212 αὐτοῦ,
1395 5147 1531 5216 πρὸς
1556 5145 1618 5198 τὸ
1646 5142 1912 5215 θηρεῦσαί

332 5259 410 5308 τι,
439 5244 533 5298 καὶ
557 5242 876 5298 ἀποστεῖλαι
913 5243 980 5312 τῇ
1006 5239 1176 5311 μητρὶ
1225 5237 1410 5292 αὐτοῦ.
1455 5239 1513 5290 Ὀ
1535 5237 1593 5289 δὲ
1633 5235 1913 5300 Βασίλειος

2017 4869 2387 4924 machinatur.
2430 4870 2598 4925 Matre
2646 4879 2826 4924 autem
2869 4867 3156 4924 Theodora
3215 4869 3602 4940 imperatorem

2019 4960 2088 5015 ad
2132 4962 2405 5016 Anthemii
2437 4961 2579 5017 aedes
2622 4961 2945 5026 advocante,
2984 4959 3307 5017 Rentacium
3345 4971 3604 5032 protove-

2019 5052 2268 5108 stiarium
2318 5068 2444 5108 cum
2497 5053 2815 5108 domesticis
2860 5053 3002 5116 aliis,
3039 5062 3099 5108 ut
3147 5064 3496 5114 venarentur,
3550 5061 3606 5106 et

2020 5145 2139 5213 ipse
2163 5147 2326 5200 matri
2355 5147 2597 5213 offerret,
2635 5146 2805 5202 misit.
2839 5147 3071 5204 Basilius
3109 5156 3290 5202 autem
3335 5147 3604 5201 adversus

2019 5235 2344 5294 Micliaelem
2390 5238 2607 5295 facinus
2647 5241 2914 5306 Struebat,
2949 5249 3002 5296 et
3047 5239 3319 5311 profundo
3369 5250 3610 5292 maerore

1505 5375 1753 5432 FRANC.
1788 5375 2176 5436 COMBEFISII
2218 5381 2448 5438 NOTAE.

412 5495 524 5566 (ιε)
584 5495 772 5551 Valens
829 5511 979 5551 sacco
1041 5496 1289 5566 indutum
1335 5494 1669 5561 producere;
1722 5495 1910 5550 tunica

340 5564 556 5624 scilicet
586 5567 880 5636 imperiali.
915 5567 992 5621 uti
1031 5569 1196 5624 etiam
1237 5564 1442 5621 Jannes
1475 5579 1599 5636 cum
1634 5566 1911 5636 archiepi-

341 5637 556 5701 scopali
615 5634 780 5706 pallio
821 5638 1032 5692 tumulo
1057 5641 1286 5693 eductus
1328 5646 1429 5699 est,
1477 5634 1595 5704 ἅμα
1643 5634 1722 5705 τῷ
1760 5634 1911 5704 ὡμοο

342 5706 521 5778 φορίῳ
541 5723 555 5736 ο
594 5718 652 5761 ut
678 5708 765 5763 his
784 5709 837 5763 in
858 5709 1018 5765 Circo
1046 5710 1275 5766 solemni
1310 5707 1610 5778 rituexuta
1643 5706 1912 5762 cadavera

343 5774 688 5849 vapularent,
718 5794 782 5834 ac
807 5788 920 5834 tum
938 5790 1332 5846 cremarentur,
1358 5777 1434 5833 uti
1464 5774 1667 5833 factum
1691 5783 1796 5834 est.

2081 5499 2192 5569 (4⁸5)
2230 5497 2370 5571 Lege
2390 5499 2750 5571 Δεκεμϐρίου,
2778 5500 2950 5571 prima
2975 5497 3058 5551 die
3086 5491 3389 5571 Qecembris
3412 5506 3431 5546 :
3463 5489 3607 5546 male

2011 5562 2184 5641 μηνὸς
2211 5570 2501 5643 τετάρτου,
2533 5562 2954 5643 ξιοξςοίιοιὶιίῡιιε
2982 5565 3163 5643 oculis
3193 5583 3206 5618 :
3241 5562 3334 5643 qui
3370 5571 3426 5643 et
3445 5575 3602 5643 corn-

2011 5632 2554 5724 pn'ti'jnodus'vqttam
2603 5639 2851 5697 llehrmis
2887 5637 3200 5699 familiaris,
3236 5642 3346 5690 tam
3385 5632 3602 5690 Graecis

2015 5713 2258 5770 insolens
2289 5713 2526 5772 exsistit.
