3894 6218
564 264 702 327 1083

1806 268 2083 335 LEONIS
2114 276 2601 340 GRAMMATICI

3586 290 3676 357 liii

560 376 989 447 deprimebatur.
1020 376 1100 431 Ad
1140 391 1351 433 orenam
1384 394 1513 436 vero
1536 381 1759 439 sedente
1787 384 2129 454 imperatore,

2245 386 2672 451 συνεσκευάζετο
2690 385 2833 441 κατὰ
2850 385 3086 458 Μιχαὴλ,
3106 388 3195 444 καὶ
3206 384 3266 460 ὴν
3287 392 3552 465 σκυθρωπδς
3568 402 3684 462 πάνυ,

561 471 802 527 Eudocia
860 469 1117 525 Basilium
1150 472 1401 529 invitavit
1448 484 1507 530 ut
1546 478 1975 535 convivaretur:
2021 491 2137 535 tum

560 564 887 633 imperatore
928 563 1055 617 vino
1092 579 1214 620 sese
1264 566 1657 637 ingurgitante,
1699 570 1934 629 Basilius
1978 573 2137 644 quasi

560 656 883 710 necessitate
911 655 1111 712 ductus
1151 658 1203 713 in
1237 660 1548 717 cubiculum
1580 665 1809 722 interius
1845 678 2136 737 penetrans

559 764 790 812 serram,
815 765 938 803 cum
971 752 1187 807 validus
1225 763 1392 819 esset,
1428 758 1685 823 turbavit,
1720 761 1857 814 adeo
1886 772 1944 815 ut
1980 771 2133 832 porta

556 839 783 891 nnnimc
809 839 990 895 claudi
1020 852 1205 911 posset
1228 861 1241 873 ο
1275 852 1327 898 et
1356 846 1639 915 digressus
1660 865 1786 903 cum
1808 851 2136 919 imperatore

557 927 623 979 ad
656 941 869 982 cmnam
905 931 1274 987 recumbebat.
1309 933 1611 1002 Imperator
1632 937 1747 1006 jam
1779 942 2132 1009 temulentus,

559 1028 613 1071 et
657 1018 902 1089 lngerina
954 1038 1049 1090 pro
1096 1040 1246 1078 more
1288 1026 1337 1079 ei
1386 1028 1691 1084 collaztante
1734 1047 2056 1102 exsurgens,
2102 1050 2131 1089 a

561 1107 763 1163 Basilio
798 1126 961 1165 manu
991 1111 1314 1177 ducebatur,
1347 1126 1399 1167 et
1435 1116 1488 1170 in
1518 1118 1794 1186 penetrale
1825 1102 2132 1186 secedebat.

557 1198 714 1268 cujus
756 1215 975 1254 manum
1016 1218 1139 1257 cum
1182 1205 1533 1262 deosculatus
1555 1220 1699 1264 esset
1731 1210 1986 1278 Basilius,
2017 1214 2134 1270 dis-

559 1292 744 1345 cessit.
794 1293 937 1347 lntra
970 1295 1281 1351 cubiculum
1332 1298 1678 1368 imperatoris
1733 1304 1893 1373 jussu
1923 1322 2137 1361 recum-

556 1384 847 1439 cnmbcbat
896 1386 1288 1444 Basiliscianus
1345 1406 1539 1448 somno
1597 1406 1855 1464 gravatus
1899 1398 1952 1453 in
1994 1400 2135 1455 lecto

559 1472 803 1530 llentacii
846 1478 910 1531 ad
942 1478 1063 1547 ejus
1094 1482 1419 1538 custodiam.
1467 1485 1710 1555 lgnatius
1747 1488 1913 1561 469
1953 1502 2133 1549 autem

556 1568 929 1627 cubicularius
969 1573 1034 1626 ad
1070 1573 1295 1643 januam
1332 1576 1570 1633 cubiculi
1613 1580 1974 1639 obserandam
2006 1600 2134 1655 pro-

555 1676 799 1729 gressus,
831 1665 1115 1721 confusam
1147 1670 1370 1738 reperit.
1396 1670 1575 1737 Quare
1598 1675 1651 1727 in
1694 1677 2130 1745 desperationem

555 1750 775 1815 ductus,
818 1755 1046 1821 capillos
1088 1758 1189 1812 sibi
1208 1735 1454 1825 vellens,
1488 1760 1542 1814 in
1581 1762 1720 1816 lecto
1753 1735 1997 1819 sedebat.
2028 1762 2135 1819 lm-
2169 1735 2212 1790 Β

555 1853 805 1912 peratore
849 1862 977 1901 vero
1017 1864 1270 1905 somnum
1314 1852 1477 1906 morti
1522 1858 2001 1924 quamproximum
2042 1858 2141 1914 ob-

555 1936 877 1997 dormiente.
918 1942 1209 2011 derepente
1250 1942 1485 2000 Basilius
1517 1962 1643 2002 cum
1677 1948 1801 2004 aliis
1844 1950 2139 2008 adveniens

549 2028 751 2096 januas
782 2032 993 2100 aperuit
1030 2049 1045 2088 :
1098 2035 1451 2092 tremefactus
1481 2036 1723 2106 Ignatius
1757 2040 1810 2094 in
1844 2041 2137 2099 adversum

555 2121 869 2189 obstitit,ne
897 2124 1134 2183 Basilius
1154 2128 1405 2185 intraret.
1433 2130 1626 2186 Petrus
1656 2142 1837 2189 autem
1870 2135 2139 2207 Bulgarus

555 2212 659 2268 sub
686 2214 867 2270 Basilii
903 2219 1066 2274 axilla
1098 2219 1368 2290 irrepens,
1391 2231 1445 2277 et
1467 2223 1532 2278 ad
1562 2223 1909 2295 imperatoris
1936 2228 2137 2285 lectum

552 2318 869 2376 penetrans,
900 2311 969 2365 ab
1001 2309 1209 2383 lgnatio
1244 2315 1387 2369 vires
1416 2316 1672 2372 adversas
1708 2330 2018 2388 opponente
2040 2321 2137 2376 de-

554 2405 737 2453 tentus
789 2410 892 2466 est,
950 2417 1013 2456 ex
1076 2419 1183 2473 quo
1226 2419 1455 2462 somnus
1504 2407 1849 2479 imperatoris
1906 2412 2138 2471 solutus.

552 2485 792 2544 Joannes
830 2507 959 2546 vero
993 2493 1256 2551 Cbaldius
1300 2499 1455 2569 plaga
1487 2500 1666 2569 gladio
1708 2502 1910 2557 inﬂicta
1941 2520 2135 2561 manus

551 2572 673 2639 ejus
713 2576 967 2645 abscidit,
1013 2578 1321 2640 Jacobitzes
1363 2602 1494 2641 vero
1537 2599 1589 2643 et
1628 2591 1790 2645 Persa
1827 2591 2139 2649 Basiliscia-

553 2681 683 2719 num
715 2681 846 2722 ense
874 2672 1217 2729 vulneratum
1249 2678 1438 2735 electo
1471 2681 1523 2736 in
1550 2683 1921 2750 pavimentum
1949 2687 2136 2742 detur-

552 2757 771 2815 barunt.
810 2760 1086 2820 Marianos
1112 2778 1316 2835 autem,
1350 2782 1403 2827 et
1430 2784 1585 2843 pater
1614 2774 1798 2830 Basilii
1823 2775 2049 2847 Bardas,
2081 2788 2135 2836 et

550 2848 944 2911 Constantinus
973 2856 1215 2916 Toxaras
1242 2864 1461 2919 stabant
1490 2865 1625 2923 foris
1660 2870 1709 2922 in
1745 2872 1993 2928 excubiis
2019 2892 2032 2928 :
2058 2876 2133 2929 ita

549 2952 610 2997 ut
643 2944 1067 3006 domcsﬁcorum
1100 2956 1283 3012 nuilus
1307 2996 1323 3023 ,
1355 2975 1477 3028 qua:
1510 2976 1632 3016 cum
1676 2962 1937 3021 Michaele
1977 2984 2133 3038 gere-

553 3034 770 3107 bantur,
804 3042 1050 3099 resciret.
1086 3046 1156 3100 At
1192 3049 1462 3118 conjurali
1495 3068 1619 3107 cum
1658 3054 1858 3111 Basilio
1879 3034 2088 3115 collecti
2115 3082 2129 3118 :
2159 3088 2202 3147 ο

553 3125 569 3147 Ι
752 3146 773 3147 κν
1033 3135 1045 3147 ο
1359 3141 1407 3147 --
1477 3142 1489 3147 -

553 3125 701 3182 Licet
751 3146 947 3188 manus
999 3135 1118 3204 ejus
1178 3141 1643 3208 prtesciderimus.
1702 3148 1889 3201 vivum
1950 3158 2130 3207 tamen

550 3218 896 3288 reliquimus.
934 3225 1191 3283 dixerunt
1226 3232 1313 3285 :si
1344 3234 1694 3302 superfuerit,
1745 3254 1905 3306 quam
1940 3241 2132 3297 delen-

550 3308 760 3364 sionem
798 3312 1175 3374 habebimus?
1223 3320 1345 3377 Mox
1383 3323 1647 3383 Cbaldius
1686 3327 1948 3386 Basilium
2001 3350 2130 3403 pro-

551 3401 850 3458 meriturus
912 3406 1060 3462 intro
1121 3427 1450 3480 regressus,
1501 3417 1823 3477 Micbaelem
1887 3428 2130 3495 prmcisis

554 3493 804 3549 manibus
842 3496 909 3550 de
932 3496 1136 3556 Basilio
1164 3504 1366 3562 misere
1384 3522 1807 3581 conquerentem
1838 3493 1959 3571 etin
1991 3519 2130 3577 lecto

544 3581 815 3652 jacentem
855 3592 1077 3660 reperit,
1111 3604 1165 3651 et
1194 3598 1501 3656 districtum
1531 3604 1773 3675 gladium
1804 3610 1860 3665 in
1895 3611 2132 3681 impera-

551 3676 685 3732 toris
707 3693 801 3734 cor
825 3683 1119 3742 crudeliter
1150 3689 1355 3760 adegit,
1379 3704 1430 3749 et
1454 3694 1711 3755 intestina
1733 3701 1851 3771 ejus
1867 3676 2081 3761 discidit
2111 3724 2124 3761 :

550 3786 914 3844 reversusque
938 3777 1004 3831 ad
1043 3778 1301 3837 Basilium
1331 3781 1704 3856 gloriabatur:
1723 3793 1882 3861 quasi
1915 3793 2127 3853 facinus

548 3865 826 3934 egregium
885 3878 1176 3937 patrasset.
1235 3873 1584 3948 Tempestate
1633 3892 1816 3939 autem
1878 3886 1931 3941 in
1989 3892 2124 3945 mari

547 3971 761 4026 exorta,
796 3978 901 4017 una
931 3969 1316 4025 convenientes
1347 3972 1415 4026 ad
1443 3971 1664 4039 fretum,
1694 3977 1937 4049 illudque
1971 3982 2123 4051 traji-

547 4051 770 4113 cientes.
800 4056 865 4109 ad
894 4054 1102 4128 Eulogii
1132 4062 1311 4118 Persae
1336 4065 1478 4122 aedes
1504 4068 1924 4136 descenderunt,
1950 4089 2127 4145 eoque

547 4156 851 4217 assumpto,
887 4149 953 4203 ad
1006 4151 1225 4207 Marium
1256 4154 1590 4213 deﬂexerunt
1621 4177 1635 4214 :
1686 4177 1954 4230 muroque
1988 4181 2124 4221 cnn-

550 4254 779 4306 scenso,
815 4243 880 4296 ad
912 4243 1175 4313 palatium
1222 4263 1394 4317 nsque
1449 4263 1736 4309 venerunt.
1783 4256 1914 4311 Erat
1960 4272 2125 4328 porro

550 4332 732 4389 tabula
767 4336 1033 4393 obturans
1055 4356 1298 4406 murum,
1327 4358 1490 4411 quam
1520 4344 1757 4402 Basilius
1794 4351 2125 4406 manutentis

2255 480 2376 533 Ἐπὶ
2397 480 2615 533 δείπνου
2648 479 2706 533 δὲ
2727 478 2818 531 τοῦ
2853 476 3114 549 βασιλέως
3141 482 3471 552 καθεσθέντος,
3488 505 3687 558 προσεκα.

2241 569 2435 625 λέσατο
2454 571 2684 625 Εὑδοκία
2703 570 2815 641 (44)
2838 572 2931 623 καὶ
2949 571 3217 627 Βασίλειον
3235 576 3559 648 συνδειπνῆσαι
3571 584 3683 654 αὐτῷ.

2241 660 2349 713 Τοῦ
2375 661 2432 714 δὲ
2473 661 2741 731 βασιλέως
2768 661 2896 731 οϊνῳ
2938 660 3113 732 πολλῴ
3142 668 3475 735 χρησαμένου,
3519 673 3687 738 ἀναστὰς

2240 752 2520 816 Βασίλειος
2560 754 2636 816 ὡς
2672 754 2761 808 διά
2809 771 2930 807 τινα
2976 755 3158 824 χρείαν
3193 758 3245 810 ὲν
3287 759 3358 829 τῷ
3400 762 3593 829 κοιτῶνι,
3616 765 3691 819 δια·

2242 844 2465 915 στρέφει
2494 845 2563 897 τὰ
2590 845 2818 916 κλεῖθρα
2847 847 3067 908 δυνατὸς
3085 847 3179 912 ὣν,
3196 849 3266 913 ὡς
3303 851 3370 920 μὴ
3392 852 3612 909 κλείεσθαι
3629 858 3693 929 τὴν

2240 934 2434 1006 θύραν.
2491 937 2602 990 Καὶ
2653 937 2904 992 ἀπελθὼν
2937 940 3261 995 συνεδείπνει
3308 943 3451 996 πάλιν
3505 950 3610 1015 μετᾶ
3633 951 3694 1002 τοῦ

2242 1027 2528 1097 βασιλέως.
2587 1028 2697 1082 Τοῦ
2737 1030 2793 1083 δὲ
2848 1030 3113 1101 βασιλέως
3147 1035 3277 1087 πάνυ
3326 1037 3603 1103 οἰνωθέντος.
3632 1043 3697 1112 τῆς

2253 1120 2577 1191 ἰγγερίνης,
2624 1120 2701 1185 ὡς
2754 1123 2897 1186 ἔθος.
2927 1124 3076 1195 αὒτῷ
3110 1128 3500 1199 συγχωρούσης,
3530 1134 3700 1199 ἀναστὰς

2238 1214 2458 1286 Μιχαὴλ
2502 1216 3032 1287 χειροκρατούμι-,νος
3076 1219 3220 1289 παρὰ
3252 1221 3503 1275 Βασιλείου
3527 1226 3700 1294 ἀπῆλθεν

2241 1309 2299 1363 ἐν
2339 1308 2416 1380 τῷ
2438 1308 2680 1372 κοιτῶνι.
2710 1304 2773 1362 οὗ
2810 1312 2909 1381 τὴν
2930 1313 3090 1384 χεῖρα
3122 1314 3339 1382 φιλήσας
3368 1316 3554 1385 ἐξῆλθεν
3585 1320 3704 1373 Bari-

2239 1401 2404 1466 λειος.
2433 1401 2689 1457 Ἔνδοθεν
2711 1401 2769 1455 δὲ
2804 1402 2899 1457 τοῦ
2926 1386 3182 1469 κοίτῶνος
3224 1402 3288 1477 ἦν
3308 1408 3642 1473 Βασιλισκιανδς
3654 1416 3701 1482 τῇ

2238 1494 2487 1549 κελεύσει
2524 1493 2619 1549 τοῦ
2643 1493 2910 1565 βασιλέως
2939 1497 3194 1563 ὑπνώσας
3220 1500 3274 1555 ὲν
3294 1502 3355 1573 τῇ
3385 1501 3516 1573 κλίνῃ
3543 1504 3703 1558 Ῥεντα-

2240 1586 2359 1638 κίου
2412 1584 2552 1655 πρὸς
2584 1585 2835 1656 φυλακὴν
2866 1588 3055 1645 αὑτοῦ.
3098 1591 3341 1660 Ἰγνάτιος
3386 1592 3437 1645 δὲ
3461 1595 3703 1664 κοιτωνίτης

2238 1675 2492 1732 ἀπελθὼν
2535 1676 2631 1731 τοῦ
2671 1678 2887 1733 κλεῖσαι
2929 1680 3030 1752 τὴν
3058 1680 3224 1752 θύραν
3271 1682 3358 1737 τοῦ
3387 1684 3594 1749 κοιτῶνος
3616 1680 3703 1755 εὗρε

2240 1766 2716 1839 διεστραμμένην·
2776 1770 2872 1823 καὶ
2924 1771 3200 1840 ἀπογνοὺς
3249 1772 3487 1842 έκαθέσθη
3525 1775 3595 1826 ἐπὶ
3637 1779 3704 1842 τῆς

2241 1856 2431 1928 κλίνης
2483 1858 2676 1914 τίλλων
2720 1860 2822 1924 τὰς
2874 1861 3071 1930 τρίχας
3109 1861 3287 1915 αὑτοῦ.
3319 1860 3415 1915 Τοῦ
3441 1863 3486 1916 δὲ
3514 1862 3703 1934 βασιλέως

2241 1947 2409 2002 ὕπνον
2453 1949 2670 2021 θανάτῳ
2716 1951 3107 2022 παραπλήσιον
3161 1953 3507 2023 κοιμωμένου,
3552 1953 3704 2024 ἀθρόως

2241 2039 2413 2093 ἐλθὼν
2431 2041 2709 2105 Βασίλειος
2733 2042 2875 2113 μετὰ
2896 2044 2991 2096 καὶ
3021 2043 3221 2115 ἐτέρων
3242 2046 3329 2109 τὰς
3351 2044 3496 2115 θύρας
3511 2044 3703 2115 ἀνέῳξεν

2240 2135 2336 2189 καὶ
2362 2135 2601 2206 ἔμφοὸος
2632 2136 2868 2201 ἐξελθὼν
2909 2139 3173 2206 Ἰγνάτιος
3202 2139 3494 2194 ἀντέπιπτεν
3510 2140 3703 2208 Βασιλείῳ

2243 2225 2318 2296 μὴ
2367 2226 2649 2281 εἰσελθεῖν.
2684 2228 2891 2300 Πέτρος
2934 2227 2993 2281 δὲ
3048 2232 3077 2283 6
3107 2229 3394 2300 Βούλγαρος
3419 2229 3491 2282 διὰ
3525 2229 3601 2298 τῆς
3638 2227 3702 2282 toil

2238 2317 2524 2372 Βασιλείου
2557 2320 2846 2391 μασχάλης
2885 2320 3118 2374 διελθὼν
3152 2323 3283 2392 πρὸς
3326 2323 3413 2392 τὴν
3461 2322 3603 2391 κλίνην
3637 2319 3702 2371 τοῦ

2241 2408 2504 2479 βασιλέως
2535 2411 2810 2483 ἐκρατήθη
2845 2413 2998 2484 παρᾶ
3042 2413 3318 2482 Ἰγνατίου,
3351 2412 3705 2467 καὶάντιιάπτον-

2238 2520 2328 2567 τος
2353 2503 2524 2574 αὐτῷ,
2578 2504 2808 2570 ἔξυπνος
2852 2506 3075 2573 ἐγένετο
3104 2509 3131 2561 6
3162 2505 3395 2576 βασιλεύς
3416 2523 3427 2537 ο
3461 2506 3646 2573 Ἰωάννης
3657 2504 3699 2555 δὲ

2237 2596 2266 2649 ὁ
2292 2597 2495 2659 Χάλδος
2524 2596 2772 2668 παρευθὺ
2807 2598 2945 2667 μετᾶ
2977 2598 3080 2652 τοῦ
3104 2599 3287 2669 ξίφους
3310 2600 3413 2662 δοὺς
3456 2596 3580 2665 αὐτῷ,
3618 2598 3698 2648 ἀπ·

2237 2685 2439 2755 ἔκοψεν
2472 2686 2574 2751 τὰς
2604 2690 2795 2759 χεῖρας
2826 2689 3015 2745 αὑτοῦ.
3058 2691 3387 2761 Ἰακωϐίτζης
3408 2690 3450 2743 δὲ
3468 2689 3577 2742 καὶὸ
3596 2688 3706 2755 [lip-

2238 2790 2338 2843 σης
2359 2774 2470 2845 (45)
2497 2774 2588 2828 τὸν
2622 2776 3042 2832 Βασιλισκιανὸν
3082 2778 3223 2848 ξίφει
3255 2781 3511 2847 τρώσαντες
3532 2775 3708 2849 Eppium

2236 2864 2401 2919 αὐτὸν
2427 2866 2637 2921 ἄνωθεν
2661 2870 2833 2935 κάτω,
2886 2870 3177 2942 Μαριανὺς
3215 2873 3269 2927 δὲ
3300 2873 3384 2927 καὶ
3403 2872 3571 2941 Βάρδας
3592 2870 3615 2922 6
3640 2886 3713 2920 παρ

2235 2957 2340 3029 τὴρ
2376 2957 2681 3025 Βασιλείου,
2736 2962 2830 3016 καὶ
2863 2964 3281 3029 Κωνσταντῖνος
3311 2968 3337 3019 6
3373 2963 3588 3035 Τοξαρᾶς,
3609 2956 3712 3014 οὗτοι

2240 3048 2457 3103 ἵσταντο
2495 3048 2630 3119 πρὸς
2660 3052 2908 3125 φυλακὴν
2940 3053 3155 3119 ἔξωθεν
3177 3074 3192 3090 ·
3227 3056 3316 3111 καὶ
3338 3055 3488 3119 οὐδεὶς
3509 3054 3591 3109 τῶν
3616 3052 3714 3123 μετὰ

2233 3141 2457 3212 Μιχαὴλ
2484 3141 2625 3210 ἔγνω
2641 3144 3009 3217 τὰιγινόμενα.
3032 3149 3549 3221 Συναθροισθέντεςδὲ
3566 3148 3602 3200 oi
3617 3147 3714 3216 μετὰ

2234 3234 2513 3288 Βασίλειον
2538 3234 2843 3307 [Βασιλείου
2881 3238 3139 3314 ἕλετο-αδ
3170 3242 3248 3295 ὅτι
3285 3242 3343 3295 Ei
3369 3242 3449 3296 καὶ
3487 3241 3565 3302 τὰς
3583 3240 3715 3309 χεῖρας

2233 3325 2399 3378 αὑτοῦ
2435 3327 2734 3397 ἐκόψαμεν,
2758 3328 2938 3392 ζῶντα
2970 3332 3151 3386 αὑτὸν
3176 3334 3440 3404 εἰάσαμεν.
3465 3332 3554 3386 Kﬂ
3578 3332 3648 3381 ἐὰν
3670 3327 3713 3395 ζῇ

2231 3416 2283 3469 τί
2311 3417 2801 3490 ἀπολογησόμεθας
2841 3423 2948 3475 Καὶ
2980 3441 3050 3493 χα
3073 3424 3348 3496 ριςόμενος
3378 3423 3447 3495 τῷ
3475 3420 3716 3490 Βασιλείῳὸ

2230 3508 2459 3574 Χάλδος,
2511 3512 2861 3583 ὑποστρέψας
2904 3506 3033 3585 εὗρε
3087 3518 3300 3586 Μιχαὴλ
3350 3519 3514 3587 χεῖρας
3544 3514 3620 3583 μὲν
3659 3511 3711 3578 μή

2232 3599 2446 3672 ἔχοντα,
2475 3605 2567 3657 ἐπὶ
2595 3607 2694 3675 τῆς
2717 3606 2907 3678 κλίνης
2923 3607 2981 3662 δὲ
3004 3611 3260 3681 κείμενον
3284 3606 3711 3677 ὲλεεινολογούμινον

2231 3696 2373 3749 κατὰ
2402 3696 2700 3754 Βασιλείου.
2717 3699 2774 3752 Ὀ
2790 3699 2926 3753 δὲτὸ
2949 3701 3109 3772 ξίφος
3132 3704 3329 3774 γυμνὸν
3346 3702 3555 3773 ἀνηλεῶς
3576 3697 3712 3767 επηξεν

2232 3785 2373 3838 κατὰ
2405 3786 2503 3857 τῆς
2538 3787 2766 3856 καρδίας
2792 3789 2887 3842 τοῦ
2930 3789 3203 3861 βασιλέως
3242 3792 3503 3863 διασχίσας
3526 3790 3580 3844 τὰ
3603 3788 3714 3857 ἔτλα·

2229 3893 2297 3929 τα
2336 3877 2634 3941 αὐτοῦ,κα“ι
2670 3883 2929 3952 στραφεὶς
2950 3884 3289 3956 ὲνεκαυχᾶτο
3326 3886 3449 3955 πρὸς
3495 3882 3713 3935 Βασίλειον.

2230 3968 2305 4032 ὡς
2328 3970 2725 4044 ἀνδραγάθημα
2747 3978 3092 4047 πεποιηκώς.
3117 3979 3391 4041 Κλύδωνος
3402 3978 3453 4031 δὲ
3471 3977 3595 4038 ὄντος
3616 3976 3657 4025 ὲν
3673 3972 3715 4040 τῇ

2231 4059 2472 4133 θαλάσσῃ
2521 4063 3004 4135 συναθροισθέντες
3042 4069 3312 4141 κατῆλθον
3363 4070 3510 4140 μέχρι
3554 4064 3625 4119 τοῦ

2230 4153 2501 4225 ράματος,
2553 4158 2648 4210 καὶ
2688 4159 3132 4231 διαπεράσαντες
3189 4161 3349 4237 ἦλθον
3394 4167 3468 4228 είς
3500 4162 3575 4217 τὸν
3615 4156 3716 4213 οἷκον

2228 4248 2485 4317 Εὐλογίου
2518 4250 2611 4304 τοῦ
2642 4252 2876 4322 Πέρσου,
2910 4255 3001 4308 καὶ
3043 4258 3235 4311 τοῦτον
3284 4258 3501 4328 ἄραντες
3521 4251 3718 4325 ἧλθονεξς

2226 4340 2292 4394 τὰ
2334 4342 2610 4413 Μαρίνης,
2665 4345 2760 4398 καὶ
2791 4345 3111 4412 ἀνελθόντες
3165 4349 3254 4402 διὰ
3280 4348 3371 4403 τοῦ
3399 4349 3585 4418 τείχους
3605 4340 3717 4415 ἦλθον

547 4429 838 4485 comitibus
890 4433 1106 4489 duobus
1150 4434 1384 4505 impacta
1433 4439 1583 4493 calce
1634 4440 1924 4511 coiifregit,
1962 4451 2016 4496 et
2058 4445 2126 4498 ad

2234 4432 2397 4503 μέχρι
2428 4434 2521 4487 τοῦ
2552 4435 2840 4492 παλατίου.
2876 4439 3026 4505 Πλὰξ
3055 4441 3113 4494 δὲ
3147 4437 3215 4513 ἦν
3248 4441 3649 4512 περιφράσσουσα
3681 4431 3718 4483 τδ

547 4530 759 4588 portam
789 4524 969 4592 palatii
1002 4528 1325 4595 penetravit.
1369 4530 1506 4584 Tum
1544 4529 1804 4602 Eulogius
1834 4533 1998 4590 Persa
2034 4551 2125 4605 pa-

547 4608 650 4662 tria
684 4611 862 4682 lingua
911 4612 1218 4671 Artabast
1255 4617 1628 4675 lietzrriarclnc
1666 4620 1883 4679 locutus
1916 4632 2021 4685 est,
2064 4634 2122 4680 ut

548 4698 773 4758 Michael
806 4706 983 4776 gladio
1011 4709 1217 4766 interiit
1252 4729 1265 4765 :
1292 4721 1475 4779 atque,
1504 4712 1691 4783 Aperi,
1719 4715 1916 4788 inquit,
1950 4718 2123 4787 impe-

548 4792 735 4847 ratori.
766 4795 1106 4855 Artabasdus
1130 4800 1194 4855 ad
1236 4803 1453 4871 papiam
1499 4805 1858 4868 contendens.
1892 4806 2124 4864 sublatis

546 4882 599 4936 vi
634 4882 703 4936 ab
737 4900 803 4939 eo
845 4889 1111 4958 clavibus,
1158 4892 1357 4949 Basilio
1402 4897 1634 4965 aperuit.
1677 4896 1826 4953 Intro
1871 4907 2122 4968 receptus

546 4974 783 5031 Basilius
807 4980 988 5049 palatii
1022 4983 1202 5040 claves
1233 4987 1380 5054 tulit,
1412 4998 1467 5042 et
1488 4988 1810 5060 Gregorium
1846 4990 2119 5046 Philemo-

547 5064 632 5118 nis
663 5065 890 5130 dictum,
919 5074 1136 5141 papiam
1181 5091 1339 5133 mane
1362 5078 1620 5135 instituit.
1654 5080 1954 5137 Confestim
1988 5099 2119 5139 vero

543 5158 610 5214 ad
652 5159 914 5218 Sanctum
954 5164 1279 5224 Mamantem
1334 5174 1503 5235 misit.
1552 5185 1605 5230 et
1647 5176 1941 5231 Eudociam
1990 5193 2115 5233 cum

544 5251 717 5310 multo
760 5268 1023 5327 apparatu
1078 5260 1131 5315 in
1177 5261 1436 5331 palatium
1474 5265 1701 5322 intulit:
1739 5266 1908 5321 misso
1951 5270 2113 5322 etiam

2231 4529 2432 4596 τεῖχος,
2465 4529 2557 4582 καὶ
2592 4532 2875 4601 κρατήσας
2913 4532 3192 4595 Βασίλειος
3230 4534 3322 4587 δύο
3350 4533 3449 4586 τῶν
3486 4526 3716 4603 μετάὖτου

2229 4617 2419 4684 ὄντων,
2454 4619 2549 4673 καὶ
2576 4622 2839 4686 λακτίσας
2876 4624 3145 4691 κατέαξεν
3172 4626 3273 4695 τὴν
3312 4624 3500 4687 πλάκα,
3533 4621 3608 4675 καὶ
3642 4616 3718 4667 εεσο

2229 4712 2360 4782 ἦλθε
2400 4714 2565 4786 μέχρι
2628 4716 2727 4786 τῆς
2778 4717 2956 4787 πύλης
3005 4718 3103 4772 τοῦ
3137 4719 3413 4772 παλατίου.
3462 4705 3715 4778 Εὺλότιοςδὲ

2230 4806 2449 4877 Πέρσης
2479 4806 2661 4861 ἐλάλει
2690 4811 2757 4880 τῇ
2788 4808 2956 4862 αὑτοῦ
2989 4808 3203 4880 γλώττη
3249 4808 3574 4883 Ἀρταϐάσδῳ
3615 4803 3718 4855 ἑται-

2232 4901 2453 4972 ριάρχῃ.
2481 4901 2556 4964 ὡς
2584 4903 2803 4973 Μιχαὴλ
2836 4903 2979 4973 ξίφει
3014 4904 3397 4973 ἐτελεύτησενο
3418 4891 3715 4959 καὶ.Ἀνοίξον

2226 4992 2319 5046 τὸν
2344 4992 2565 5063 βασιλέα
2588 4992 2687 5064 [τῷ
2708 4993 2970 5067 βασιλεη.
2994 4997 3104 5050 Καὶ
3130 4999 3159 5050 6
3198 4995 3253 5049 ’Δ
3264 4983 3714 5085 ρτάδασξοίεῖσξρξ

2232 5085 2346 5155 μὼν
2372 5086 2508 5156 πρὸς
2537 5086 2625 5137 τὸν
2652 5087 2888 5148 παπίαν.
2918 5089 3011 5140 καὶ
3037 5088 3178 5158 ἄρας
3212 5088 3305 5141 ἀπ’
3337 5082 3491 5139 αὑτοῦ
3514 5079 3593 5141 τὰς
3615 5074 3714 5129 κλεῖῖ

2228 5176 2436 5247 βιαίως⁸
2472 5175 2679 5247 ἤνοιξεν
2722 5178 2813 5230 τὸν
2863 5179 3142 5233 Βασίλειον
3203 5176 3301 5251 [τῷ
3341 5160 3715 5267 Βασιλι;ίῳ];1(αὶ

2224 5267 2515 5336 γενόμενος
2569 5265 2777 5320 ἔνδοθεν
2812 5268 3092 5333 Βασίλειος
3119 5265 3220 5340 ἦρε
3262 5268 3360 5331 τὰς
3393 5266 3526 5327 κλεῖς
3551 5265 3624 5311 του
3646 5269 3715 5304 πα·

1676 5428 1929 5487 FRANC.
1964 5428 2355 5486 COMBEFISII
2395 5429 2626 5487 ΝΟΤᾸΞ.

615 5532 1205 5613 (ῥυ-Προσενὲαλέσατο
1233 5540 1517 5613 Είθδοκίαν,
1547 5542 1790 5598 invitavit
1824 5546 2112 5613 imperator

2233 5544 2536 5602 Endoeiam.
2575 5547 2733 5613 cujus
2767 5548 3059 5603 occasione
3088 5555 3318 5601 vocatus
3355 5539 3581 5613 Βίιείίίιῑδο

545 5598 909 5682 ξξιιείοὸξαιὶι-ςι
943 5609 1229 5682 Basiliam.
1269 5611 1426 5675 Male,
1458 5598 1521 5667 ac
1553 5626 1743 5669 contra
1769 5598 2107 5682 ced.'lidem,

545 5671 798 5757 ξλῦδοκξα.
837 5677 1075 5731 Eudocia
1105 5681 1370 5757 Basilum:
1416 5671 1683 5757 invitavit.
1728 5686 1846 5741 Non
1895 5671 2110 5757 poterat

544 5742 639 5799 ille
690 5755 905 5800 amores
942 5763 1070 5803 suos
1105 5751 1197 5808 diu
1250 5756 1507 5812 absentes
1559 5755 1721 5824 ferre,
1768 5772 1831 5813 ac
1866 5742 2105 5814 scortum

2290 5616 2425 5692 (μ’)
2468 5609 2883 5692 ΙιμιιοῬειέαηι
2908 5620 3021 5692 ipsa
3069 5617 3175 5692 hac
3217 5633 3335 5692 pag.
3372 5609 3611 5692 ῐιξιιίορὶιιιζι

2218 5669 2422 5756 νάιοι(
2444 5669 2619 5758 cujus
2655 5669 2826 5743 suasu
2850 5669 3427 5758 inr'tabasdnsrpiilatii
3482 5669 3600 5733 fores
3637 5669 3710 5718 lla-

2218 5758 2341 5814 silio
2367 5757 2602 5830 aperuit,
2628 5763 2847 5830 vimque
2883 5760 3053 5829 papize
3089 5757 3239 5814 fecit.
