3894 6218
215 315 333 382 1085

1489 313 2172 374 CHRONOGRAPHIA.

3315 309 3335 374 1
3347 311 3451 374 036

204 453 369 507 λατὶου
399 452 490 504 tui.
510 467 720 522 χειρας,
747 449 839 503 καὶ
861 453 926 520 τῇ
957 448 1124 502 ἕωθεν
1150 447 1450 520 Γρηγδριον
1472 449 1763 518 λεγόμενον

1869 449 2080 505 Joanne
2143 450 2433 519 prxpositu
2488 449 2934 518 Decapolitissam
2980 451 3047 504 ad
3095 451 3341 521 proprios
3371 468 3465 520 pa-

200 546 275 600 τὸν
308 545 607 614 Φιλήμονος
651 542 874 612 εποίησε
930 541 1163 595 παπίαν.
1205 542 1463 611 Παρευθὺ
1515 540 1573 595 δὲ
1619 542 1761 596 ἀπο-

199 637 390 691 στέλλει
423 637 482 690 tv
517 635 596 706 τῷ
632 633 797 704 Ἀγίῳ
832 635 1114 704 Μάμαντι.
1147 633 1243 686 καὶ
1275 634 1570 705 εἰσήγαγεν
1602 633 1766 688 E686-

197 732 308 785 κίαν
336 732 435 802 τὴν
465 729 559 782 τοῦ
595 730 844 799 ’1γγερος
881 727 1022 797 μετὰ
1050 727 1208 797 δόξης
1244 727 1447 796 πολλῆς
1477 728 1533 779 tv
1555 726 1632 796 τῷ
1661 744 1768 780 πα-

194 823 368 891 λατίῳ.
413 821 731 876 Ἀπέστειλε
780 821 836 873 δὲ
868 821 964 873 καὶ
991 820 1249 889 Ἰωάννην
1276 821 1636 886 πραιπόσιτον
1669 817 1764 871 τοῦ

192 911 312 985 ἆραι
339 914 436 983 τὴν
464 912 958 977 Δεκαπολίτισσαν,
1003 913 1094 963 καὶ⁹
1132 912 1269 981 πρὸς
1304 912 1431 973 τοὺς
1477 909 1643 970 ίδίους
1671 924 1766 977 γο-

193 1009 291 1069 νεῖς
321 1007 573 1072 ἀγαγεῖν.
615 1003 927 1056 Ἀπέστειλε
965 1001 1022 1054 δὲ
1050 1001 1140 1054 καὶ
1196 1001 1408 1055 Παῦλον
1443 999 1764 1069 κοιτωνίτην

192 1099 278 1152 τοῦ
313 1097 646 1166 ἐνταφιάσαι
692 1094 932 1165 Μιχαὴλ.
973 1095 1081 1147 Καὶ
1117 1093 1367 1147 ἀπελθὼν
1407 1086 1565 1160 εὗρεν
1599 1091 1765 1144 αὑτὸν

198 1190 625 1257 διτετυλιγμένον
672 1189 730 1239 tv
763 1187 841 1257 τῷ
875 1188 1175 1254 σαγῐσματι
1229 1185 1323 1238 τοῦ
1365 1185 1543 1250 δεξιοῦ
1570 1186 1763 1245 ἵππου,

1875 554 2058 599 rentes
2081 543 2294 608 retulit;
2319 541 2485 596 Paulo
2507 557 2726 611 queque
2747 543 3106 608 cubiculario,
3130 553 3189 597 ut
3223 542 3462 598 Michae-

1877 633 1986 689 lem
2015 636 2290 704 sepeliret,
2323 635 2622 688 mandavit.
2661 633 2791 688 Illuc
2823 635 2940 704 ipse
2975 633 3256 704 profectus
3285 635 3460 689 dextri

1876 728 2002 794 equi
2037 742 2148 795 quo
2170 726 2469 779 vehebatur
2499 725 2744 793 stragulo
2773 724 3074 778 involutum
3094 724 3380 793 comperit,
3409 734 3464 778 et

1867 820 2077 872 viscera
2106 816 2237 872 foris
2270 818 2590 884 pendentia:
2626 815 2952 886 feminisque
2985 816 3461 872 lamentatricibns

1869 917 1923 962 et
1952 909 2134 962 luctus
2165 923 2418 975 pompam
2447 924 2612 974 super
2634 923 2700 960 eo
2734 909 3112 971 celebraturis,
3153 919 3458 978 matreque,

1867 1008 1920 1053 et
1960 1001 2243 1072 sororibus
2267 997 2430 1068 470
2463 999 2762 1061 advocatis,
2799 1000 2850 1052 in
2885 999 3189 1052 naviculam
3236 998 3461 1066 imposi-

1869 1104 1981 1148 tum
2016 1095 2081 1148 ad
2119 1094 2475 1164 Chrysopolis
2509 1094 2899 1148 monasterium
2953 1094 3128 1161 trajici
3179 1092 3456 1163 praecepit,

1877 1185 2188 1252 ibidemque
2225 1185 2434 1237 tumulo
2466 1183 2744 1237 conditum
2785 1185 3021 1252 sepeliri.

191 1279 244 1339 οὗ
271 1283 522 1353 ἦλαυνεν,
546 1282 642 1334 καὶ
661 1281 726 1334 τὰ
757 1280 963 1348 ἔγκατα
989 1278 1153 1332 αὑτοῦ
1179 1277 1377 1342 ἔξωθεν
1406 1278 1754 1346 κρεμάμενα.
1799 1274 1971 1344 Ἀρας
2002 1275 2059 1327 δὲ
2090 1277 2207 1326 ἐκεῖ
2269 1274 2574 1346 θρηνούσας
2615 1276 2709 1326 καὶ
2752 1270 3296 1342 ὲλεεινολογουμένας
3367 1272 3440 1324 επ

187 1376 324 1448 αὐτῷ
384 1378 480 1430 καὶ
527 1377 628 1445 τὴν
663 1375 878 1446 μητέρα
911 1377 1004 1428 καὶ
1051 1375 1149 1436 τὰς
1182 1374 1419 1443 ἀδελφάς
1447 1371 1636 1437 αὑτοῦ,
1704 1371 1800 1424 καὶ
1837 1372 2150 1440 εἰσαγαγὼν
2208 1372 2286 1435 εἰς
2349 1371 2650 1440 πλοιάριον,
2706 1369 3030 1441 διεπέρασεν
3075 1371 3131 1421 tv
3177 1369 3244 1438 τῇ
3321 1370 3456 1438 μονῇ

182 1470 278 1541 τῆς
321 1467 776 1542 Χρυσουπόλεως,
804 1470 966 1521 κάκεῖ
1019 1469 1181 1522 αὐτὸν
1240 1469 1576 1536 ὲνταφιάσας
1629 1464 1852 1534 ἔθαψεν.

760 1613 964 1666 ΒΑΣῘΛ
976 1615 1157 1666 ΕΙΟΣ.

248 1727 527 1791 Βασίλειος
555 1726 906 1782 ἐϐασίλευσεν
947 1727 1084 1797 μετά
1115 1725 1333 1796 Μιχαὴλ
1365 1724 1484 1788 ἔτος
1514 1723 1593 1788 tv,
1653 1721 1760 1793 μῆο

182 1837 271 1882 νας
299 1816 362 1883 δ’,
394 1821 492 1873 καὶ
549 1819 709 1890 μόνος
753 1817 848 1890 ἐτη
897 1816 982 1872 ιϐ’.
1015 1816 1322 1885 Προσέταξε
1355 1817 1409 1870 δὲ
1439 1817 1514 1886 τῷ
1539 1817 1765 1888 ἐπάρχῳ

181 1912 270 1967 καὶ
292 1910 560 1982 Μαριανῷ
599 1911 700 1982 υἱῷ
747 1911 1012 1980 Πετρωνᾶ
1043 1910 1319 1962 συνελθεῖν
1383 1911 1440 1962 tv
1483 1909 1560 1980 τῷ
1595 1909 1766 1980 φὸρῳ,

2470 1603 2840 1660 BASILIL-"S.

1940 1720 2176 1775 Basilius
2232 1735 2338 1774 una
2392 1735 2516 1774 cum
2585 1718 2849 1772 Michaeie
2908 1733 3115 1772 annum
3168 1733 3336 1770 unum
3403 1726 3458 1770 et

1872 1827 2090 1867 menses
2141 1822 2379 1882 quatuor
2423 1811 2734 1879 imperavit,
2767 1819 2821 1863 et
2869 1807 3207 1878 undeviginti
3255 1808 3454 1873 solus;

1876 1907 2131 1976 praefecto
2184 1921 2336 1967 vero,
2369 1915 2422 1958 et
2457 1904 2702 1958 Mariano
2730 1903 2980 1957 Petronm
3017 1903 3150 1964 lilio,
3189 1902 3253 1955 ad
3278 1900 3454 1954 forum

169 2004 270 2060 ’καὶ
299 2003 666 2072 ἀναγορεῦσαι
708 2002 847 2072 μετὰ
881 2003 1086 2065 παντὸς
1123 2001 1220 2054 τοῦ
1251 2001 1380 2054 λαοῦ
1416 2000 1578 2072 μόνον
1609 2001 1762 2070 βασι-

1873 2000 2188 2061 convenire,
2220 2009 2273 2053 et
2314 1999 2699 2067 imperatorem
2735 1997 2911 2050 solum
2945 2011 3128 2049 coram
3153 1995 3322 2049 -omni
3356 2009 3456 2063 p0-

182 2095 290 2148 λέα.
333 2095 662 2163 ’Δναγκαίον
695 2095 751 2146 δὲ
778 2095 1076 2164 ἡγησάμην
1101 2093 1311 2164 γράψαι
1345 2093 1439 2147 καὶ
1468 2094 1566 2163 τὴν
1612 2095 1762 2163 παρὰ

183 2184 271 2238 τοῦ
299 2184 437 2237 Θεοῦ
494 2184 797 2254 γενομένην
820 2183 1100 2252 ἐκδίκησιν
1133 2187 1214 2247 είς
1255 2184 1383 2246 τοὺς
1421 2183 1513 2236 τὸν
1542 2182 1763 2254 Μιχαὴλ

183 2275 708 2346 διαχειρισαμένους,
764 2275 859 2329 καὶ
908 2274 944 2328 ἃ
991 2275 1258 2328 πέπονθεν
1306 2275 1534 2338 ἕκαστος
1585 2273 1765 2328 αὐτῶν

181 2366 451 2437 διαφόροις
473 2369 708 2435 καιροῖς.
743 2367 800 2418 Ὀ
837 2366 936 2435 μὲν
955 2365 1310 2436 Ἰακωδίτζης
1343 2366 1599 2434 κυνηγῶν
1625 2365 1765 2435 μετὰ

183 2455 265 2510 τοῦ
297 2456 564 2525 βασιλέως
588 2459 645 2510 tv
782 2457 1113 2528 Φιλοπατίῳ,
1147 2458 1240 2510 τοῦ
1272 2456 1457 2525 ξίφους
1491 2457 1640 2528 αὑτῷ
1671 2459 1764 2511 ἐκσ-

185 2549 433 2613 πεσόντος
469 2548 750 2603 κατελθὼν
786 2548 880 2602 τοῦ
911 2549 1079 2602 ἵππου
1117 2545 1250 2615 ἆραι
1279 2549 1431 2616 αὐτὸ,
1473 2549 1569 2603 τοῦ
1601 2550 1764 2614 ποδὸς

185 2641 340 2696 αὐτοῦ
375 2642 453 2712 μὴ
483 2641 792 2711 φθάσαντος
819 2644 885 2713 τῇ
942 2644 1011 2712 γῇ
1049 2642 1332 2713 ἐπιϐῆναι,
1360 2643 1497 2696 ἀλλὰ
1522 2644 1618 2697 τοῦ
1644 2643 1762 2696 ἑτέ-

185 2749 273 2804 ρου
304 2733 674 2802 κρατηθέντος
719 2734 778 2784 tv
831 2735 895 2802 τῇ
959 2733 1158 2804 σκάλᾳ,
1225 2733 1477 2802 θροηθεὶς
1521 2736 1549 2787 6
1596 2735 1762 2798 ἵππος

180 2824 424 2892 διέσυρεν
450 2825 615 2877 αὑτὸν
648 2827 741 2876 καὶ
769 2825 848 2888 είς
882 2826 1174 2895 φάραγγαν
1201 2828 1295 2879 καὶ
1334 2826 1590 2896 βοθύνους
1620 2827 1766 2880 διελ-

181 2915 303 2982 θὼν,
342 2916 539 2970 τοῦτον
573 2917 802 2986 μεληδὸν
838 2918 1162 2986 κατέκοψεν.
1205 2920 1456 2988 Ἰωάννης
1482 2920 1538 2972 δὲ
1567 2923 1595 2973 6
1616 2919 1761 2974 Χάλ⁴

177 3007 260 3070 δος
301 3008 683 3080 στρατηλάτης
717 3009 959 3078 γεγονὼς
991 3011 1047 3061 ὲν
1079 3010 1305 3080 Χαλδία,
1359 3013 1451 3063 καὶ
1485 3013 1761 3082 φωραθεὶς

176 3100 310 3152 κατά
327 3099 422 3152 τοῦ
454 3099 719 3170 βασιλέως
752 3102 1016 3172 μελετῶν,
1051 3103 1349 3171 προστάξει
1371 3101 1464 3154 τοῦ
1496 3101 1764 3172 βασιλέως

174 3183 605 3261 ἀνεσκολοπίσθη
633 3196 785 3260 παρὰ
837 3192 1090 3264 Ἀνδρέου
1147 3193 1537 3263 στρατηλάτου.
1605 3194 1664 3247 Ὀ
1704 3193 1762 3248 δὲ

169 3286 464 3355 ἐξάδελφος
499 3286 592 3340 τοῦ
624 3285 892 3354 βασιλέως
929 3285 1199 3338 Ἀσυλέων
1230 3285 1452 3353 ὲξωθεὶς
1484 3285 1637 3357 παρὰ
1663 3286 1758 3340 τοῦ

168 3377 439 3448 βασιλέως
501 3380 559 3430 tv
589 3377 668 3446 τῷ
703 3377 1013 3450 προαστείῳ
1045 3377 1211 3430 αὑτοῦ
1267 3371 1312 3446 ᾧ
1342 3377 1630 3448 ἐπώνυμον
1668 3379 1762 3431 τοῦ
1793 3351 1836 3411 c

164 3471 556 3540 Χαρτοφὺλαν.
581 3470 658 3533 ὡς
688 3469 904 3540 ἀπηνὴς
939 3469 1035 3523 καὶ
1075 3471 1226 3540 ὠμὸς
1262 3471 1398 3540 πρὸς
1441 3473 1569 3534 τοὺς
1598 3470 1764 3523 αὐτοῦ

160 3562 396 3625 δούλους
417 3561 514 3625 ὢν,
544 3563 843 3633 μαχαίραις
861 3563 995 3632 παρ’
1017 3563 1202 3638 ¹αὐτῶν
1230 3565 1290 3616 tv
1315 3563 1470 3616 νυκτὶ
1495 3563 1760 3634 ἀνῃρέθη.

162 3653 280 3718 Οὓς
310 3658 338 3709 6
370 3653 626 3724 βασιλεὺς
680 3656 967 3725 κρατήσας
987 3696 1002 3720 ,
1039 3655 1134 3708 καὶ
1187 3654 1418 3723 μεληδὸν
1444 3653 1765 3722 κατακόψας

158 3745 512 3798 κατέκαυσεν
536 3745 595 3797 tv
628 3747 740 3807 τοῖς
782 3743 1206 3815 Ἀμαστριανοῦ.
1259 3743 1316 3797 Ὁ
1347 3745 1402 3797 δὲ
1450 3744 1767 3816 Ἀπελάτης

161 3837 330 3906 [alibi
398 3837 730 3910 Ἀπελάκης]
787 3839 816 3892 6
865 3839 1082 3909 Πέρσης
1130 3835 1241 3908 (45)
1296 3835 1765 3908 σκωληκόϐρωτος

161 3933 469 4001 γενόμενος
512 3931 610 3983 τοῦ
668 3931 767 4001 ζῇν
821 3931 1135 4001 ἀπηλλάγη.
1181 3931 1592 3994 Κωνσταντίνος
1635 3931 1691 3984 δὲ
1735 3930 1765 3982 6

160 4024 423 4095 Τοξαρᾶς
459 4026 542 4085 είς
573 4022 996 4095 Κιδυρραιώτας
1045 4023 1487 4093 σπαθοκοπηθεὶς
1512 4023 1759 4096 τελευτᾷ.

161 4117 284 4171 Καὶ
314 4115 597 4181 Μαριανὸς
652 4114 680 4167 6
719 4115 948 4183 ἀδελφὸς
984 4114 1078 4166 τοῦ
1135 4112 1398 4184 βασιλέως
1430 4113 1539 4166 τῶν
1585 4113 1763 4168 ποδῶν

163 4207 511 4278 συντριϐεὶς.
545 4209 608 4259 ὲκ
638 4205 730 4258 τοῦ
759 4205 928 4259 ῐππου
962 4203 1166 4268 πεσὼν,
1200 4205 1294 4258 καὶ⁸
1342 4203 1436 4258 τοῦ
1471 4205 1630 4270 ποδὸς
1665 4223 1760 4258 σα-

160 4303 374 4366 πέντος
406 4301 647 4372 σκώληξι
666 4301 919 4371 τελευτᾷ.
957 4299 1015 4352 ’0
1041 4299 1096 4352 δὲ
1115 4298 1370 4369 βασιλεὺς
1402 4297 1681 4370 προελθὼν
1706 4300 1764 4352 tv

159 4396 234 4466 τῇ
268 4394 460 4464 ἡμέρα
487 4393 595 4445 τῶν
623 4389 862 4461 Χριστοῦ
912 4390 1118 4458 γέννων
1147 4391 1206 4441 tv
1230 4392 1297 4460 τῇ
1343 4389 1662 4458 προελευσει
1683 4391 1763 4453 είς

158 4487 274 4554 τὴν
320 4485 587 4554 Μεγάλην
630 4483 962 4552 Ἐκκλησίαν
983 4483 1277 4535 ὲὸάπτισεν
1325 4482 1595 4550 Στέφανον
1649 4481 1764 4536 υίδν

162 4575 370 4631 αὑτοῦ.
405 4573 656 4642 ’Λγαγὼν
686 4575 744 4628 δὲ
800 4574 1002 4636 ἵππους
1057 4572 1288 4635 λευκοὺς
1327 4574 1467 4644 μετὰ
1514 4573 1762 4644 ἅρματος

1866 2099 1995 2168 pulo
2025 2098 2342 2151 renuntiare
2369 2096 2557 2165 jussit.
2602 2095 2907 2149 Exercitam
2939 2108 3101 2162 porro
3139 2093 3192 2146 in
3225 2092 3458 2146 illicitae.

1867 2189 1934 2242 lis
1965 2189 2265 2258 parricidas
2302 2203 2330 2240 a
2367 2186 2474 2240 Deo
2507 2186 2822 2247 vindictam,
2854 2194 2906 2238 et
2937 2200 3060 2254 qua:
3090 2185 3291 2254 singuli
3321 2193 3458 2237 tem-

1867 2281 2095 2352 poribus
2131 2279 2364 2334 diversis
2406 2277 2550 2346 passi
2604 2276 2838 2339 fuerint,
2878 2274 3082 2329 referre
3119 2290 3296 2344 operte
3335 2289 3459 2343 pre-

1865 2373 2001 2429 tium
2043 2373 2192 2427 duxi.
2227 2371 2534 2425 Jacobitzes
2566 2370 2784 2436 quidem
2823 2369 2962 2422 inter
2995 2367 3305 2420 venandum
3348 2379 3456 2418 una

1866 2483 1993 2520 cum
2032 2465 2358 2534 imperatore
2392 2463 2458 2517 ad
2490 2463 2856 2531 Philopatium
2896 2461 3132 2530 gladium
3167 2461 3220 2512 in
3257 2470 3454 2511 terram

1865 2559 2075 2628 lapsum
2119 2559 2396 2611 levaturus
2447 2571 2512 2608 ex
2559 2571 2702 2623 equo
2756 2553 3010 2607 desihit:
3073 2566 3304 2620 cumque
3361 2564 3459 2620 pes

1866 2653 1985 2722 ejus
2021 2661 2241 2706 sterram
2289 2647 2530 2703 nondum
2590 2646 2880 2715 attigisset.
2934 2645 3108 2698 altero
3162 2644 3214 2697 in
3261 2642 3456 2712 pensili

1867 2739 2126 2795 scandala
2176 2749 2406 2800 reti-nlo,
2453 2737 2780 2803 perterritus
2811 2751 3007 2804 equus,
3038 2747 3262 2803 arrepto
3291 2749 3457 2789 cursu

1867 2848 1964 2903 per
1980 2831 2144 2886 valles
2168 2829 2532 2900 etprzecipitia
2562 2830 2745 2889 traxit,
2768 2835 2822 2881 et
2859 2827 3205 2881 membratim
3247 2827 3456 2882 discer-

1867 2924 1994 2993 psit.
2042 2921 2284 2977 Joannes
2339 2921 2602 2975 Chaldins
2663 2920 2867 2987 pariter
2906 2919 3182 2971 exercitus
3233 2918 3340 2971 dux
3399 2915 3454 2970 in

1866 3014 2088 3068 Cbaldia
2119 3012 2470 3075 constitutus,
2513 3011 2670 3080 quasi
2709 3017 2896 3062 contra
2927 3009 3309 3077 imperatorem
3339 3021 3456 3061 ma-

1867 3107 2186 3162 cbiuaretur
2232 3104 2469 3169 delatus,
2527 3101 2873 3172 imperatoris
2919 3099 3078 3169 jussu
3124 3099 3193 3152 ab
3241 3098 3456 3151 Andrca

1868 3201 2076 3254 militia:
2145 3197 2415 3268 magistro
2491 3198 2614 3266 palo
2681 3194 2872 3249 afﬁxus
2941 3203 3044 3246 est.
3110 3189 3458 3260 Imperatoris

1868 3291 2133 3364 patruelis
2155 3290 2386 3361 Assyleo
2419 3289 2488 3344 ab
2521 3291 2639 3359 ipso
2667 3289 2721 3342 in
2755 3289 3037 3359 proprium
3074 3286 3454 3342 suburbanum

1871 3385 2093 3441 nomine
2139 3383 2552 3454 Chartopbilam
2586 3383 2879 3452 relegatus,
2925 3389 2983 3434 ut
3010 3378 3247 3434 crudelis
3275 3387 3328 3432 et
3373 3377 3458 3432 in-

1869 3481 2146 3534 humanus
2179 3477 2232 3531 in
2263 3477 2618 3542 domesticos,
2652 3486 2812 3531 nocte
2841 3474 2908 3530 ab
2947 3474 3080 3542 ipsis
3103 3471 3298 3542 gladiis
3322 3485 3457 3525 con-

1868 3571 2054 3625 fossus
2099 3567 2306 3621 interiit
2352 3583 2367 3620 :
2424 3582 2518 3620 eos
2572 3567 2948 3636 apprehensos
3003 3573 3058 3617 et
3109 3560 3455 3616 membratim

1866 3663 2119 3718 concisos
2147 3660 2212 3712 ad
2242 3657 2576 3714 Amastriani
2620 3658 2915 3726 imperator
2949 3655 3280 3710 combussit.
3313 3655 3458 3722 Ape-

1867 3753 2006 3808 lates
2064 3751 2229 3806 Persa
2292 3767 2322 3805 a
2369 3750 2650 3803 vermibus
2705 3763 2966 3802 corrosus
3021 3747 3187 3798 vitam
3249 3744 3454 3798 amisit.

1865 3843 2261 3901 Constantinus
2308 3841 2554 3895 Toxaras
2621 3839 2766 3908 apud
2823 3837 3189 3908 Cibyrramtas
3257 3836 3455 3906 gladiis

1867 3934 2242 3992 comminutus
2305 3931 2488 4002 periit.
2544 3929 2824 3984 Marianus
2878 3929 3224 3998 imperatoris
3287 3926 3456 3983 frater

1867 4041 2009 4097 equo
2035 4025 2223 4093 lapsus
2249 4032 2304 4077 et
2335 4021 2496 4092 pedes
2517 4020 2807 4085 contritus,
2827 4019 3000 4072 altero
3019 4019 3154 4089 pede
3178 4017 3458 4074 vermibus

1866 4125 2236 4190 putrescente,
2269 4116 2519 4169 moritur.
2547 4112 2718 4167 Porro
2751 4113 3046 4182 imperator
3072 4111 3455 4166 Natalitiorum

1865 4210 2067 4266 Christi
2097 4209 2185 4264 die
2217 4207 2418 4262 celebri
2467 4219 2760 4276 processus
2795 4215 3058 4274 apparatu
3100 4204 3166 4258 ad
3203 4202 3455 4274 Magnam

1867 4303 2161 4360 ecclesiam
2190 4301 2489 4372 profectus,
2521 4298 2862 4369 Stephanum
2887 4297 3055 4351 lilium
3080 4313 3239 4351 suum
3282 4295 3458 4366 bapti-

1867 4395 2030 4460 zavit,
2077 4403 2131 4449 et
2180 4393 2340 4464 equis
2378 4393 2628 4449 eandidis
2668 4393 2732 4445 ad
2772 4407 2995 4446 currmn
3053 4389 3278 4460 junctis,
3329 4403 3453 4442 cum

1864 4489 2110 4558 Augusta
2141 4487 2192 4540 in
2236 4501 2302 4540 eo
2337 4485 2497 4541 sedit.
2531 4483 2740 4539 Baanes
2771 4496 2953 4538 autem
2988 4481 3312 4553 prmpositus
3347 4495 3454 4536 una

1867 4597 1993 4637 cum
2025 4582 2106 4636 eis
2134 4581 2200 4635 ad
2238 4581 2501 4650 palatium
2535 4593 2707 4647 usque
2735 4593 2964 4646 puerum
3006 4576 3246 4646 gerebat.
3284 4574 3455 4644 impe-

162 4666 436 4723 ἐκάθισεν
465 4667 580 4736 ἃμα
611 4669 675 4737 τῇ
710 4664 1017 4736 Αὑγούστῃ.
1061 4664 1158 4717 καὶ
1189 4665 1218 4716 6
1264 4665 1626 4735 πραιπόσιτος
1665 4665 1762 4718 σὺν

1869 4684 2055 4729 ratore
2102 4689 2198 4745 per
2245 4673 2390 4726 viam
2459 4684 2813 4724 nummorum
2877 4681 3079 4722 munus
3144 4675 3452 4736 spargente.

160 4761 364 4823 αὐτοῖς
393 4759 612 4828 Βαάνης
659 4756 946 4826 βαστάζων
975 4753 1045 4825 ἦν
1089 4757 1152 4811 τὸ
1193 4757 1404 4812 παιδίον
1452 4759 1614 4829 μέχρι
1665 4757 1760 4812 τοῦ

158 4850 470 4910 παλατίου.
520 4850 616 4904 τοῦ
654 4849 922 4918 βασιλέως
954 4849 1237 4922 ρίπτοντος
1287 4851 1556 4904 ὑπατείαν
1591 4853 1651 4904 tv
1689 4854 1758 4924 τῇ

161 4946 301 5018 ὁδῷ.
339 4947 595 5015 Ἐγένετο
617 4946 674 4999 δὲ
708 4945 934 5014 σεισμὸς
956 4945 1048 4998 τοῦ
1090 4946 1247 5013 ἁγίου
1291 4945 1640 4999 Πολυεύκτου
1672 4945 1765 5018 pt-

161 5055 390 5107 γιστος,
445 5037 588 5092 ὥστε
619 5038 720 5110 τὴν
763 5038 867 5108 γῆν
919 5036 1160 5090 σείεσθαι
1219 5038 1312 5091 ἐπὶ
1351 5039 1764 5110 τεσσαράκοντα

161 5131 399 5201 ἡμέρας
427 5131 521 5183 καὶ
548 5130 960 5201 τεσσαράκοντα
988 5129 1192 5190 νύκτας
1217 5143 1232 5158 ’
1257 5129 1422 5182 ἔπεσε
1440 5129 1495 5182 δὲ
1522 5130 1643 5184 τότε
1668 5132 1765 5183 καὶ

164 5222 204 5290 ἡ
247 5223 464 5292 σφαῖρα
494 5220 589 5274 τοῦ
617 5219 788 5286 ζ.ἶ›δου
835 5220 932 5274 τοῦ
977 5220 1145 5291 φόρου
1182 5222 1278 5274 καὶ
1321 5222 1419 5292 τῆς
1455 5222 1766 5293 ὑπεραγίας

169 5309 454 5364 Θεοτὸκου
485 5310 547 5363 τὸ
599 5314 793 5380 σῖγμα,
845 5310 989 5364 ὥστε
1033 5312 1242 5374 πάντας
1281 5313 1410 5374 τοὺς
1459 5311 1766 5381 ψάλλοντας

172 5406 368 5458 ἐκεῖσε
389 5403 734 5474 τελευτῆσαι.
760 5404 914 5458 Λέων
943 5403 1000 5457 δὲ
1018 5405 1046 5456 6
1067 5404 1361 5474 Φιλόσοφος
1383 5405 1566 5476 τυχὼν
1586 5409 1764 5460 ἐκεῖσε

1869 4763 2066 4835 Ingens
2117 4773 2298 4817 autem
2359 4761 2530 4816 sancti
2597 4759 2874 4829 Polyeucti
2930 4758 3070 4814 festo
3113 4768 3457 4812 terra-motus

1870 4869 2096 4912 exortus
2122 4868 2204 4910 est
2229 4873 2243 4909 :
2271 4855 2407 4909 adeo
2435 4851 2704 4907 utdiebus
2731 4850 3091 4922 quadraginta
3119 4859 3173 4904 et
3201 4849 3454 4904 noctibus

1872 4949 2094 5003 totidem
2138 4955 2284 5002 terra
2335 4954 2743 5001 concuteretur.
2783 4942 2994 4997 Decidit
3041 4953 3170 4997 tunc
3218 4941 3346 5012 equi
3385 4939 3453 4994 ad

1841 5040 2050 5098 forum
2085 5041 2249 5111 positi
2281 5041 2514 5109 splimra,
2545 5051 2597 5093 et
2636 5037 2999 5094 sanctissimm
3034 5035 3129 5092 Dei
3158 5033 3454 5090 Genitricis

1871 5133 2052 5189 fornix
2086 5150 2102 5200 ;
2131 5133 2268 5188 adeo
2300 5141 2360 5187 ut
2387 5133 2567 5188 cuncti
2599 5131 2664 5186 ad
2702 5130 3042 5201 psallendum
3066 5127 3244 5183 coacti
3267 5125 3453 5194 Oppri-

1869 5232 2169 5279 merentur.
2233 5221 2344 5276 Leo
2413 5237 2540 5275 vero
2608 5219 2975 5289 Philosophus
3043 5218 3241 5271 ibidem
3313 5212 3453 5268 forte

1868 5325 2117 5386 repertus
2151 5315 2472 5369 cantoribus
2503 5323 2559 5369 et
2590 5314 2814 5382 reliquis
2845 5311 2948 5366 sub
2987 5325 3054 5363 eo
3091 5307 3362 5364 stantibus
3392 5314 3449 5358 ut

1868 5409 2095 5465 ecclesia
2141 5408 2484 5463 discederent
2537 5406 2809 5459 monebat.
2840 5404 2916 5458 Illi
2947 5417 3077 5455 vero
3104 5398 3329 5452 niiiiime
3358 5413 3450 5452 ac-

1314 5524 1562 5580 FRANC.
1594 5528 1986 5584 COMBEFISII
2026 5527 2258 5584 ΝΟΤΔΞ.

256 5637 380 5713 (45)
413 5635 532 5707 Ipse
556 5638 649 5708 qui
691 5642 942 5710 superori
978 5659 1029 5712 p.
1057 5643 1318 5713 Εὖλὸγιος
1357 5643 1538 5699 dietus
1563 5653 1668 5706 est.
1702 5660 1768 5701 ac

177 5709 371 5790 paula
420 5713 676 5790 superius
706 5709 955 5790 absolute
978 5709 1028 5768 '6
1083 5709 1300 5790 Πέρσης
1322 5731 1336 5746 ο
1372 5730 1481 5790 nec,
1506 5716 1686 5790 video,
1709 5725 1768 5790 ut

323 5777 340 5798 9

177 5732 362 5777 paulo
420 5732 676 5779 superlus
706 5732 955 5769 ausomte
999 5732 1028 5768 Ο
1083 5732 1336 5786 ιιερστυς·
1372 5732 1472 5770 nec
1506 5732 1665 5770 vnueo
1709 5732 1767 5772 ιιι

174 5793 291 5834 vos
323 5777 630 5855 ’Δπελάτης
653 5798 784 5840 sana
814 5786 905 5855 sit,
930 5795 1022 5842 aut
1049 5787 1176 5859 quid
1210 5753 1276 5842 ad
1299 5801 1407 5844 rem
1437 5786 1516 5854 τὸ,
1535 5783 1767 5842 Ἀπελά·

1876 5666 1978 5718 κης
2000 5665 2013 5680 ·
2049 5647 2245 5702 melius
2279 5642 2582 5718 Ἀειλάκης,
2618 5639 2902 5718 en_j_us_est_
2932 5635 3058 5691 alibi
3083 5632 3449 5718 nter-rt‘iokno!

1876 5700 2179 5781 tit'sitiipse
2211 5700 2297 5769 hic
2341 5700 2630 5781 ιτα-ειίᾶιίιί
2678 5700 2996 5781 tliebaelem
3041 5705 3262 5781 occidit.
3304 5700 3448 5772 Quid

1877 5791 1948 5857 si,
1976 5776 2271 5851 ἀπελαθεὶς
2300 5786 2356 5839 δὲ
2396 5786 2423 5838 6
2460 5776 2694 5856 Πέρσης,
2730 5780 2925 5851 cjectus
2958 5776 3166 5834 Persa?
3198 5783 3306 5832 eu.
