3894 6218
511 297 646 364 1099

1734 305 2007 366 LEOle
2037 308 2520 372 GRAMMATICI

3638 318 3752 385 1100

504 420 598 476 sed
649 429 705 473 et
732 417 973 472 tonitrua
1004 427 1402 490 ventorumque
1431 420 1668 489 impetus
1705 419 1867 491 477
1894 429 1947 474 et
1975 419 2069 474 ful-

2185 422 2327 477 ὥστε
2354 425 2525 479 νύκτα
2555 425 2810 494 γενέσθαι
2839 426 2991 498 ὤρας
3020 426 3080 494 ἒξ
3104 427 3197 482 καὶ
3220 431 3346 493 τοὺς
3375 430 3624 500 ἀστέρας
3649 438 3753 502 σιξ.

500 527 636 582 gura
676 510 818 564 facta
874 519 1002 564 sunt
1031 519 1140 564 tam
1173 511 1417 576 horrida,
1471 522 1530 567 ut
1565 512 1618 566 in
1659 511 1763 567 fori
1820 512 2081 582 gradibus

499 612 704 672 septem
745 603 993 657 homines
1025 603 1147 672 igne
1206 605 1519 676 consumpti
1576 605 1710 661 sint.
1745 605 1916 676 Capta
1949 607 2081 663 urbs

501 692 704 748 Samus
725 691 794 747 ab
819 693 1107 763 Agarenis,
1132 696 1371 752 abducto
1393 697 1554 752 etiam
1578 709 1812 768 praetore
1835 699 2070 769 captivo.

500 784 608 838 Leo
635 793 814 839 autem
852 784 1112 839 Zautzam
1141 787 1485 856 imperatoris
1523 786 1704 843 Patris
1734 788 1894 843 titulo
1923 803 2084 843 exor-

498 878 672 938 navit,
715 878 875 947 cujus
931 879 1098 933 tiliam
1159 879 1302 935 Zoeo
1355 879 1468 950 jam
1512 881 1825 948 adamabat,
1881 883 2080 938 marito

497 962 628 1039 ejus"
652 968 946 1026 Theodoro
975 968 1284 1025 Guzuniata
1312 987 1523 1026 veneno
1556 974 1792 1043 quodam
1840 974 2079 1029 sublato.

496 1060 714 1117 Mortuo
745 1073 927 1117 autem
966 1062 1245 1133 Stephano
1286 1065 1618 1134 patriarcha,
1656 1067 1710 1121 in
1742 1067 1863 1138 ejus
1897 1067 2079 1123 locum

497 1155 772 1210 Antonius
789 1166 1153 1226 cognomento
1185 1157 1418 1212 Cauleas
1445 1159 1752 1214 ordinatur.

2190 515 2377 570 νεσθαι
2399 535 2412 548 ·
2439 517 2576 572 ἀλλά
2609 520 2705 571 καὶ
2737 518 2982 589 βρονταὶ,
3020 523 3114 574 καὶ
3153 521 3356 592 συνοχὴ
3389 522 3641 592 ἀνέμων,
3677 531 3751 581 καὶ

2188 609 2468 680 ἀστραπαὶ
2517 611 2829 678 γεγόνασιν,
2862 610 3006 663 ὥστε
3036 611 3237 682 καῆναι
3285 614 3345 666 ἑν
3397 616 3519 677 τοῖς
3571 615 3749 672 unﬁt-

2189 699 2347 771 θμοῖς
2380 700 2475 754 τοῦ
2502 702 2670 774 φόρου
2702 701 3026 772 ἀνθρώπους
3054 703 3216 757 ἑπτά.
3257 705 3369 759 Καὶ
3402 707 3750 782 ἑπολιορκὴθη

2189 790 2294 846 ὑπὸ
2323 793 2434 848 τῶν
2468 795 2792 866 Ἀγαρηνῶν
2822 799 2854 867 ὴ
2890 791 3073 867 Σάμος
3099 797 3161 850 τὸ
3187 799 3457 868 κάστρον,
3490 801 3752 869 αἰχμαλω-

2184 882 2462 948 τισθέντος
2503 884 2597 938 τοῦ
2648 886 2955 956 στρατηγοῦ
2995 888 3086 940 τοῦ
3120 889 3416 944 Πασπαλᾶ.
3453 891 3754 962 Προεχειρῑο

2188 994 2320 1030 σατο
2361 977 2418 1030 δὲ
2479 979 2631 1032 Λέων
2661 979 2689 1033 6
2721 980 2977 1050 βασιλεὺς
3012 982 3290 1048 Ζαοῦτζαν
3332 981 3756 1058 βασὰεοπάτορι

2188 1070 2585 1142 συμφιλιωθεὶς
2613 1072 2717 1144 ἤδη
2743 1074 2864 1145 Ζωῇ
2906 1077 2972 1144 τῇ
3003 1074 3165 1128 αὑτοῦ
3198 1075 3458 1147 θυγατρὶ,
3496 1080 3758 1150 φαρμάκῳ

2189 1163 2298 1216 τινὶ
2333 1163 2760 1234 τελευτήσαντος
2793 1167 2888 1219 τοῦ
2913 1168 3105 1238 ἀνδρὸς
3137 1169 3306 1238 αὐτῆς
3349 1168 3654 1242 Θεοδώρου
3687 1172 3761 1224 τοῦ

499 1249 540 1303 Γ
543 1250 892 1315 ουζουνιάτου
955 1251 1092 1322 (6i).
1133 1252 1410 1321 Στεφάνου
1468 1253 1526 1306 δὲ
1578 1256 1920 1328 πατριάρχου
1968 1255 2078 1310 τῶν
2115 1257 2243 1328 τῇδε
2307 1259 2679 1330 μεταστάντος
2717 1264 3113 1333 χειροτονεῖται
3192 1263 3307 1315 ἀντ’
3356 1262 3530 1318 αὐτοῦ
3583 1265 3765 1319 Ἀντώ-

496 1362 631 1410 νιος,
659 1348 688 1397 ὁ
721 1346 1020 1416 λεγόμενος
1045 1346 1319 1412 Καυλὲας.

567 1437 615 1492 Α
646 1437 786 1492 duce
811 1451 938 1490 vero
960 1435 1291 1492 Macedonia:
1313 1437 1461 1494 venit
1510 1439 1737 1495 nuntius
1768 1439 2080 1496 Simeonem

499 1530 766 1599 Bulgaria:
797 1529 1100 1598 principem
1127 1529 1394 1585 adversus
1422 1529 1747 1586 Romaniam
1791 1533 2084 1602 perfectio-

469 1635 620 1676 ‘hrm
655 1621 927 1678 meditari.
958 1621 1132 1676 Causa
1170 1636 1300 1676 vero
1340 1637 1466 1693 quae
1505 1622 1820 1679 Simeonem
1883 1627 2080 1688 movit,

2249 1433 2422 1491 *Ηλοε
2449 1437 2507 1490 δὲ
2534 1435 2764 1506 ἀγγελία
2826 1435 2982 1507 παρὰ
3012 1433 3108 1488 τοῦ
3161 1434 3477 1507 στρατηγοῦ
3523 1436 3765 1490 Max:60-

2181 1531 2320 1596 νίας,
2350 1532 2425 1594 ὠς
2445 1531 2472 1582 6
2506 1531 2693 1602 ἄρχων
2725 1529 3068 1600 Βουλγαρίας
3098 1528 3326 1598 Συμεὼν
3384 1530 3650 1599 βούλεται
3686 1535 3767 1586 ὲκ-

2183 1620 2514 1692 στρατεῦσαι
2566 1619 2708 1673 κατὰ
2747 1619 3082 1690 Ῥωμανίας.
3154 1619 3219 1672 Ἠ
3268 1620 3326 1672 δὲ
3375 1621 3534 1674 αἰτία
3585 1622 3655 1676 δι’
3709 1626 3765 1694 ἦν

499 1715 612 1768 haec
637 1722 754 1768 erat
784 1730 796 1766 :
831 1712 1067 1770 Zautzas
1098 1715 1442 1784 imperatoris
1471 1725 1622 1786 pater
1651 1731 1867 1772 servum
1895 1718 2069 1773 habui

2180 1711 2449 1784 ὠργίζετο
2482 1711 2708 1784 Συμεὼν
2755 1708 2822 1783 ἦν
2879 1709 3054 1782 αὕτηο
3118 1711 3397 1778 Ζαοῦτζας
3455 1717 3485 1768 6
3528 1714 3765 1784 βασιλεῦ-

495 1806 810 1861 cunucbum
846 1806 1069 1862 nomine
1108 1806 1399 1864 Music-um.
1435 1807 1534 1864 Hic
1571 1808 1856 1866 Stauracio
1886 1821 1940 1865 et
1980 1811 2069 1866 Co-

2183 1805 2376 1875 πάτωρ
2425 1801 2570 1877 εἶχεν
2631 1804 2887 1876 εὐνοῦχον
2945 1804 3132 1858 δοῦλον
3187 1805 3415 1876 ὀνόματι
3469 1808 3762 1863 Μουσικόν.

498 1912 630 1952 smae
685 1898 1061 1968 pmdivitibus
1125 1901 1528 1955 mercatoribus
1564 1900 1769 1958 Graecis
1837 1903 2069 1958 amicitia

2184 1890 2356 1963 Οὗτος
2380 1897 2644 1969 ἐφιλιῶθη
2677 1897 3005 1969 Σταυρακίῳ
3037 1898 3131 1952 καὶ
3157 1900 3378 1970 Κοσμᾷ,
3428 1899 3762 1966 Ἑλλαδικοῖς

490 1991 717 2059 junctus
750 1997 869 2046 est:
907 1990 999 2061 qui
1044 1991 1268 2062 quidem
1307 1992 1454 2063 turpi
1495 1992 1648 2048 lucro
1673 1993 1867 2050 intenti
1898 2005 2081 2050 aucto-

494 2084 656 2138 ritate
699 2081 919 2148 Musici,
951 2084 1097 2155 quod
1132 2094 1250 2140 erat
1284 2084 1338 2140 in
1369 2085 1506 2141 urbe
1543 2085 1900 2158 Bulgarorum
1927 2103 2078 2143 com-

493 2177 782 2242 mercium,
813 2175 1267 2234 Thessalonicam
1300 2179 1720 2245 transtulerunt,
1753 2190 1807 2238 et
1836 2185 2078 2253 vectlga-

493 2269 636 2326 libus
672 2270 940 2340 impositis
969 2272 1206 2342 pessime
1235 2271 1503 2340 Bulgaros
1546 2283 1937 2330 exercuerunt.
1982 2273 2078 2331 llis

494 2362 740 2416 Simeoni
771 2381 799 2416 a
832 2363 1081 2436 Bulgaris
1112 2364 1460 2435 signiﬁcatis,
1492 2366 1680 2420 eadem
1716 2365 1829 2421 lizec
1854 2365 2075 2422 Simeon

493 2451 664 2507 Leoni
696 2454 1012 2523 imperatori
1042 2455 1172 2510 fecit
1209 2456 1520 2512 manifesta.
1549 2457 1870 2527 Imperator,
1905 2474 1933 2511 a
1977 2475 2076 2529 pa-

492 2552 577 2598 tre
623 2546 975 2615 imperatorio
1021 2545 1230 2602 Musico
1273 2548 1437 2603 nimis
1479 2547 1674 2603 aHecto
1722 2548 2072 2618 praepeditus,

494 2649 689 2693 cuncta
720 2639 892 2694 nihilo
919 2640 1097 2710 magis
1124 2640 1438 2696 aestimavit.
1484 2641 1696 2697 Furens
1742 2643 1910 2713 igitur
1943 2641 2072 2697 Bul-

494 2745 661 2801 garus
701 2729 968 2786 adversus
1021 2731 1305 2787 Romanos
1338 2733 1638 2787 exercitum
1671 2733 1910 2788 instruit.
1937 2732 2071 2800 Qui-

494 2821 600 2876 bus
657 2821 905 2886 auditis,
963 2822 1132 2878 mittit
1198 2823 1496 2894 imperator
1547 2825 1813 2880 Crinitem
1868 2826 2074 2882 militim

492 2914 817 2983 magistrum
869 2929 992 2968 cum
1031 2915 1198 2971 armis
1241 2932 1303 2970 ac
1339 2917 1524 2972 multis
1575 2919 1722 2973 urbis
1754 2919 2072 2988 proceribus

491 3004 758 3060 adversus
793 3005 1089 3077 Bulgaros:
1139 3019 1500 3080 consertaque
1555 3027 1735 3081 pugna
1791 3011 1844 3064 in
1894 3009 2070 3067 Mace-

492 3096 680 3163 donia,
708 3107 997 3153 vertuntur
1035 3099 1087 3153 in
1126 3098 1308 3170 fugam
1339 3099 1594 3168 Romani,
1626 3103 1745 3173 ipso
1770 3102 2072 3166 Crinite,et

2183 1991 2532 2064 φιλοχρὺσοις
2563 1992 2658 2045 καὶ
2683 1994 3031 2064 πραγματεῖς
3059 1990 3529 2066 [πραγματεῦσι],
3574 1995 3759 2058 οἵτινες

2181 2084 2318 2155 πρὸς
2340 2083 2792 2156 αἰσχροκέρδειαν
2821 2083 3158 2155 ἀφορῶντες,
3195 2086 3450 2157 μεσιτεῐᾳ
3472 2090 3567 2140 καὶ
3598 2088 3750 2141 δυνάο

2182 2193 2272 2248 μει
2314 2176 2408 2231 τοῦ
2448 2176 2729 2231 Μουσικοῠ
2791 2177 3080 2249 διέστησαν
3106 2179 3206 2248 τὴν
3231 2180 3289 2232 ἐν
3325 2182 3391 2250 τῇ
3435 2179 3585 2233 πόλει
3621 2198 3745 2252 xpu-

2177 2267 2448 2338 γματείαν
2479 2267 2589 2322 τῶν
2648 2267 2972 2340 Βουλγάρων
3017 2272 3075 2324 ὲν
3113 2273 3515 2346 Θεσσαλονίκῃ,
3566 2275 3736 2337 κακῶς

2177 2361 2304 2424 τοὺς
2326 2361 2671 2432 Βουλγάρους
2695 2361 3034 2426 διοικοῦντες
3062 2363 3120 2416 ὲν
3151 2365 3231 2432 τῷ
3260 2367 3753 2440 κουμερκεὺειν.υἱ

2177 2451 2233 2504 δὲ
2262 2452 2562 2524 Βούλγαροι
2595 2453 2690 2506 τοῦ
2717 2453 2841 2526 [τῷ]
2893 2454 3118 2524 Συμεὼν
3154 2455 3268 2526 (65)
3300 2455 3475 2511 ταῦτα
3500 2459 3762 2528 ἀνήγγει-

2175 2544 2274 2598 λαν
2298 2560 2312 2574 ⁸
2349 2547 2376 2598 6
2405 2544 2462 2598 δὲ
2492 2545 2630 2615 δῆλα
2665 2546 2967 2616 πεποίηκεν
3006 2547 3083 2618 τῷ
3119 2548 3332 2619 βασιλεῖ
3361 2548 3574 2604 Λέοντι.
3618 2551 3677 2604 '0
3702 2551 3766 2604 δὶ

2178 2635 2432 2707 βασιλεὺς
2466 2637 2571 2690 ὑπὸ
2599 2635 2693 2690 τοῦ
2724 2637 3184 2709 βασιλεοπάτορος
3205 2639 3541 2710 κωλυόμενος
3573 2658 3764 2712 espou-

2176 2727 2479 2792 παθὸῦντος
2544 2729 2827 2800 Μουσικῷ,
2887 2731 3069 2785 πάντα
3128 2730 3196 2795 ὡς
3252 2729 3417 2802 λῆρον
3486 2734 3766 2802 ηκουσεν.

2173 2820 2382 2883 Μανεὶς
2404 2819 2497 2873 οὖν
2527 2822 2553 2873 6
2577 2821 2890 2892 Βούλγαρος
2925 2823 3276 2894 ἐπιστρατεύει
3301 2823 3447 2877 κατὰ
3470 2825 3586 2876 τῶν
3626 2825 3764 2880 Ῥω-

2178 2911 2373 2983 μαίων.
2399 2913 2510 2966 Καὶ
2538 2913 2729 2984 μαθὼν
2759 2913 2932 2968 ταῦτα
2961 2915 2989 2968 ὁ
3021 2915 3276 2984 βασιλεὺς
3305 2913 3638 2969 ἀποστέλλει
3667 2914 3760 2968 τὸν

2173 3005 2439 3077 Κρινιτην
2472 3006 2850 3078 στρατηλάτην
2885 3007 3029 3060 κατὰ
3080 3007 3190 3060 τῶν
3246 3006 3576 3079 Βουλγάρων
3618 3008 3759 3078 μετᾶ

2173 3096 2354 3150 ὃπλων
2393 3097 2489 3150 καὶ
2524 3097 2803 3168 ἀρχόντων
2839 3097 3052 3152 πολλῶν
3083 3098 3185 3169 τῆς
3217 3099 3453 3163 πόλεως,
3485 3099 3581 3151 καὶ
3619 3115 3762 3170 συμ-

492 3189 708 3246 Corticc
752 3191 1037 3258 Armenio,
1071 3193 1392 3264 cretei-isque
1433 3197 1689 3250 erunibus
1732 3196 1954 3251 occisis.
1991 3195 2067 3250 Ex

2178 3190 2335 3262 ϐολῆς
2389 3191 2687 3260 γενομένης
2742 3193 2799 3245 ὲν
2837 3193 3150 3265 Μακεδονίᾳ
3190 3192 3329 3264 (66),
3358 3195 3654 3265 τρέπονται
3705 3195 3759 3247 οἱ

492 3282 758 3338 Cltazaris
782 3282 873 3352 qui
905 3284 1202 3338 auxiliares
1232 3283 1399 3339 Leoiii
1430 3287 1787 3354 advenerant,
1823 3303 2072 3356 compre-

494 3373 676 3438 hensi,
721 3375 1058 3444 naribusque
1097 3377 1332 3446 praecisi,
1371 3377 1421 3430 in
1466 3387 1835 3446 contemptum
1870 3379 2073 3434 Roma-

492 3482 690 3520 norum
742 3467 808 3521 ad
868 3467 1057 3522 urbem
1109 3484 1138 3523 a
1179 3469 1434 3524 Simeone
1466 3470 1680 3526 remissi
1736 3481 1886 3526 sunt.
1923 3472 2070 3538 Quos

495 3559 794 3630 imperator
820 3560 1174 3630 conspicatus
1198 3570 1252 3615 et
1280 3578 1548 3618 accensus
1587 3563 1690 3624 ira,
1730 3564 1880 3618 misit
1916 3563 2072 3620 Nice-

493 3660 628 3715 tam,
650 3660 1013 3721 cognomento
1037 3650 1280 3708 Sclerum
1308 3651 1373 3707 ad
1398 3651 1632 3709 Danubii
1662 3654 1904 3711 ﬂuminis
1923 3656 2070 3726 ripas

493 3757 619 3799 cum
646 3743 921 3798 celocibus
945 3759 1172 3799 munera
1191 3743 1387 3800 Turcis
1410 3744 1894 3810 oblaturum,etad
1917 3761 2068 3801 arma

493 3843 687 3889 contra
741 3832 1059 3890 Simeonem
1118 3836 1505 3892 excitaturum.
1537 3833 1822 3891 Profectus
1877 3835 1968 3891 ille
2015 3847 2070 3892 et

491 3927 801 3982 collocutus
828 3927 993 3981 etiam
1024 3943 1148 3983 cum
1181 3927 1456 3998 capitibus
1486 3926 1701 3997 Arpadc
1734 3938 1786 3982 et
1829 3927 2067 3995 Cusane,

492 4019 546 4072 in
583 4018 708 4073 belli
761 4019 1085 4074 societatem
1144 4019 1618 4075 consentientibus
1652 4019 1782 4085 illis,
1831 4020 2068 4091 acceptis

490 4108 797 4172 obsidibus,
827 4107 892 4162 ad
936 4108 1320 4177 imperatorem
1352 4107 1533 4164 rediit.
1579 4107 1673 4164 llle
1708 4125 1926 4165 rursum
1963 4112 2068 4164 Eu-

490 4199 754 4255 stathium
811 4199 1104 4268 patricium
1155 4209 1209 4254 et
1260 4200 1456 4256 classis
1489 4201 1846 4274 drungarium
1904 4203 2065 4267 mari,

489 4302 632 4347 terra
672 4306 801 4348 vero
834 4289 1207 4360 Nicephorum
1261 4293 1557 4356 patricium
1621 4305 1674 4349 ct
1721 4293 1982 4360 Phocam,
2012 4303 2068 4351 et

487 4383 763 4454 legionum
789 4383 1146 4438 domesticum
1177 4381 1409 4451 delegat,
1435 4384 1528 4454 qui
1557 4383 1866 4455 Bulgariam
1891 4401 2066 4458 usque

486 4481 932 4545 penetraverunt.
967 4473 1123 4529 Pacis
1169 4475 1519 4543 postmodum
1562 4476 1795 4546 cupidus
1827 4477 2062 4549 impera-

485 4575 592 4632 tor,
625 4565 1111 4622 Constantinacem
1162 4575 1490 4635 quaestorem
1524 4565 1590 4622 de
1628 4581 1762 4637 pace
1809 4583 1933 4624 cum
1977 4567 2059 4626 Si-

484 4671 678 4712 meone
713 4655 1095 4712 consulturum
1145 4656 1312 4712 misit.
1353 4655 1574 4711 Simeon
1623 4672 1774 4712 arma
1833 4660 2062 4715 bellum-

486 4763 595 4818 que
630 4757 774 4803 terra
808 4757 861 4803 et
902 4748 1044 4804 mari
1106 4747 1161 4802 in
1197 4761 1256 4802 se
1317 4756 1463 4801 mota
1502 4749 1870 4817 conspiciens,
1917 4765 2064 4822 qure-

487 4850 690 4894 storem
727 4841 884 4910 quasi
915 4841 1104 4897 dolose
1137 4847 1386 4912 agentem
1416 4840 1520 4895 sub
1549 4840 1798 4896 custodia
1821 4841 2062 4900 inclusit.

489 4929 746 4986 Simeone
777 4948 908 4986 vero
940 4949 1059 4989 cum
1093 4931 1293 4989 Phoca:
1322 4933 1497 5003 copiis
1544 4943 1833 5004 occupato,
1869 4933 2058 5006 Turci,

482 5023 709 5094 trajecta
741 5023 1010 5091 Danubio,
1039 5036 1207 5082 totam
1256 5025 1566 5098 Bulgariam
1598 5027 1865 5098 captivam
1895 5027 2063 5102 478

481 5118 680 5174 fecere.
729 5115 826 5172 llis
857 5117 1058 5174 auditis
1085 5117 1308 5174 Simeon
1332 5127 1517 5175 movet
1541 5119 1803 5176 adversus
1825 5118 2058 5178 Turcos.

481 5210 564 5268 llli
594 5211 648 5268 in
683 5209 1018 5269 contrariam
1053 5211 1228 5282 ripam
1259 5219 1607 5269 transeuntes
1657 5227 1781 5269 cum
1816 5213 2066 5286 Bulgaris

2189 3283 2448 3355 Ῥωμαῖοι
2476 3284 2777 3354 σφαγέντος
2813 3285 2906 3339 τοῦ
2939 3286 3224 3356 Κρινξτου,
3257 3285 3355 3339 καὶ
3385 3284 3478 3338 τοῦ
3512 3283 3755 3355 Ἀρμὲνη

2172 3376 2268 3428 τοῦ
2301 3377 2573 3448 Κορτξκη,
2612 3377 2707 3430 καὶ
2735 3378 2842 3430 τῶν
2891 3377 3096 3432 λοιπῶν
3125 3377 3370 3433 πάντων.
3417 3378 3513 3431 Ἐκ
3550 3376 3609 3428 δὲ
3642 3375 3754 3428 τῶν

2172 3466 2446 3539 Χαζάρων
2505 3468 2554 3521 οἳ
2609 3464 2749 3539 ἦσαν
2802 3469 2882 3532 εἰς
2933 3468 3032 3540 τὴν
3072 3469 3324 3539 ὲταιρὶαν
3378 3469 3475 3522 τοῦ
3525 3469 3748 3530 Λέοντος

2172 3559 2562 3630 κρατηθέντες,
2603 3561 2696 3614 καὶ
2718 3563 2817 3624 τὰς
2852 3563 3006 3631 ῥῖνας
3045 3561 3226 3614 αὐτῶν
3262 3563 3526 3624 κοπέντες
3559 3562 3633 3624 εἰς
3651 3561 3738 3612 αἱ·

2173 3650 2378 3720 σχύνην
2423 3651 2711 3722 Ῥωμαίων
2759 3654 2818 3705 ἐν
2879 3655 2944 3724 τῇ
2992 3653 3149 3706 πόλει
3179 3655 3332 3722 παρὰ
3382 3654 3603 3724 Συμεὼν
3631 3652 3738 3704 απ-

2171 3742 2482 3814 εστάλησαν
2503 3761 2516 3774 ο
2551 3742 2642 3807 οὓς
2679 3743 2804 3796 ἰδὼν
2833 3745 2862 3797 6
2895 3744 3171 3814 βασιλεὺς,
3211 3745 3308 3797 καὶ
3333 3745 3607 3814 θυμωθεὶς
3633 3745 3738 3796 ὰπ-

2170 3835 2410 3888 έστειλεν
2452 3836 2723 3907 Νικήταν,
2754 3837 2844 3890 τὸν
2876 3837 3266 3908 ἐπιλεγόμενον
3313 3836 3577 3908 Σκληρὸν,
3605 3838 3742 3907 μετὰ

2169 3927 2461 3999 δρομῶνων
2485 3929 2542 3981 ἐν
2566 3929 2641 4001 τῷ
2668 3929 2898 4000 ποταμῷ
2931 3929 3026 3982 τοῦ
3067 3929 3362 3982 Λανου6ἰου
3395 3929 3576 3983 δοῦναι
3595 3927 3741 4000 δῶρα

2167 4022 2280 4084 τοῖς
2311 4020 2598 4093 Τούρκοις,
2630 4021 2887 4093 καὶπρὸς
2937 4022 3177 4093 πόλεμον
3215 4023 3443 4094 κινῆσαι
3475 4021 3605 4094 μετὰ
3639 4021 3740 4073 Συ-

2171 4111 2337 4182 μεών.
2377 4111 2434 4164 '0
2467 4112 2522 4165 δὲ
2544 4111 2813 4178 ἀπελθὼν,
2848 4113 2940 4168 καὶ
2976 4111 3254 4182 συντυχὼν
3290 4112 3387 4166 καὶ
3415 4115 3535 4175 ταῖς
3573 4127 3739 4176 xequ-

2169 4203 2292 4267 λαῖς
2335 4203 2584 4275 Ἀρπάδῃ
2636 4205 2731 4259 καὶ
2789 4205 3049 4278 Κουσάνῃ
3089 4206 3186 4260 καὶ
3217 4205 3559 4275 συνθεμένων
3585 4200 3736 4257 πολε-

2171 4296 2363 4368 μῆσαι,
2386 4298 2632 4369 ὁμήρους
2665 4298 2844 4352 λαϐὼν
2868 4295 3000 4370 ἦλθε
3031 4299 3168 4369 πρὸς
3190 4299 3283 4354 τὸν
3314 4298 3557 4370 βασιλέα.
3584 4298 3638 4350 ὐ
3673 4295 3732 4349 ἃ

2170 4387 2424 4458 βασιλεὺς
2449 4390 2612 4444 πάλιν
2647 4389 2736 4446 διὰ
2767 4390 2866 4461 τῆς
2897 4391 3176 4462 θαλάσσης
3197 4391 3514 4445 ἀπέστειλεν
3535 4388 3732 4443 Existi-

2169 4480 2282 4534 θιον
2318 4481 2610 4554 πατρίκιον
2657 4483 2754 4537 καὶ
2781 4483 3144 4556 δρουγγάριον
3171 4484 3282 4538 τῶν
3330 4483 3592 4554 πλοΐμων,
3628 4480 3726 4534 Νι-

2167 4576 2407 4648 κηφόρον
2451 4576 2508 4630 δὲ
2550 4573 2842 4648 πατρίκιον
2893 4577 2986 4630 τὸν
3026 4578 3222 4631 ωκᾶν
3277 4578 3372 4631 καὶ
3424 4574 3724 4646 δομέστικον

2169 4669 2308 4741 μετὰ
2336 4671 2440 4723 τῶν
2497 4669 2752 4740 θεμάτων
2796 4668 3121 4725 ἀπέστειλεν
3163 4668 3254 4722 διὰ
3287 4668 3414 4738 γῆς,
3448 4667 3541 4722 καὶ
3570 4661 3722 4737 ἦλθεν

2170 4761 2331 4832 μέχρι
2384 4762 2750 4833 Βουλγαρίας.
2813 4761 2875 4816 '0
2933 4761 2992 4815 δὲ
3048 4760 3306 4831 βασιλεὺς
3357 4759 3458 4831 τὴν
3514 4758 3722 4828 εἰρήνην

2166 4854 2548 4926 ἀσπαζόμενος
2592 4859 2728 4926 μετὰ
2758 4854 2918 4910 τοῦτο
2946 4855 3236 4910 ἀπέστειλε
3267 4855 3362 4908 καὶ
3396 4855 3719 4907 Κωνσταντι·

2168 4945 2344 5016 νάκην
2378 4948 2714 5018 κοιαίστωρα
2771 4948 2906 5020 πρὸς
2938 4947 3201 5018 Συμεῶνα
3244 4947 3316 5002 τὰ
3351 4946 3480 5017 περὶ
3516 4943 3716 5014 εἰρήνης

2169 5037 2623 5109 συμϐουλεύοντα.
2659 5041 2883 5111 Συμεὼν
2927 5041 3009 5105 δὲ,
3057 5041 3157 5112 τὴν
3185 5040 3308 5094 κατ’
3331 5037 3498 5094 αὑτοῦ
3526 5038 3712 5104 κίνησιν

2167 5129 2256 5184 διά
2279 5148 2338 5185 τε
2361 5135 2463 5201 γῆς
2490 5134 2583 5186 καὶ
2614 5131 2895 5204 θαλάσσης
2929 5133 3073 5200 ἰδὼν,
3095 5136 3152 5186 ὲν
3174 5135 3391 5206 φρουρᾷ
3423 5127 3706 5187 κατακλείει

2175 5220 2267 5274 τὸν
2298 5221 2654 5294 κοιαίστωρα,
2691 5223 2766 5287 ὡς
2813 5225 2908 5279 ἐπὶ
2950 5223 3087 5294 δόλῳ
3120 5223 3365 5279 ἐλθόντα.
3399 5222 3710 5294 Περάσαντες

1642 5324 1892 5382 FRANC.
1917 5327 2308 5387 COMBEFISII
2345 5331 2580 5390 ΝΟΤιΕ.

558 5425 670 5498 (U4)
710 5420 1466 5498 Adulterii_consuetudinem
1495 5436 1620 5498 cum
1663 5421 2055 5498 Zoe_babuissc

481 5494 718 5552 Leonem
764 5497 924 5552 docet
965 5495 1247 5552 Cedrenus
1291 5495 1455 5548 etiam
1502 5495 1718 5549 vivente
1763 5494 2055 5565 TbeOpha-

482 5580 645 5635 none.
668 5576 726 5620 ut
753 5582 816 5622 ea
836 5581 1003 5623 causa
1031 5567 1196 5622 fuerit
1217 5565 1492 5635 propinati
1523 5565 1640 5618 viro
1664 5565 1812 5620 illius
1833 5566 2051 5620 veneni.

481 5634 556 5708 '_l‘b
605 5635 1036 5708 βασιλεοπάτωρ,
1068 5634 1263 5691 titulus
1296 5634 1334 5689 a
1367 5635 1548 5690 Leone
1593 5637 1868 5708 inventus,
1907 5637 2051 5692 idem

482 5704 598 5777 fere
624 5704 1144 5777 quiauguévbspog,
1171 5722 1438 5767 consorer,
1471 5721 1564 5760 seu
1599 5706 1786 5770 etiam,
1814 5708 1842 5758 6
1873 5723 2052 5777 παρα·

477 5771 850 5826 (zu-mmem-
883 5778 970 5830 cui
1000 5771 1261 5847 tanquam
1290 5777 1432 5847 putri
1462 5777 1762 5846 imperator
1790 5771 2048 5847 deferret,

2165 5429 2336 5507 Cujus
2355 5431 2593 5507 maxime
2625 5429 2878 5507 consiliis
2907 5445 3081 5500 remp.
3108 5438 3349 5507 regeret.
3373 5501 3392 5507 _
3555 5496 3566 5507 ο
3641 5493 3652 5504 .

2234 5501 2344 5572 (65)
2377 5501 2750 5575 De_Sytrieone
2777 5503 2941 5575 plura
2977 5511 3168 5555 auctor
3207 5501 3526 5575 Vitaeanc:
3548 5501 3707 5575 junio-

2161 5570 2398 5642 ris‘tom.
2427 5570 2466 5624 ll
2503 5570 2724 5627 Auctor.
2758 5573 3053 5642 decerpta,
3084 5586 3149 5627 ac
3172 5574 3485 5642 prapedieni
3519 5570 3704 5640 pleni”

2161 5639 2423 5696 Bollando
2455 5657 2644 5698 mense
2679 5639 2977 5697 Februario
3012 5639 3404 5710 producenda.

2235 5712 2346 5786 (68)
2383 5712 2472 5770 Sic
2501 5725 2556 5770 et
2586 5713 2933 5783 Anonymus.
2965 5713 3154 5782 Goan,
3182 5713 3240 5767 ἐν
3302 5710 3587 5784 Ῥωμανίᾳ.
