3986 6232
183 282 336 348 1105

1472 284 2148 348 CHRONOGRAPHIA.

3307 296 3326 359 1
3345 293 3452 362 106‘

177 408 271 456 αὐ.
305 401 411 456 Καὶ
433 399 698 464 διεξείπεν
731 399 844 470 (75)
881 400 1015 471 πρὸς
1041 398 1132 456 τὸν
1173 399 1398 470 βασιλέα
1435 402 1616 456 πᾶσαν
1661 399 1760 470 τὴν

1875 413 2016 455 mors
2046 414 2134 454 me
2162 407 2312 455 certa
2337 409 2538 466 utanet,
2587 401 2632 456 si
2670 409 2913 470 tacuero,
2947 407 3043 462 tibi
3072 408 3410 463 moriendum
3435 429 3447 463 :

177 494 276 547 τοῦ
311 493 593 547 Βασιλείου
619 491 933 563 ἐπιϐουλήν.
993 494 1422 564 Ἀπιστήσαντος
1451 494 1508 546 δὲ
1535 495 1630 548 τοῦ
1673 496 1768 564 βα·

177 585 377 647 σιλέως
405 585 519 646 τοῖς
565 582 876 654 λαληθεϊσιν
909 585 1042 654 παρ’
1093 584 1282 650 αύτοὸ,
1313 585 1410 640 καὶ
1440 586 1724 656 εἰρηκότος
1748 603 1764 619 ο

175 677 270 746 Μή
305 675 388 740 τίς
420 692 505 730 σοι
533 673 806 730 ὑπέϐαλεν
831 674 1006 730 ταῦτα
1037 678 1212 730 εἰπεῖν
1249 694 1363 746 μοι,
1397 677 1490 730 καὶ
1509 679 1573 732 ἐκ
1600 678 1770 748 δωροο

178 769 371 831 δοκίας
391 766 552 823 τοῦτο
582 767 872 838 ἐποίησας;
891 768 949 822 ὐ
971 768 1028 821 δὲ
1059 766 1215 823 εἶπεν
1237 786 1250 799 °
1295 771 1651 826 Ἀπόστειλον
1679 791 1768 825 πιο

179 862 365 925 στοὺς,
400 860 498 925 οὓς
547 860 812 925 κελεύεις,
868 863 927 916 ἐν
968 861 1048 931 τῷ
1095 862 1316 932 κελλίῳ,
1365 863 1602 919 δέσποτά
1639 883 1766 935 μου,

181 952 278 1005 καὶ
312 951 400 1004 ἵνα
430 949 571 1003 είσὶν
605 951 1076 1022 ἐγκεκρυμμένοι,
1103 953 1200 1006 καὶ
1239 953 1292 1007 εί
1309 971 1360 1007 τι
1397 953 1464 1008 ἂν
1490 955 1769 1010 ἀκούσωσι

183 1044 335 1115 παρὰ
362 1043 458 1098 τοῦ
494 1044 778 1097 Βασιλείου
802 1045 898 1098 κα)⁸
923 1046 1052 1114 παρ’
1091 1045 1247 1115 ἐμοῦ,
1283 1046 1537 1118 γράφωσι
1572 1049 1766 1103 ταῦτα.

181 1135 441 1206 Παρευθὺ
495 1134 554 1188 δὲ
615 1136 644 1188 6
706 1134 962 1204 βασιλεὺς
1017 1136 1344 1190 ἀποστέλλει
1393 1140 1769 1211 Χριστοφόρον

182 1226 680 1296 πρωτοδεστιάριον
741 1227 857 1296 ἅμα
923 1228 1228 1299 Καλοκύρῳ
1285 1231 1611 1304 κοιτωνίτῃ·
1675 1234 1770 1286 καὶ

186 1317 523 1380 εἰσελθόντες
561 1315 878 1388 ἐκρύϐησαν
902 1319 961 1371 ἐν
984 1313 1064 1388 τῷ
1110 1318 1311 1388 κελλίῳ
1364 1319 1553 1374 αὑτοῦ.
1606 1320 1770 1374 Βασί-

185 1409 327 1471 λειος
349 1404 442 1462 οὖν
468 1407 801 1474 δελεασθεὶς,
832 1409 926 1462 κα).
956 1407 1140 1462 λαϐὼν
1169 1407 1327 1477 λόγον
1360 1409 1582 1480 ἔνορκον
1619 1412 1770 1480 παρὰ

184 1499 422 1570 Σαμωνᾶ
451 1500 531 1564 είς
578 1500 640 1553 τὸ
688 1500 1082 1571 προσευχάδιον
1133 1500 1324 1565 αὑτοῦ,
1370 1502 1588 1566 ἐξεῖπεν
1619 1503 1769 1574 αὐτῷ

185 1593 364 1646 πάντα
412 1593 481 1646 τὰ
527 1593 629 1660 τῆς
689 1593 922 1664 βουλῆς,
990 1597 1084 1648 καὶ
1149 1597 1276 1660 τοὺς
1335 1597 1771 1668 συμϐουλευομέ-

182 1702 331 1748 νους.
407 1684 776 1740 Ἀνιστώντων
824 1687 882 1740 δὲ
953 1687 1134 1742 αὐτῶν
1201 1689 1357 1759 (76),
1409 1690 1767 1754 κατελθόντες

183 1745 556 1849 Χριστοφόρος
605 1779 716 1834 καὶ.
744 1779 1053 1852 Καλοκῦρις
1114 1745 1431 1850 ἀνέὶγνώσαν
1477 1784 1654 1837 πάντα
1688 1745 1766 1855 τώ
1800 1745 1842 1801 Β

183 1870 416 1938 βασιλεῖ.
485 1871 594 1924 Καὶ
647 1872 894 1944 παρευθὺ
937 1873 1036 1944 μὲν
1089 1875 1610 1948 προσκαλεσάμενος
1661 1878 1768 1931 Βα-

183 1963 383 2017 σίλειον
411 1961 646 2018 δέδωκεν
667 1963 976 2036 μιλιαρίσια
1005 1966 1253 2038 χιλιάδας
1296 1967 1473 2022 είκοσι
1500 1969 1615 2041 (77)
1641 1983 1654 1998 ’
1689 1969 1764 2034 ὡς

179 2055 344 2125 δῆθεν
369 2056 576 2127 ψυχικὰ
604 2058 704 2128 τῆς
747 2059 912 2113 αὐτοῦ
948 2059 1096 2124 θείας
1133 2062 1288 2132 Ζωῆς
1312 2061 1620 2133 ὁρισθέντα,
1667 2064 1764 2118 κα)⁵

179 2147 504 2205 ἀπέστειλεν
543 2152 603 2205 ἐν
644 2153 995 2225 Μακεδονίᾳ·
1047 2156 1143 2208 καὶ
1187 2157 1281 2209 τὸν
1326 2157 1426 2226 μὲν
1482 2157 1764 2212 Βασίλειον

180 2239 330 2296 οὕτω
378 2245 478 2314 τῆς
529 2244 738 2309 πόλεως
776 2245 1046 2316 ἐξήγαγεν
1069 2264 1084 2278 ο
1108 2249 1237 2312 τοὺς
1286 2249 1343 2303 δέ
1372 2249 1595 2315 λοιποὺς
1638 2253 1766 2317 τοὺς

178 2333 282 2402 τῆς
316 2333 484 2388 αὐτοῦ
504 2335 700 2406 βουλῆς
732 2339 1163 2409 μετεσχηκότας.
1215 2341 1427 2412 Πάρδον
1450 2343 1550 2412 μὲν
1570 2343 1766 2414 δρουγ-

185 2424 381 2495 γάριον
417 2426 520 2496 τῆς
551 2426 742 2498 βίγλας
780 2429 1101 2486 ἀποστέλλει
1132 2432 1272 2503 πρὸς
1300 2435 1391 2488 τὸν
1418 2435 1759 2509 Στυπιώτην,

183 2513 347 2584 δῆθεν
369 2517 596 2585 ἀγαγεῖν
616 2519 797 2584 αὑτὸν,
835 2521 1281 2592 προμηνυθέντος
1307 2524 1516 2578 ἐκείνου
1549 2525 1636 2580 διὰ
1668 2527 1764 2598 βα-

184 2607 395 2664 σιλικοῦ
421 2611 706 2666 πιττακίου
743 2613 855 2686 (78)
887 2613 1051 2669 αὐτὸν
1086 2616 1377 2688 δεσμῆσαι.
1411 2621 1760 2690 Προφασισὰ-

181 2718 348 2772 μενος
372 2703 432 2756 δέ
463 2706 492 2756 6
521 2705 772 2775 βασιλεὺς
819 2708 1078 2762 ἀπελθεῖν
1115 2712 1206 2763 καὶ
1249 2711 1534 2783 δειπνῆσαι
1562 2715 1642 2778 εἰς
1667 2715 1760 2768 τὸν

181 2793 376 2863 ’Λγιον
412 2797 666 2868 Λάζαρον
702 2800 784 2862 εἰς
801 2800 862 2853 τὸ
881 2801 1213 2856 καταϐάσιον
1237 2805 1332 2857 τοῦ
1356 2803 1760 2879 Τζουκανιστη⁴

181 2887 304 2957 ρίου
331 2888 440 2959 (79)
461 2889 695 2962 ἔστησεν
736 2894 988 2964 Ἰωάννην
1009 2896 1241 2967 Γαριδᾶν
1263 2897 1400 2966 μετὰ
1429 2898 1538 2952 τῶν
1559 2899 1762 2956 λοιπῶν

180 2977 282 3045 τῆς
329 2979 575 3050 ἑταιρίας
612 2984 670 3035 ἐν
696 2982 774 3054 τῷ
802 2984 1196 3056 κουδουκλείῳο
1236 2989 1330 3042 καὶ
1363 2991 1421 3042 ἐν
1449 2988 1528 3059 τῷ
1560 2992 1761 3062 κατέρ-

1869 490 2272 561 confestimque
2298 493 2484 548 Basilii
2514 494 2950 564 coniurationem
2977 514 3196 554 onmem
3222 514 3450 556 enarra-

1870 585 1965 639 vit.
2002 583 2320 654 Imperatori
2368 593 2550 642 autem
2602 590 2841 644 narratis
2887 590 3046 645 fidem
3089 592 3232 646 haud
3293 592 3451 648 adbi-

1871 676 2043 738 benti,
2078 677 2190 730 imo
2217 677 2422 732 dicenti
2455 695 2468 730 :
2505 676 2644 733 Num
2679 680 2806 748 quis
2829 695 2894 735 ea
2918 682 3053 736 mihi
3077 683 3294 738 edicere
3324 698 3454 752 sug-

1871 768 2059 836 gessit,
2079 773 2135 822 et
2159 767 2425 824 mercedis
2443 784 2540 840 spe
2567 770 2670 824 hoc
2693 769 2920 826 fecisti?
2951 771 3093 827 Dixit
3115 774 3203 828 ille
3232 793 3245 828 :
3275 775 3451 838 Mitte.

1870 858 2114 926 domine,
2169 875 2311 928 quos
2363 859 2632 930 placuerit
2660 861 2760 915 tibi
2796 861 2984 918 ﬁdeles
3019 863 3074 917 in
3113 864 3450 930 cubiculum,

1874 959 1936 1005 ut
1987 952 2278 1016 occultati,
2327 950 2475 1020 quod
2509 967 2537 1006 a
2571 950 2775 1006 Basilio
2804 963 2858 1006 et
2903 968 2933 1007 a
2970 969 3056 1009 me
3087 956 3452 1025 perceperint,

1871 1053 2065 1098 cuncta
2093 1043 2433 1098 describant.
2496 1042 2803 1099 Confestim
2841 1044 3145 1116 imperator
3201 1047 3456 1104 Christo-

1871 1135 2104 1204 pborum
2133 1135 2616 1205 protoveStiarium
2646 1151 2771 1190 cum
2809 1136 3074 1208 Calocer
3105 1138 3457 1194 cubiculario

1873 1226 2021 1282 misit
2055 1244 2070 1280 :
2103 1235 2157 1282 et
2195 1226 2427 1298 ingressi
2455 1227 2510 1280 in
2535 1226 2656 1297 ejus
2686 1227 3020 1284 delituerunt
3048 1229 3323 1286 cubiculo.
3353 1231 3457 1285 Ba-

1871 1319 2028 1376 silius
2062 1319 2247 1389 itaque
2269 1318 2382 1388 jam
2419 1320 2722 1384 inescatus,
2749 1331 2972 1391 accepta
3003 1321 3304 1392 juramenti
3345 1323 3452 1378 nde

1871 1426 1902 1468 a
1937 1411 2203 1476 Samona,
2237 1411 2305 1465 ad
2350 1410 2474 1480 ejus
2511 1412 2837 1481 oratorium,
2887 1413 3178 1468 consilium
3209 1413 3260 1468 ei
3293 1429 3454 1470 suum

1869 1514 1923 1560 et
1948 1505 2167 1560 consilii
2219 1505 2515 1576 participes
2563 1506 2800 1577 aperuit.
2855 1507 2966 1562 Illis
3026 1507 3454 1579 exsurgentihus

1870 1596 2304 1668 Cliristopliorus
2326 1607 2382 1652 et
2411 1597 2706 1668 Calocyres
2731 1599 2964 1670 digressi
2998 1607 3193 1654 cuncta
3218 1599 3456 1669 impera-

1871 1689 1975 1743 tori
2007 1689 2360 1759 perlegerunt
2400 1708 2414 1744 :
2447 1699 2503 1745 et
2526 1688 2815 1746 confestim
2849 1690 3050 1746 Basilio
3074 1691 3142 1746 ad
3179 1705 3238 1747 se
3265 1691 3440 1746 advo-

1873 1789 1997 1835 cato
2056 1778 2469 1836 Miliarisiorum
2523 1782 2695 1837 millia
2739 1782 2928 1853 viginti
2979 1783 3452 1855 eleemosynarum

1873 1873 2094 1928 nomine
2126 1873 2181 1929 in
2215 1882 2526 1930 matertera:
2575 1874 2715 1931 Zoes
2749 1875 2948 1931 animae
2991 1877 3258 1945 levamen,
3307 1876 3453 1934 velut

1870 1964 2047 2034 legata
2085 1965 2334 2030 tradidit,
2362 1975 2418 2020 et
2445 1965 2502 2020 in
2535 1963 2912 2022 Macedoniam
2957 1966 3168 2024 dimisit
3213 1985 3227 2022 :
3267 1975 3324 2022 et
3347 1966 3451 2022 lia-

1870 2057 2058 2112 silium
2091 2057 2312 2128 quidem
2347 2058 2453 2114 hoc
2500 2067 2657 2130 pacto
2705 2057 2842 2114 urbe
2896 2057 3152 2115 detrusit.
3193 2057 3452 2129 Reliquos

1869 2165 2000 2205 vero
2030 2149 2435 2220 conjurationis
2462 2159 2748 2209 consortes
2775 2149 3012 2206 Pardum
3034 2152 3254 2225 quidem
3282 2167 3452 2209 excuo

1871 2241 2085 2298 biarum
2129 2242 2491 2314 drungarium
2523 2242 2591 2298 ad
2623 2241 2936 2313 Stipiotem,
2962 2244 3120 2314 quasi
3147 2258 3270 2300 eum
3301 2243 3366 2298 ad
3392 2259 3450 2298 se

1870 2342 2196 2390 vocaturum
2261 2335 2603 2390 amandavit.
2640 2333 2693 2390 Is
2717 2345 2900 2390 tamen
2940 2343 3003 2391 ut
3043 2351 3167 2390 eum
3214 2334 3450 2390 vinculis

1869 2434 2146 2481 coerceret
2196 2425 2554 2492 imperatorio
2631 2425 2782 2481 brevi
2832 2425 3185 2492 praemonitus
3249 2424 3447 2481 fuerat.

1870 2514 2154 2571 Simulatis
2211 2517 2376 2571 etiam
2433 2517 2727 2587 imperator
2751 2515 2900 2573 foras
2942 2516 3239 2588 proﬁcisci,
3289 2526 3346 2572 et
3381 2518 3449 2572 ad

1868 2607 2128 2665 Sanctum
2149 2609 2415 2673 Lazarum
2441 2617 2808 2675 cmnaturum,
2824 2610 2892 2665 ad
2904 2609 3114 2680 Equilis
3127 2609 3449 2666 descensum

1867 2700 2129 2757 Joannem
2151 2701 2408 2758 Garidam
2425 2718 2549 2758 cum
2572 2702 2796 2773 reliquis
2816 2699 3203 2758 confmderatis
3217 2702 3454 2759 detinuit

1870 2793 2240 2858 ineubiculo;
2273 2811 2511 2865 cumque
2547 2795 2843 2865 imperator
2893 2794 3273 2861 descenderet,
3324 2809 3446 2850 cum

1865 2883 2078 2943 Joanne
2152 2887 2437 2942 Nicolaum
2506 2886 2921 2942 hetaeriarcbam
3008 2895 3228 2958 captum
3317 2885 3451 2940 urbe

1867 2975 2077 3032 eduxit.
2129 2975 2391 3031 Basilium
2457 2991 2621 3046 porro
2676 2991 2708 3032 e
2772 2973 3087 3039 Macedonia
3135 2982 3448 3030 revocatum

179 3067 376 3160 χεσθαι
405 3069 498 3124 τὸν
529 3068 755 3140 βασιλέα
783 3073 1128 3146 κρατηθέντα
1180 3078 1320 3146 μετὰ
1360 3079 1607 3134 Ἰωάννου
1659 3083 1758 3135 Νι-

1875 3078 1922 3124 et
1970 3068 2038 3124 de
2095 3068 2328 3123 crimine
2379 3067 2738 3137 inquisitum,
2792 3065 3111 3122 verberibus
3181 3065 3448 3135 subjecit,

180 3158 380 3214 κόλαον
402 3161 763 3234 ἐταιριάρχην
801 3165 1074 3236 ἐξήγαγεν
1113 3169 1214 3239 τῆς
1245 3170 1469 3234 πόλεως.
1516 3172 1764 3242 Ἀγαγὼν

1875 3167 1925 3214 et
1957 3158 2206 3214 crinibus
2239 3159 2360 3229 ejus
2393 3158 2705 3220 succensis.
2735 3173 2832 3228 per
2859 3156 3096 3213 mediam
3120 3156 3313 3212 urbem
3345 3165 3452 3212 tra-

178 3248 242 3303 ss
266 3253 332 3305 ἐκ
363 3253 704 3320 Μακεδονίας
735 3257 1037 3324 Βασίλειον,
1070 3261 1165 3313 καὶ
1199 3262 1520 3334 ἀνακρίνας,
1551 3264 1643 3318 καὶ
1672 3264 1765 3319 τύο

177 3342 315 3409 ψας,
353 3346 449 3398 καὶ
474 3344 572 3409 τὰς
615 3347 811 3418 τρίχας
842 3349 1007 3404 αὐτοῦ
1042 3352 1397 3418 κατακαύσας
1418 3395 1432 3417 ,
1476 3355 1572 3408 καὶ
1619 3357 1677 3408 ἐν
1699 3360 1763 3428 τῇ

184 3434 333 3506 μέσῃ
369 3435 764 3508 θριαμϐεύσας,
795 3440 1058 3512 ἐξώρισεν
1106 3444 1166 3497 ἐν
1213 3445 1491 3514 Ἀθήναις,
1544 3447 1636 3502 καὶ
1665 3466 1764 3503 κα-

186 3523 303 3588 κῶς
335 3525 515 3579 ἐκεῖσε
545 3528 962 3599 τετελεύτηκεν.
1004 3532 1284 3597 Ὡσαύτως
1314 3535 1581 3590 Νικόλαον
1615 3538 1765 3593 ἐται-

187 3614 443 3686 ριάρχην,
479 3617 571 3670 καὶ
610 3618 916 3683 Στυλιανδν,
946 3622 1044 3674 καὶ
1085 3623 1357 3694 Ἰωάννην,
1393 3625 1488 3680 καὶ
1513 3627 1610 3697 τὴν
1638 3645 1768 3696 συγ-

186 3705 406 3773 γένειαν
438 3709 619 3762 πᾶσαν
651 3709 916 3775 Ζαούτζα,
942 3711 1071 3775 τοὺς
1099 3713 1198 3782 μὲν
1227 3715 1540 3785 ἀπέκειρεν,
1560 3718 1688 3781 τοὺς
1711 3718 1765 3774 δὲ

187 3794 472 3864 ἐξώρισεν,
519 3799 799 3870 δημεύσας
849 3803 947 3865 τὰς
991 3803 1182 3865 οὐσίας
1209 3804 1411 3872 αὐτῶν.
1467 3805 1683 3872 Πάντας
1710 3808 1768 3862 δὲ

188 3888 526 3958 μαγίστρους
572 3892 667 3946 καὶ
711 3893 837 3957 τοὺς
890 3894 949 3947 ἐν
987 3895 1130 3948 τέλει
1169 3897 1684 3967 προσκαλεσάμενος
1741 3901 1770 3956 6

183 3977 465 4047 βασιλεὺς,
496 3984 706 4050 ἀνέγνω
755 3987 1094 4040 κατενώπιον
1129 3987 1312 4041 αὐτῶν
1361 3989 1430 4044 τὰ
1462 3989 1772 4060 μηνυθέντα

185 4072 343 4140 παρᾶ
386 4074 637 4144 Σαμωνᾶ.
669 4079 731 4129 Ui
761 4077 818 4131 δὲ
851 4077 1040 4132 τοῦτον
1077 4079 1518 4151 ὑπερεπῄνεσαν,
1545 4080 1621 4146 ὡς
1669 4082 1771 4152 τῆς

182 4157 340 4228 ζωῆς
386 4162 481 4215 τοῦ
536 4163 802 4234 βασιλέως
855 4167 1275 4237 προνοούμενον,
1330 4170 1428 4224 καὶ
1483 4173 1772 4242 εἰρήκασιν

182 4250 343 4315 ἄξιον
373 4245 512 4306 εἶναι
544 4255 710 4324 τιμῆς
758 4258 1042 4329 μεγίστης.
1090 4260 1148 4313 '0
1179 4261 1236 4314 δὲ
1285 4263 1532 4333 παρευθὺ
1583 4266 1772 4320 τοῦτον

186 4347 692 4418 πρωτοσπαθαρίου
739 4350 866 4421 ἀξίᾳ.
910 4351 1226 4421 τετίμηκεν.
1283 4354 1666 4426 Ἐτελεύτησεν
1715 4356 1771 4412 δὲ

1871 3251 2096 3306 ductum
2121 3251 2360 3306 Athenas
2383 3249 2647 3321 relegavit
2675 3250 2947 3315 exsulem,
2979 3248 3072 3305 ubi
3119 3249 3319 3304 misere
3354 3263 3450 3318 pe-

1870 3342 1986 3397 riit.
2020 3341 2303 3397 Nicolaum
2348 3341 2551 3411 pariter
2578 3341 2995 3399 hetmriarcbam
3040 3351 3096 3396 et
3144 3339 3449 3412 Stylianum

1868 3445 1922 3491 et
1951 3434 2216 3490 Joannem
2244 3443 2300 3490 et
2326 3433 2546 3490 Zaulza:
2573 3450 2748 3505 genus
2769 3448 2958 3496 omne,
2991 3432 3094 3487 hos
3119 3429 3338 3503 quidem
3367 3432 3452 3488 de.

1871 3525 2067 3588 tondit,
2098 3524 2237 3582 alios
2268 3525 2561 3594 publicatis
2589 3538 2782 3581 eorum
2823 3521 3179 3579 facultatibus
3211 3521 3266 3577 in
3299 3521 3451 3576 essi~

1872 3619 2006 3673 lium
2024 3617 2254 3688 expulit.
2288 3616 2565 3688 Magistris
2602 3631 2730 3671 vero
2755 3615 3082 3684 cunctisque
3107 3613 3162 3668 in
3188 3612 3454 3683 dignitate

1873 3707 2072 3780 positis
2093 3707 2161 3761 ah
2193 3707 2526 3775 imperatore
2552 3703 2858 3768 advocatis,
2885 3718 3008 3772 qua;
3040 3717 3071 3756 a
3107 3701 3348 3756 Samona
3371 3700 3451 3755 si-

1871 3794 2133 3869 gniﬁcata
2155 3795 2395 3862 fuerant,
2427 3804 2626 3850 cuncta
2659 3793 2898 3864 perlecta
2944 3800 3092 3848 sunt.
3139 3790 3218 3844 Illi
3272 3790 3450 3844 virum

1871 3889 2021 3944 velut
2075 3887 2432 3959 imperatoris
2485 3886 2610 3941 vita:
2646 3885 3023 3956 providentem
3089 3880 3454 3949 maximisque

1872 3981 2178 4036 honoribus
2206 3980 2434 4052 dignum
2466 3980 2898 4050 pronuntiarunt
2923 3996 2938 4044 ;
2963 3991 3135 4048 quare
3165 3983 3454 4046 protospa-

1873 4073 2036 4129 tharii
2070 4072 2337 4142 dignitate
2364 4072 2660 4128 confestim
2690 4072 3017 4127 honoratur.
3064 4070 3315 4123 Mortuus
3366 4075 3452 4121 est

1873 4175 2055 4222 autem
2094 4164 2408 4235 Stephanus
2439 4163 2769 4236 patriarcha,
2803 4171 2858 4218 et
2891 4163 2946 4217 in
2969 4161 3088 4231 ejus
3122 4161 3300 4216 locum
3351 4156 3451 4212 Ni-

1874 4257 2064 4313 colaus
2105 4257 2455 4326 imperatoris
2485 4254 2752 4326 mysticus
2784 4261 3091 4325 provectus.
3153 4249 3453 4305 Demetrias

1875 4360 2057 4406 autem
2088 4349 2349 4420 oppidum
2382 4349 2450 4406 ad
2482 4349 2704 4405 Graecia:
2736 4349 2918 4403 thema
2954 4354 3231 4417 spectans,
3269 4360 3299 4398 a
3334 4342 3451 4396 Da-

182 4434 468 4503 Στέφανος
505 4440 534 4492 6
566 4443 942 4514 πατριάρχης’
993 4448 1086 4498 κα.)⁸
1129 4445 1245 4499 ἀντ’
1292 4445 1461 4500 αὐτοῦ
1496 4448 1767 4518 ἐχειροτο-

1876 4442 2060 4496 miano
2081 4439 2333 4511 Agat-eno
2367 4449 2588 4508 captum
2615 4449 2721 4496 est.
2763 4439 3067 4508 Imperator
3103 4435 3215 4490 Leo
3237 4435 3450 4488 Annam

182 4525 329 4595 νήθη
351 4527 617 4594 Νικόλαος
647 4533 675 4584 6
706 4537 1052 4606 πατριάρχης
1072 4575 1087 4599 ,
1139 4538 1399 4606 μυστικὸς
1427 4535 1504 4592 ὢν
1528 4537 1641 4609 (80)
1674 4539 1769 4594 τοῦ

187 4618 478 4687 βασιλέως.
509 4623 837 4696 Παρελήφθη
865 4627 922 4680 δὲ
959 4628 1018 4681 τὸ
1042 4629 1276 4701 κάστρον
1305 4631 1339 4701 ή
1371 4631 1692 4701 Δημητριὰς
1712 4632 1770 4684 ἐν

185 4706 273 4777 τῷ
294 4708 491 4780 θέματι
522 4714 624 4782 τῆς
668 4715 918 4779 Ἑλλάδος
944 4715 1052 4770 ὑπὸ
1082 4717 1357 4787 Δαμιανοῢ
1390 4718 1483 4772 τοῦ
1532 4718 1772 4788 ’Δγαρη-

187 4797 310 4853 νοῦ.
340 4799 572 4857 Λέωνδὲ
603 4805 632 4857 6
680 4805 934 4875 βασιλεὺς
987 4807 1174 4876 στέφει
1234 4809 1437 4862 Ἀνναν
1493 4807 1772 4878 θυγατέρα

190 4887 373 4958 Ζωῆς,
408 4892 509 4961 τῆς
555 4896 664 4947 ἀπὸ
692 4895 786 4949 τοῦ
830 4897 1096 4967 Ζαούτζη,
1141 4898 1230 4952 διὰ
1278 4898 1338 4950 τὸ
1395 4897 1470 4968 μὴ
1509 4896 1772 4954 δύνασθαι

191 4981 372 5035 ποιεῖν
395 4983 464 5037 τὰ
495 4987 558 5038 ἐκ
588 4985 759 5040 τύπου
787 4987 1084 5059 κλητώρια,
1118 4989 1195 5060 μὴ
1237 4988 1403 5060 οὔσης
1432 4986 1771 5056 Αὐγούστης.

209 5071 477 5144 Ἠγάγετο
498 5077 601 5133 δέὁ
631 5080 886 5151 βασιλεὺς
916 5081 1084 5152 κόρην
1107 5084 1172 5135 ἐκ
1197 5081 1290 5135 τοῦ
1326 5081 1564 5152 θέματος
1617 5080 1768 5148 Ὀψι-

1877 4527 2036 4601 48],
2071 4527 2230 4596 Zoes,
2262 4544 2383 4596 qua:
2409 4527 2628 4584 Zautza:
2654 4528 2778 4594 fuit,
2811 4528 2976 4582 filiam
3009 4523 3221 4594 imperii
3251 4538 3452 4577 corona

1879 4623 2181 4686 redimivit,
2233 4624 2377 4692 quod
2436 4624 2723 4680 deﬁciente
2770 4625 3037 4693 Augusta,
3095 4620 3344 4675 instituta
3385 4636 3453 4675 ex

1877 4731 2032 4771 more
2050 4717 2300 4771 convivia
2323 4716 2600 4772 celebrare
2617 4731 2726 4770 non
2750 4724 2953 4784 posset.
2986 4711 3287 4782 Imperator
3311 4711 3451 4767 idem

1879 4807 2043 4863 ducta
2071 4823 2101 4863 e
2128 4807 2369 4862 themate
2412 4805 2617 4877 Opsicii
2673 4805 3061 4860 venustissima
3106 4805 3307 4875 puella,
3360 4819 3456 4858 no-

1879 4901 2027 4954 mine
2046 4899 2310 4964 Eudocia,
2335 4899 2635 4968 Augustam
2659 4898 3034 4964 coronavit,et
3052 4896 3453 4966 imperatricem

1881 5005 2222 5060 uxoremque
2246 4988 2578 5045 renuntiavit
2599 5005 2613 5042 :
2635 5003 2701 5042 ex
2720 5003 2782 5042 ea
2808 5001 2979 5057 puero
2997 4987 3244 5045 masculo
3265 5003 3454 5044 susce-

1877 5090 1992 5153 pto,
2029 5091 2202 5137 mater
2223 5091 2276 5137 et
2295 5081 2386 5152 qui
2411 5081 2629 5151 genitus
2656 5078 2758 5134 fuit
2783 5093 2917 5150 puer
2940 5081 3148 5150 pariter
3177 5079 3454 5134 obierunt.

1339 5191 1588 5247 FliANC.
1619 5189 2008 5251 COMBEFISII
2051 5195 2280 5251 NOT/E.

409 5283 683 5356 Anonym.
714 5285 1011 5354 διεξῆλθεν.

271 5353 384 5425 (76)
403 5353 812 5428 ΔἈριστὼντων
849 5353 904 5411 δὲ
932 5357 1129 5428 αὐτῶν,
1158 5357 1344 5428 Cedr.,
1389 5356 1567 5410 Anon.
1593 5355 1776 5428 perin-

193 5423 376 5497 deque
400 5423 533 5490 Leo,
570 5427 783 5481 interim
814 5428 922 5482 illis
948 5427 1350 5497 praudcntibus.

421 5497 691 5568 gnonym.
743 5495 985 5567 χιλιάδας
1025 5498 1118 5552 κδ’.

423 5563 812 5647 Editunrera't,
842 5569 928 5621 διὰ
964 5568 1288 5647 Βασιλίσκου
1330 5569 1646 5647 ῐῐιττακίου,
1680 5585 1771 5647 per

201 5633 526 5716 Basiliscum
589 5637 901 5706 Pittacium,
962 5639 1120 5710 quasi
1165 5650 1348 5695 essent
1397 5639 1504 5695 duo
1549 5633 1769 5695 nomina

196 5719 445 5776 propria.

1958 5289 2068 5357 (79)
2129 5289 2207 5342 Ad
2260 5289 2566 5343 descensum
2624 5287 3001 5356 sphwrislerii;
3045 5283 3316 5357 siquidem
3372 5281 3458 5348 τ’,

1883 5355 2252 5434 domum.
2299 5358 2508 5434 Acme}i
2555 5355 2660 5412 est
2695 5358 2799 5434 una
2835 5357 3052 5434 .Iudere-
3114 5355 3205 5408 δίε
3230 5366 3450 5434 "cur".

1884 5420 2042 5496 equis
2073 5420 2365 5492 ludebant;
2411 5426 2660 5497 adeoque
2695 5420 2874 5482 fuerit
2913 5426 3028 5480 hate
3063 5438 3278 5493 quoque
3313 5420 3456 5474 Circi

1883 5515 2034 5569 pars,
2070 5515 2164 5569 seu
2206 5499 2336 5568 quid
2378 5498 2455 5552 illi
2487 5497 2865 5569 conjunctunt.
2905 5565 2935 5569 _
3129 5561 3143 5569 _
3191 5559 3224 5569 _
3281 5558 3315 5569 ν

1954 5558 2066 5639 (80;
2100 5568 2172 5623 De
2224 5558 2334 5622 hac
2385 5583 2529 5639 voce
2580 5558 2739 5639 docte
2789 5565 2848 5620 P.
2896 5565 3054 5639 Guar
3079 5561 3144 5615 ad
3185 5558 3456 5639 COIJIIIIIIII

1884 5629 2008 5714 pag.
2043 5641 2165 5708 599,
2200 5639 2293 5696 ubi
2323 5638 2487 5698 etiam
2545 5637 2780 5694 militare
2826 5633 3154 5690 vocabulum
3191 5629 3454 5686 ostendit.
