3894 6218
190 215 338 284 1113

1461 233 1828 299 CHRONOG
1841 239 2044 306 RAPH
2051 245 2075 304 Ι
2088 248 2123 305 Α
2136 293 2151 309 .

3325 259 3461 326 illi

183 328 465 442 Ειῖθύμιος
491 330 786 401 σύγκελλος
811 335 956 409 ἀνὴρ
1001 339 1360 413 ἱεροπρεπὴς,
1406 344 1684 419 ὶγκρατής
1711 366 1750 402 τι

1879 353 2003 411 nive
2025 358 2194 414 multa
2225 359 2504 419 delibutus
2537 369 2805 430 pervenit.
2853 368 2916 424 In
2946 369 3068 442 ejus
3115 371 3293 428 locum
3355 375 3461 430 Eu-

179 422 276 475 καὶ
307 423 548 495 εὐλασὴς
572 427 712 482 πάνυ
731 443 745 460 ο
778 429 840 483 ὃν
891 447 1024 499 φασι
1052 435 1454 500 καταδέξασθαι
1513 439 1673 493 τοῦτο
1706 445 1770 496 ὲκ

181 511 335 576 θείας
368 516 790 588 ἀποκαλύψεως,
836 520 913 586 ὡς
946 521 1041 576 τοῦ
1071 523 1338 594 βασιλέως
1374 527 1767 602 βουλευομένου

178 607 395 680 αἰρεσιν
413 610 510 665 καὶ
523 609 692 682 νόμον
718 612 985 678 ἐκθεῖναι,
1004 614 1099 670 τοῦ
1127 618 1272 688 ἔχειν
1297 620 1468 691 ἄνδρα
1490 623 1599 694 (9t)
1619 628 1769 694 τρεῖς

176 710 447 777 γυναῖκας
479 709 514 780 ἢ
544 708 820 781 τέσσαρας
837 727 854 744 ·
888 711 1102 766 πολλῶν
1127 715 1210 779 εἰς
1238 715 1394 771 τοῦτο
1422 719 1768 786 λογιωτάτων

175 799 392 872 ἀνδρῶν
417 801 830 873 συνεργούντων
857 806 1023 860 αὐτόν
1041 806 1268 881 .[αὒτῴ].
1312 812 1517 881 Ἰουνίῳ
1545 814 1602 868 δὲ
1635 815 1767 887 μηνὶ

176 891 536 964 προσεκλήθη
575 894 728 948 Λέων
757 897 786 950 δ
845 897 1102 966 βασιλεὺς
1136 902 1290 971 παρὰ
1346 904 1766 961 Κωνσταντίνου

173 983 270 1038 τοῦ
291 982 466 1048 Δισδς
496 986 554 1038 ὲν
581 987 648 1056 τῇ
683 989 819 1058 μονῇ
841 987 1006 1042 αὐτοῦ
1031 992 1097 1062 τῇ
1129 989 1266 1066 οὔσῃ
1295 994 1354 1046 ἐν
1385 993 1462 1065 τῷ
1485 997 1767 1067 Μερδοσα-

176 1075 322 1149 γάρῃ
349 1075 450 1130 τοῦ
470 1093 532 1130 τε
564 1078 788 1149 ποιῆσαι
811 1077 884 1134 τά
909 1081 1163 1149 ὲγκαίνια
1195 1085 1289 1138 καὶ
1319 1087 1634 1157 ἀριστῆσαι.
1654 1092 1766 1145 Καὶ

180 1169 404 1238 γέγονεν
457 1167 664 1240 ἄνεμος
709 1173 738 1226 ό
781 1171 1079 1244 λεγόμενος
1107 1175 1237 1247 Λὶψ,
1272 1177 1379 1242 ἕως
1408 1181 1598 1252 τρίτου
1629 1199 1765 1253 σφο-

179 1261 316 1333 δρῶς
349 1264 629 1334 φυσήσας,
664 1265 961 1331 συσσείσας
995 1283 1058 1322 τε
1100 1270 1195 1323 καὶ¹
1221 1270 1456 1343 δονήσας
1483 1275 1763 1345 οίκήματα

179 1356 267 1408 καὶ
296 1355 622 1425 ἔκκλησίας,
657 1357 800 1412 ὥστε
830 1360 1042 1426 πάντας
1077 1363 1304 1432 φεύγειν
1356 1368 1416 1419 ὲν
1471 1367 1764 1440 ὑπαίθροις

173 1447 364 1511 τόποις
393 1447 656 1517 λέγοντας
704 1451 1020 1507 συντέλειαν
1065 1455 1340 1528 κοσμικὴν
1389 1452 1553 1524 εἶναι,
1591 1461 1641 1514 εἰ
1684 1459 1760 1532 μὴ

175 1539 334 1611 ἠτοῦ
389 1540 527 1595 Θεοῦ
573 1542 956 1624 φιλανθρωπία
1002 1547 1070 1600 δι’
1117 1548 1342 1620 ὄμϐρων
1386 1549 1628 1606 ἔπαυσεν
1661 1553 1761 1624 τὴν

173 1634 431 1706 τοιαύτην
456 1617 705 1707 θραῠσῖν.

241 1870 591 1942 Προεὸάλετο
615 1871 674 1926 δὲ
720 1873 749 1928 δ
782 1871 1036 1944 βασιλεὺς
1077 1874 1310 1948 Ἱμέριον
1340 1878 1632 1950 λογοθέτην
1659 1879 1757 1936 τοῦ

172 1965 379 2037 δρόμου
430 1965 676 2038 κεφαλὴν
726 1966 946 2020 πάντων
973 1967 1083 2022 τῶν
1111 1969 1395 2040 πλωῖμων,
1447 1971 1757 2039 ἐξελθόντος

170 2055 262 2111 τοῦ
288 2057 480 2110 στόλου
510 2056 618 2110 τῶν
659 2057 978 2129 Ἀγαρηνῶν
998 2059 1139 2113 κατά
1177 2059 1481 2130 Ῥωμαίων.
1512 2061 1757 2129 Ἐδέξατο

170 2149 224 2204 δὲ
257 2149 356 2204 καὶ
403 2149 740 2220 ’Δνδρόνικος
771 2152 799 2204 ὁ
838 2150 964 2216 δοὺξ
991 2151 1079 2205 διὰ
1128 2152 1435 2219 κελεύσεως
1479 2155 1756 2213 συνελθεῖν

181 2241 404 2313 Ἵμερίῳ
431 2240 692 2314 λογοθέτῃ
723 2244 781 2296 ἐν
798 2246 913 2306 τοῖς
935 2243 1164 2310 πλοίοις,
1185 2245 1280 2300 καὶ
1297 2248 1756 2319 καταπολεμῆσαι

168 2336 292 2400 τοὺς
332 2335 690 2406 ’Δγαρηνούς.
749 2336 810 2390 ’0
848 2337 905 2390 δὲ
955 2339 1224 2408 Σαμωνᾶς
1271 2335 1341 2410 ἦν
1400 2340 1754 2408 ἀδιάλλακτος

170 2425 363 2498 ἐχθρὸς
390 2425 487 2479 τοῦ
533 2427 896 2498 Ἀνδρονίκου,
916 2429 1012 2483 καὶ
1039 2430 1211 2484 πολλὰ
1232 2433 1353 2486 κατ’
1381 2434 1546 2488 αὐτοῦ
1578 2435 1755 2507 διηνε·

169 2520 279 2584 κῶς
331 2520 754 2586 συνεσκεύαζεν,
809 2523 906 2576 καὶ
961 2525 1280 2595 ἐμηχανᾶτο
1331 2528 1584 2584 κακῶσαι
1660 2531 1753 2584 τὸν

180 2612 520 2683 Ἀνδρόνικον
546 2615 712 2669 πάντ)⁸
743 2615 932 2687 τρόπῳ
961 2616 1056 2669 καὶ
1086 2618 1236 2690 πάσῃ
1259 2619 1463 2692 σπουδῇ
1481 2621 1754 2693 διαμηχα.

168 2703 408 2774 νὼμενος
438 2704 547 2758 άπδ
593 2706 693 2776 τῆς
725 2706 892 2760 αὑτοῦ
945 2708 1143 2779 φυγῆς.
1205 2710 1476 2765 Ὑπέόαλε
1529 2713 1586 2766 δέ
1641 2733 1752 2769 τινι

167 2797 376 2868 γράψαι
403 2796 482 2864 τῷ
531 2797 853 2869 Ἀνδρονίκῳ
889 2801 1106 2872 κρύψαι
1138 2803 1230 2874 Μὴ
1276 2805 1531 2877 εἰσέλθῃς
1578 2808 1658 2868 είς
1682 2807 1750 2862 τὰ

165 2891 426 2962 καράῶα,
460 2892 556 2944 καὶ
586 2893 867 2964 κρατηθῇς
917 2895 1070 2966 παρὰ
1113 2894 1371 2967 Ἱμερίου.
1416 2897 1474 2952 '0
1504 2900 1612 2971 γὰρ
1643 2902 1752 2954 Σα-

166 2985 351 3054 μωνᾶς
386 2982 630 3056 ὑπέθηκε
658 2984 737 3057 τῷ
775 2984 986 3056 βασιλεί
1014 2985 1111 3040 τοῦ
1161 2989 1504 3060 κρατηθῆναί
1539 3009 1622 3058 σε,
1653 2995 1752 3048 καὶ

1870 445 2113 518 thymius
2150 453 2424 522 syncellus
2454 457 2538 510 vir
2559 458 2763 526 gravis,
2796 463 3154 534 temperantia
3175 474 3227 518 et
3255 464 3455 532 pietate

1871 537 2131 609 insignis,
2171 543 2430 601 suffectus
2461 557 2547 603 est
2581 566 2597 604 :
2631 565 2791 622 quem
2815 551 3009 607 dicunt
3035 553 3222 611 divina
3249 557 3460 611 revela.

1870 631 2017 688 tione
2044 633 2096 688 id
2125 639 2368 694 muneris
2384 643 2716 712 suscepisse.
2745 643 3137 702 Volebatenim
3159 647 3461 718 imperator

1870 727 2120 784 haeresim
2159 740 2213 786 et
2266 731 2441 804 legem
2508 750 2734 805 ponere,
2782 754 2890 814 qua
2927 740 3106 796 virum
3163 749 3274 796 tres
3324 757 3460 812 qua-

1870 824 2062 876 tuorve
2095 837 2301 879 uxores
2328 825 2532 882 ducere
2581 827 2794 896 liceret,
2841 830 3091 902 pluribus
3123 833 3460 892 doctissimis

1866 913 2004 969 viris
2029 915 2098 970 ad
2123 916 2176 971 id
2212 932 2371 988 opem
2396 920 2830 980 conferentibus.
2854 922 3022 979 Junio
3049 933 3234 980 autem
3267 941 3458 981 mense

1867 1008 2168 1079 imperator
2197 1009 2307 1067 Leo
2335 1027 2364 1066 a
2399 1012 2766 1070 Constantino
2795 1016 2928 1072 Libe
2955 1015 3012 1071 in
3051 1017 3449 1074 monasterium

1867 1098 1939 1154 ad
1982 1097 2425 1172 Merdosagarem
2467 1107 2732 1176 positum,
2783 1117 2844 1163 ut
2903 1109 3025 1180 ejus
3060 1109 3454 1164 dedicationem

1863 1191 2182 1260 celebraret,
2231 1204 2285 1251 et
2310 1196 2525 1254 adesset
2569 1183 2845 1265 convivio,
2879 1211 3108 1257 vocatus
3142 1211 3256 1256 est.
3295 1200 3453 1255 Post-

1867 1283 1982 1340 haec
2007 1294 2200 1342 ventus
2224 1289 2446 1344 nomine
2461 1289 2678 1347 Africus
2707 1307 2804 1362 per
2819 1291 2937 1347 dies
2956 1300 3070 1349 tres
3108 1292 3337 1347 invaluit
3365 1307 3456 1346 ve-

1867 1378 2276 1436 hementissime
2333 1383 2574 1452 spirans,
2605 1385 2950 1451 concutiens,
2997 1394 3054 1440 et
3075 1395 3330 1440 evertens
3365 1385 3455 1438 de.

1864 1485 1986 1525 mos
2021 1490 2036 1526 :
2069 1472 2204 1528 adeo
2231 1482 2292 1529 ut
2316 1489 2513 1532 omnes
2551 1477 2618 1532 ad
2660 1477 2779 1532 lora
2819 1478 3124 1534 subdivalia
3182 1477 3451 1550 fugerent,

1863 1570 1920 1618 et
1958 1565 2146 1619 mundi
2177 1565 2339 1621 finem
2397 1567 2729 1624 adventasse
2783 1569 3091 1640 cegitarent
3119 1589 3133 1624 :
3165 1569 3270 1625 nisi
3309 1567 3453 1624 Deus

1865 1671 1965 1712 sua
2002 1658 2057 1713 in
2087 1658 2338 1715 homines
2392 1660 2733 1732 benignitate
2789 1663 3219 1719 concussionem
3257 1662 3452 1732 hujus-

1795 1762 1839 1818 Β
1864 1750 2012 1805 modi
2040 1751 2361 1822 placandam
2387 1751 2651 1824 jussisset

1933 1888 2234 1959 Imperator
2255 1899 2438 1946 autem
2491 1891 2817 1961 Himerium,
2846 1909 3042 1951 cursus
3061 1894 3262 1966 publici
3299 1894 3453 1964 logo-

1860 1981 2092 2046 tlietam,
2123 1982 2317 2039 classis
2361 1984 2529 2038 totius
2580 1994 2746 2056 caput
2774 1987 3030 2042 instituit.
3067 1987 3448 2058 Agarenorum

1858 2089 1990 2128 vero
2023 2074 2203 2130 navali
2233 2075 2479 2130 exercitu
2505 2076 2776 2132 adversus
2807 2079 3086 2136 Romanos
3121 2090 3291 2143 moto,
3325 2082 3439 2132 An-

1859 2165 2119 2221 dronicus
2146 2165 2280 2230 dux,
2308 2175 2370 2221 ut
2392 2182 2453 2224 se
2497 2168 2554 2223 in
2597 2168 2836 2226 navibus
2872 2168 3116 2226 Himerio
3158 2170 3457 2242 logotbctze

1859 2254 2204 2326 adjungeret,
2248 2266 2304 2312 et
2361 2259 2648 2330 Agarenos
2687 2273 3047 2332 oppugnaret,
3105 2263 3296 2334 jussus
3341 2274 3444 2318 est.

1857 2349 1977 2417 Quo
2018 2357 2262 2422 tempore
2298 2350 2570 2410 Samonas
2601 2355 2655 2408 in
2686 2353 3071 2410 Andronicum
3116 2357 3450 2426 implacatus

1859 2444 2266 2512 perseverabat,
2303 2445 2588 2516 multaque
2614 2445 2884 2503 adversus
2909 2463 3035 2502 eum
3061 2448 3453 2504 comminisce-

1857 2538 2041 2602 batur,
2066 2546 2122 2593 et
2143 2538 2404 2594 omnibus
2436 2541 2615 2596 modis
2641 2542 2903 2612 omnique
2929 2543 3110 2598 studio
3135 2543 3450 2597 Andronico

1855 2629 2166 2684 molestiam
2228 2629 2457 2696 inferre,
2489 2646 2554 2686 ex
2591 2648 2700 2702 qua
2727 2631 2913 2704 fugam
2953 2635 3068 2704 ipse
3116 2635 3448 2704 arripuerat,

1855 2721 2248 2778 meditabatur.
2281 2724 2567 2795 Suggessit
2591 2736 2774 2781 autem
2802 2726 3019 2780 cuidam
3053 2728 3148 2796 qui
3180 2727 3451 2782 scriberet

1853 2812 2170 2870 Andronico
2197 2821 2412 2870 secreto
2447 2833 2462 2870 :
2491 2813 2570 2870 Ne
2603 2832 2774 2873 naves
2816 2817 3164 2888 ingrediaris,
3196 2831 3266 2872 ne
3306 2816 3450 2872 forte

1854 2904 2094 2973 capiaris
2129 2905 2198 2960 ab
2225 2905 2493 2962 Himerio.
2528 2906 2804 2964 Samonas
2829 2908 2978 2962 enim
3016 2909 3296 2978 suggessit
3341 2908 3452 2962 im-

1854 2995 2118 3064 peratori,
2146 3004 2208 3050 ut
2235 2995 2305 3050 ab
2334 3011 2402 3052 eo
2429 2997 2886 3068 comprehensus,
2919 2996 3112 3052 oculos
3139 2998 3446 3051 amitteres.

162 3075 514 3147 τυφλωθῆναι
555 3077 685 3148 παρ’
738 3078 924 3134 αὑτοῦ.
975 3078 1154 3133 Πολλᾶ
1185 3080 1244 3134 δὲ
1299 3085 1748 3156 προτρεπομένου

1857 3085 2100 3144 Himerio
2138 3087 2342 3143 exinde
2391 3088 2775 3144 Andronicum
2805 3087 3060 3158 pluribus
3091 3088 3444 3152 adhortante,

174 3169 412 3240 Ἰμερίου
456 3169 796 3241 Ἀνδρόνικον
829 3172 1093 3228 εἰσελθεῖν
1123 3174 1182 3227 ἐν
1215 3177 1328 3238 τοῖς
1361 3175 1571 3240 πλοίοις
1605 3179 1748 3233 κατὰ

162 3261 270 3315 τῶν
313 3261 634 3334 Ἀγαρηνῶν
661 3262 774 3333 (92)
821 3264 1188 3334 ἐπικειμένων
1216 3264 1371 3338 [add.
1404 3269 1506 3321 οὐκ
1561 3269 1749 3342 ἐθέληη

163 3350 296 3424 σεν].
337 3353 576 3428 Ἱμέριος
608 3352 666 3406 δὲ
719 3354 884 3424 μόνος
914 3356 971 3407 ὲν
1005 3355 1189 3428 ἡμέρᾳ
1237 3357 1330 3410 τοῦ
1378 3359 1535 3428 ἁγίου
1573 3360 1749 3431 Θωμᾶ

162 3443 454 3515 συμϐαλὼν
485 3444 721 3515 πόλεμον
781 3444 922 3514 μετὰ
972 3445 1083 3500 τῶν
1125 3448 1446 3519 Ἀγαρηνῶν
1497 3450 1746 3523 μεγάλην

157 3536 318 3606 νίκην
337 3533 656 3608 εἰργάσατο.
675 3535 848 3591 Τοῦτο
881 3537 1070 3608 μαθὼν
1110 3539 1450 3609 Ἀνδρόνικος
1472 3543 1746 3613 ἀπογνοὺς

157 3628 277 3699 ἅμα
300 3626 624 3696 συγγενέσιν
653 3628 819 3682 αὐτοῦ
864 3629 1120 3684 ἀπελθὼν
1153 3633 1462 3704 ἐκράτησεν
1504 3635 1745 3707 κάστρον

153 3726 255 3796 τὴν
303 3723 622 3789 Κάὸϐαλαν,
659 3726 742 3788 εἰς
783 3724 997 3780 τελείαν
1029 3728 1370 3784 ἀποστασίαν
1423 3730 1631 3784 ἐλθών·
1668 3731 1746 3797 ὡς

154 3820 332 3871 εἰπεῖν
358 3817 453 3870 καὶ
473 3817 742 3888 Σαμωνᾶν
773 3817 913 3890 πρὸς
957 3820 1051 3874 τὸν
1083 3820 1334 3891 βασιλέα·
1391 3823 1505 3878 Οὐκ
1535 3824 1742 3894 ἔλεγον,

153 3907 199 3966 ὦ
226 3912 491 3974 δέσποτα,
515 3910 790 3982 άντάρτην
811 3907 950 3966 εἷναί
985 3930 1079 3966 σου
1109 3913 1200 3967 τὸν
1234 3913 1444 3982 δοῦκας
1491 3917 1743 3989 Παρευθὺ

154 4000 480 4058 ἀπέστειλεν
503 4004 532 4056 δ
563 4001 818 4072 βασιλεὺς
841 4003 880 4055 Γ
886 4005 1126 4076 ρηγορᾶν
1155 4004 1474 4076 δομέστικον
1495 4009 1606 4062 τῶν
1629 4026 1747 4080 σχο-

151 4093 266 4146 λῶν
322 4093 417 4145 τὸν
478 4092 772 4163 λεγόμενον
837 4093 1146 4166 Ἰϐηρίτζην
1193 4096 1569 4171 συμπένθερον
1613 4099 1745 4154 ὄντα

167 4186 539 4256 Ἀνδρονίκου,
567 4187 1021 4258 καταπολεμῆσαι
1049 4188 1235 4242 αὐτόν.
1268 4189 1476 4244 Μαθὼν
1505 4192 1561 4245 δὲ
1587 4193 1746 4247 τοῦτο

167 4279 529 4349 Ἀνδρόνικος,
559 4279 654 4333 καλ⁵
683 4280 758 4342 ὡς
786 4281 814 4333 δ
837 4282 1188 4353 πατριάρχης
1221 4282 1490 4348 Νικόλαος
1516 4285 1619 4356 τῆς
1652 4287 1747 4342 ὲκ..

153 4371 388 4442 κλησίας
430 4372 664 4444 ὲξεώθη,
702 4373 1052 4445 προσέφυγεν
1097 4378 1214 4438 τοῖς
1250 4377 1591 4448 ’Δγαρηνοῖς,
1623 4380 1742 4452 ἄμα

1851 3190 1911 3238 ut
1929 3180 2124 3238 classis
2160 3181 2380 3237 adesset
2406 3195 2617 3247 comes,
2641 3190 2697 3237 et
2730 3195 2855 3235 cum
2885 3179 3153 3243 Agarenis
3193 3177 3307 3248 jam
3341 3179 3446 3232 im-

1851 3274 2190 3331 minentibus
2227 3273 2556 3337 decertaret.
2624 3288 2734 3329 non
2757 3273 3005 3329 admisit.
3039 3271 3322 3326 Himerius
3346 3271 3447 3341 igi-

1849 3379 1941 3426 tur
1989 3369 2141 3426 solus
2173 3369 2266 3425 die
2306 3369 2486 3424 sancti
2541 3366 2788 3435 Thomae,
2824 3368 2962 3423 inito
2997 3383 3124 3423 eum
3177 3365 3449 3437 Agarenis

1847 3464 2057 3534 praelio,
2088 3477 2345 3533 magnam
2382 3463 2687 3534 reportavit
2705 3462 3038 3531 lvictoriam.
3071 3459 3194 3528 Quo
3230 3459 3444 3522 audito,

1847 3554 1901 3609 in
1931 3555 2374 3624 desperationem
2427 3554 2700 3609 adductus
2739 3554 3108 3619 Andronicus,
3164 3552 3220 3607 in
3263 3560 3449 3608 extre-

1848 3661 1993 3700 mam
2017 3645 2383 3702 defectionem
2429 3647 2832 3716 praecipitatus,
2877 3645 3308 3714 consanguineis
3356 3644 3448 3697 fu-

1844 3752 1968 3808 gam
1993 3739 2400 3803 comitantibus,
2438 3748 2679 3793 castrum
2710 3738 3005 3793 Cabbalam
3027 3738 3317 3807 occupavit
3342 3752 3442 3792 :ex

1845 3846 1956 3902 quo
1977 3831 2244 3887 Samonas
2269 3832 2587 3901 imperatori
2613 3831 3023 3902 improperabat
3051 3848 3066 3885 :
3094 3829 3290 3884 Nonne
3307 3845 3446 3900 prse-

1844 3923 2114 3988 dixcram,
2142 3923 2386 3989 domine,
2428 3925 2622 3979 ducem
2656 3923 2947 3978 adversum
2987 3931 3041 3977 te
3086 3921 3441 3976 rebellionem
3523 3933 3530 3936 '

1846 4015 2102 4070 meditari
2133 4015 2377 4071 ?Statim
2414 4031 2547 4087 ergo
2603 4016 2755 4071 misit
2808 4016 3111 4085 imperator
3141 4013 3442 4085 Gregoram

1845 4106 2160 4163 scholarum
2209 4109 2574 4164 domesticum
2608 4149 2625 4172 .
2674 4117 3045 4179 cognomento
3096 4105 3440 4170 Hiberitzen,

1845 4200 2146 4257 Andronici
2205 4217 2606 4267 consocerum,
2648 4210 2707 4256 ut
2755 4218 2878 4258 eum
2923 4201 3239 4257 debellaret.
3283 4200 3442 4266 Quod

1843 4309 1970 4349 cum
2029 4295 2314 4352 didicisset
2366 4294 2757 4361 Andronicus,
2804 4305 2859 4350 et
2912 4293 3194 4350 Nicolaum
3267 4291 3441 4362 patri-

1843 4387 2066 4443 archam
2118 4389 2188 4444 ab
2247 4389 2480 4445 ecclesia
2511 4391 2730 4461 pulsum
2779 4404 2934 4450 esse,
2969 4402 3074 4442 uua
3101 4401 3226 4443 cum
3267 4385 3442 4439 amni-

153 4466 269 4531 τοίς
299 4465 616 4537 συγγενέσι,
647 4465 744 4521 καὶ
771 4466 1008 4530 τέκνοις,
1035 4468 1132 4522 καὶ
1155 4470 1268 4534 τοῖς
1291 4470 1466 4540 φίλοις
1495 4471 1750 4546 ἐξεληλυ-

1857 4484 1963 4542 bus
1993 4495 2048 4543 et
2071 4486 2218 4544 natis
2246 4496 2303 4543 et
2329 4486 2524 4544 amicis
2559 4485 2796 4542 fortuna:
2820 4484 3117 4541 comitibus
3164 4478 3328 4556 485
3369 4478 3442 4534 ad

1288 4638 1542 4702 FRANC.
1587 4646 1983 4711 COMBEFISII
2056 4654 2298 4713 NOTAE.

221 4773 340 4848 (91)
365 4771 660 4848 Anonym._,
689 4771 786 4825 τοῦ
809 4770 955 4848 ἔχειν
981 4775 1219 4848 γυναῖκα
1247 4775 1472 4848 ἄνδρας.
1515 4779 1655 4846 Quid
1691 4782 1739 4839 si

152 4843 456 4915 utrumque
502 4843 718 4897 sancire
742 4844 935 4915 voluit,
987 4846 1250 4915 pariaque
1297 4843 1472 4904 voluit
1503 4843 1723 4908 feminas
1763 4897 1771 4905 .

148 4914 513 4986 viriquejura
543 4932 556 4968 :
585 4921 696 4990 tum
728 4914 1002 4968 nimirum’
1033 4914 1204 4970 virum
1255 4929 1392 4982 (res,
1429 4933 1741 4990 quatuorve,

150 4982 352 5043 uxores
417 4999 569 5050 posse
627 4982 837 5050 ducere,
883 4995 994 5040 lum
1044 5001 1265 5042 uxorem
1315 4982 1535 5044 totidem
1576 4982 1738 5048 viros;

147 5059 289 5135 Noui
333 5053 720 5135 καταπαυτόν,
747 5056 909 5135 simul
947 5067 999 5135 et
1037 5059 1216 5135 semei,
1247 5061 1394 5135 quod
1418 5063 1558 5135 male
1588 5065 1740 5135 δόμα..

148 5133 228 5204 cit
250 5123 416 5184 Cedr.
460 5125 871 5204 (iueplumﬁlioc
899 5129 1117 5204 opinari
1160 5130 1228 5204 de
1257 5123 1377 5187 viro
1403 5132 1608 5204 alioqui
1644 5123 1741 5188 ἔσο

146 5202 360 5268 piente,
385 5210 452 5250 ac
492 5193 662 5264 probe
719 5193 1056 5263 Christiano,
1095 5203 1183 5254 cui
1207 5209 1262 5256 et
1302 5193 1612 5259 doctissi'mi
1635 5206 1738 5262 viri

148 5267 616 5343 astipularentur,
638 5275 694 5321 ιιι
709 5268 822 5337 ipse
843 5269 1045 5326 fatetur
1075 5269 1216 5336 Leo;
1239 5288 1436 5343 nempe
1469 5271 1738 5330 Occiden-

147 5337 403 5415 talesqui
439 5353 550 5393 non
581 5347 851 5415 respuunt
899 5350 1124 5415 quartas
1155 5337 1398 5414 nuptias,
1441 5345 1642 5415 aliique
1669 5349 1737 5402 iis

147 5409 383 5482 addicti,
423 5423 489 5482 ac
542 5409 795 5482 sanioris
821 5409 1043 5475 mentis,
1095 5409 1252 5482 quos.
1276 5409 1391 5469 non
1421 5409 1610 5473 lateret
1634 5416 1738 5473 [loc

149 5481 306 5540 mani
332 5479 569 5535 maxime
613 5480 891 5554 pontificis
927 5479 1228 5541 auctoritas
1273 5485 1632 5554 dispensandi
1673 5489 1728 5543 in

151 5555 245 5620 iis,
289 5566 414 5622 quae
446 5560 585 5622 sunt
635 5550 778 5619 juris
819 5553 1087 5610 duntaxat
1120 5550 1503 5622 ecclesiastici,
1536 5573 1637 5613 nec
1675 5559 1728 5614 id

150 5621 510 5684 universalis,
549 5622 642 5678 scd
664 5623 982 5691 peculiaris
1017 5624 1072 5679 in
1112 5623 1356 5688 Oriente,
1385 5629 1461 5681 uti
1489 5629 1632 5684 istud
1661 5630 1730 5684 dc

153 5696 360 5762 tertiis,
419 5702 474 5750 ct
529 5694 743 5766 quartis
767 5695 972 5766 nuptiis
1008 5697 1231 5768 vetitis),
1269 5699 1361 5755 scd
1421 5700 1492 5755 ita
1537 5709 1588 5755 ut
1625 5700 1722 5757 dc-

1851 4785 2056 4844 functis
2089 4789 2208 4846 aliae
2236 4790 2360 4846 aliis
2399 4789 2780 4856 succederent,
2814 4789 2930 4846 sive
2953 4789 3120 4846 etiam
3156 4789 3244 4844 alii
3275 4791 3436 4848 aliis:

1851 4856 1970 4931 lege
1995 4861 2088 4914 illa
2120 4862 2420 4916 universali
2451 4861 2770 4931 prmsidium
2797 4875 3052 4931 quaerens
3085 4863 3300 4930 quartis
3329 4863 3440 4918 illis

1851 4929 2228 5003 suis_nuptiis,
2265 4929 2517 5003 Aquarum
2569 4932 2790 5003 nomine
2818 4929 3442 5003 Nicolaus’patriarcha

1848 5001 2201 5072 anathemate
2256 5001 2513 5066 ferierat;
2563 5002 2808 5072 adeoque
2835 5001 3436 5071 scripserit‘Cedrenus

1847 5070 1995 5142 quod
2022 5081 2079 5127 et
2133 5071 2488 5142 Curopalata,
2527 5074 2648 5126 κατ’
2703 5070 3144 5142 αὐτόν,·ρει’ίηάε
3178 5091 3241 5128 ac
3291 5075 3437 5142 ipse;

1847 5141 1942 5208 qui
2001 5143 2084 5197 sic
2141 5141 2383 5208 quatuor
2437 5159 2637 5200 uxores
2662 5141 2931 5199 duxerat.
2965 5144 3228 5200 Haeresim
3278 5141 3438 5198 vecat

1841 5208 1973 5275 Leo,
2011 5211 2094 5284 uti
2145 5208 2257 5267 fere
2305 5212 2479 5269 Graeci
2533 5215 2884 5278 calentiores,
2944 5214 3214 5284 quidquid
3266 5213 3434 5284 etiam

1840 5283 2373 5355 eorumdisciplinm
2420 5285 2766 5353 adversatur,
2807 5281 3007 5340 nedum
3054 5281 3199 5355 quod
3246 5281 3435 5338 catho-

1842 5351 1962 5405 licae
1991 5353 2114 5408 fidei
2149 5351 2490 5409 contrarium
2530 5366 2635 5411 cst.
2752 5351 2758 5353 ⁷
3069 5351 3088 5355 ⁷
3298 5361 3301 5364 ’

1911 5421 2299 5496 (92)_Delenda
2325 5440 2469 5496 vox“
2489 5428 2649 5496 μετά,
2681 5441 2747 5481 ac
2783 5436 2982 5496 suppl.
3007 5438 3085 5496 ex
3116 5425 3428 5495 Anonymo,

1837 5492 2240 5566 ᾁπεσκίρτησε,
2278 5495 2352 5566 μὴ
2375 5492 2537 5549 τοῦτο
2568 5497 2792 5566 ποιῆσαι
2821 5492 3295 5565 κὶιέαδεξάμενοςί
3316 5498 3434 5551 Λη-

1838 5563 2089 5684 grauium
2121 5563 2457 5633 resiliit,'nec
2507 5584 2615 5623 rem
2653 5563 2914 5637 p'ra’stare
2957 5567 3011 5623 in
3054 5563 3296 5622 animum
3349 5567 3432 5624 in-

1877 5644 2010 5684 ttxtl.

1877 5635 2010 5692 uxit.
