3986 6232
413 339 543 403 Mill

1714 342 1810 401 CH
1823 339 2398 404 BONOGRAPHIA.

3542 341 3677 404 112?.

405 454 552 527 μεὼν
597 454 626 506 ὁ
669 453 854 524 ἄρχων
911 453 1246 524 Βουλγαρίας
1276 452 1496 524 μηνύων
1543 452 1879 524 Ἀλεξάνδρῳ
1906 453 1972 505 τά

2094 453 2225 506 relnt
2261 453 2469 508 hostem
2513 465 2542 506 a
2575 452 2759 510 fratris
2787 454 2871 508 sui
2912 453 3112 509 Leonis
3145 461 3386 524 tempore
3429 455 3534 509 sibi
3591 459 3679 508 in-

399 547 530 619 περὶ
566 546 812 617 εἰρήνης.
867 545 1092 616 Συμεὼν
1150 545 1600 616 παρεσκευάζετο
1625 545 1705 616 (Ii)
1758 545 1985 614 κινῆσαι

399 639 540 692 κατὰ
573 638 680 691 τῶν
715 637 1061 707 Χριστιανῶν
1089 637 1252 691 ὅπλα.
1307 637 1657 708 Ἀλέξανδρος
1687 636 1742 689 δὲ
1775 637 1804 688 ὁ
1832 635 1989 706 βασι-

398 731 523 794 λεὺς
551 731 856 800 ἀριστήσας
887 731 981 783 καὶ
1009 729 1255 794 οἰνωθεὶς
1289 731 1349 783 ἐν
1405 732 1516 793 τοῖς
1554 729 1660 782 ὑπὸ
1690 729 1827 783 κύνα
1856 729 1988 782 καύ-

403 839 556 893 μασι,
612 822 879 891 κατῆλθεν
915 824 1224 892 σφαιρίσαι,
1267 822 1363 876 καὶ
1425 821 1674 893 ῥομφαία
1740 821 1990 892 θεηλάτῳ

399 913 653 982 πληγεὶς,
701 915 796 967 καὶ⁹
850 911 1110 978 ἀνελθὼν,
1155 912 1386 984 αἵματος
1417 915 1482 966 ἐκ
1528 912 1639 966 τῶν
1694 910 1858 983 ῥινῶν
1892 912 1989 964 καὶ

397 1005 512 1057 τῶν
539 1005 755 1059 αἰδοίων
787 1005 1183 1076 ἐκφερομένου,
1222 1007 1362 1075 μετὰ
1388 1003 1484 1058 δύο
1516 1003 1732 1075 ἡμέρας
1765 1002 1988 1057 ἐτελεύ-

395 1113 564 1166 τησεν
591 1095 908 1150 καταλιπὼν
961 1099 1260 1167 ἐπίτροπον
1305 1096 1577 1150 Νικόλαον
1617 1097 1986 1167 πατριάρχην,

398 1189 497 1241 καὶ
549 1174 834 1257 Στέφανον
865 1190 1188 1261 μάγιστρον,
1225 1173 1320 1243 καὶ
1377 1189 1634 1260 Ἰωάννην
1691 1191 1990 1259 μάγιστρον

400 1283 491 1334 τὸν
530 1283 778 1346 Ἐλαδᾶν,
814 1283 908 1335 καὶ
955 1281 1210 1351 Ἰωάννην
1239 1282 1545 1354 ραίκτωρα,
1574 1282 1670 1336 καὶ
1697 1281 1988 1350 Εὑθύμιον,

400 1376 496 1427 καὶ
536 1374 626 1428 τὸν
678 1372 1026 1443 Βασιλίτζην,
1055 1373 1152 1426 καὶ
1199 1374 1290 1427 τὸν
1324 1374 1782 1446 Γαὸριλόπουλον,
1815 1375 1988 1440 ἐάσας

397 1467 497 1535 τὴν
527 1465 803 1534 βασιλείαν
850 1465 1247 1536 Κωνσταντίνῳ
1285 1465 1387 1536 υίῷ
1418 1466 1672 1530 Λέοντος.
1721 1467 1993 1522 ’Ᾱπέθετο

395 1556 453 1609 δὲ
503 1556 851 1630 Ἀλέξανδρος
883 1561 942 1612 ἐν
974 1561 1086 1623 τοῖς
1116 1561 1311 1630 τάφοις
1343 1562 1420 1632 (6)
1454 1562 1591 1632 μετὰ
1643 1561 1739 1615 τοῦ
1773 1562 1988 1634 πατρὸς

400 1663 595 1700 αυῖου.

893 1915 1482 1972 ΚΩΝΣΤΑΝΤΙΝΟΣ.

474 2010 883 2074 Κωνσταντῖνος
907 2009 982 2074 δέ,
1010 2009 1105 2063 τοῦ
1131 2009 1336 2082 πατρὸς
1359 2008 1520 2063 αύτοῦ
1562 2009 1984 2081 τελευτήσαντος

397 2106 654 2169 Λέοντος,
695 2104 824 2167 παῖς
877 2102 958 2155 ἔτι
983 2100 1272 2170 τυγχάνων
1307 2101 1561 2172 (ἐσδομον
1587 2103 1696 2172 γὰρ
1724 2097 1837 2173 εἷχε
1885 2101 1986 2170 τῆς

395 2196 610 2266 ἡλικίας
642 2195 806 2263 ἔτος),
835 2193 941 2248 ὑπὸ
979 2192 1328 2264 Ἀλεξάνδρου
1367 2191 1486 2246 υίοῦ
1514 2190 1706 2265 [θείου]
1731 2191 1896 2245 αὑτοῦ
1927 2193 1986 2245 ἐν

397 2287 650 2358 βασιλείᾳ
700 2285 1096 2340 καταλέλειπτο
1151 2284 1259 2338 ὑπὸ
1313 2285 1641 2357 ἐπιτρόπους
1679 2285 1850 2339 τελῶν
1884 2285 1984 2355 (7),

395 2378 750 2433 ἐϐασίλευσεν
781 2379 877 2431 ἐπὶ
930 2377 1041 2431 τῶν
1092 2377 1262 2432 αὑτοῦ
1295 2378 1630 2451 ἐπιτρόπων,
1665 2380 1760 2432 καὶ
1790 2379 1889 2432 σὺν
1915 2381 1983 2451 τῇ

397 2473 603 2544 μητρί·
638 2472 758 2541 ἅμα
795 2471 851 2525 δὲ
889 2469 1158 2542 Ῥωμανῷ
1204 2468 1456 2540 πενθερῷ
1509 2469 1702 2536 αὑτοῦ,
1741 2472 1798 2524 ἐν
1851 2471 1986 2525 ὐπο-

393 2566 537 2634 ταγῇ
573 2561 670 2627 ὢν,
706 2562 871 2633 ἕτερα
902 2559 1000 2632 ἐτη
1028 2561 1203 2614 εἴκοσι
1229 2560 1325 2627 ἐξο
1361 2562 1722 2632 μονοκράτωρ
1767 2561 1824 2615 δὲ
1879 2561 1977 2632 ετη

391 2656 727 2710 δεκαπέντε·
763 2655 840 2719 ὼς
869 2648 1012 2708 εἶναι
1049 2653 1142 2708 τὸν
1175 2653 1395 2711 ἅπαντα
1453 2654 1648 2726 χρόνον
1694 2655 1793 2726 τῆς
1821 2654 1982 2725 βασι-

391 2748 545 2812 λείας
585 2746 750 2801 αὐτοῦ
799 2747 898 2817 ἔτη
949 2747 1292 2817 πεντήκοντα
1330 2745 1514 2802 πέντε.
1547 2744 1864 2816 Λαὸόμενος
1891 2740 1984 2800 οὖν

394 2841 492 2910 τῆς
528 2837 624 2892 τοῦ
661 2837 928 2892 παλατίου
960 2836 1210 2902 ἐξουσίας
1248 2837 1276 2889 ὁ
1311 2837 1661 2908 πατριάρχης
1689 2836 1984 2902 Νικόλαος,

391 2931 494 3001 τὴν
527 2929 620 2983 τοῦ
663 2926 846 2982 κοινοῦ
877 2928 1144 2999 πρόνοιαν
1176 2929 1421 2981 ἐποιεῖτο
1473 2929 1570 2981 κα)⁵
1597 2928 1695 2998 τὴν
1728 2928 1986 2996 φροντίδα

393 3020 543 3094 εἶχεν
589 3023 697 3076 τῶν
727 3024 793 3094 τῇ
844 3019 1092 3093 βασιλείᾳ
1127 3021 1442 3092 ἀνηκόντων
1489 3020 1837 3091 πραγμάτων
1894 3022 1986 3073 ba-

393 3133 427 3185 η
439 3116 625 3185 μέραι.
668 3112 760 3166 Ἑν
791 3112 1005 3173 τούτοις
1037 3111 1132 3166 οὖν
1163 3111 1262 3180 τῆς
1293 3111 1572 3181 βασιλείας
1599 3109 1765 3181 οΰσης
1795 3109 1985 3182 δηλοῦο

393 3182 485 3261 ται
515 3182 936 3276 -Κωνσταντίνῳ
981 3204 1062 3275 τῷ
1118 3204 1273 3258 δουκὶ
1321 3203 1430 3258 τῶν
1478 3202 1686 3274 σχολῶν
1718 3203 1794 3274 (8)
1833 3201 1986 3273 παρά
2011 3182 2056 3243 (ἶ

393 3317 560 3354 τινων
587 3298 695 3352 τῶν
723 3301 780 3351 ἐν
804 3299 871 3369 τῇ
899 3297 1051 3351 πόλει
1098 3297 1441 3367 μεγιστάνων
1469 3295 1769 3364 φιλούντων
1798 3295 1980 3361 αὑτὸν,

398 3390 474 3454 ὡς
515 3389 758 3462 ἀνδρεῖον
802 3388 898 3440 καὶ⁵
955 3387 1185 3457 νουνεχῆ
1212 3386 1308 3439 καὶ
1338 3385 1521 3449 καλῶς
1555 3385 1855 3456 δυνάμενον
1885 3386 1985 3456 τὴν

397 3481 697 3552 ἐκκλησίαν
733 3476 1064 3552 [βασιλείαν]
1121 3477 1514 3548 διακυϐερνᾷν,
1565 3476 1856 3542 εἰσελθεῖν,
1889 3477 1984 3530 καὶ

395 3575 602 3647 ταύτης
654 3573 931 3645 ἐγκρατὴς
989 3569 1282 3643 [ἐγκρατῆ]
1312 3569 1568 3638 γενέσθαι
1622 3571 1878 3642 ἀπονητί.
1922 3569 1982 3624 '0

393 3668 473 3732 δὲ,
507 3648 732 3722 ἆτέκαὶ
766 3665 1032 3736 πρότερον
1080 3662 1251 3734 αὐτὴν
1297 3662 1681 3732 ὀνειροπολῶν,
1729 3663 1986 3728 καὶτοὺς

400 3759 697 3828 στεφάνους
735 3759 824 3812 ἀεὶ
849 3757 1155 3827 ἐφιέμενος,
1196 3754 1272 3818 ὡς
1310 3750 1458 3825 εἶχεν
1507 3755 1670 3825 τάχος
1701 3755 1801 3824 τὴν
1829 3753 1984 3824 βασι-

397 3851 658 3906 λεύουσαν
699 3849 1024 3904 καταλαϐὼν
1055 3849 1171 3919 ἅμα
1199 3850 1312 3922 τοῖς
1358 3847 1455 3900 σὺν
1485 3847 1636 3919 αὐτῷ
1665 3846 1774 3902 τῶν
1819 3864 1982 3918 στρα-

393 3947 682 4014 τευμάτων
754 3941 1031 4013 ἐκκρίτοις
1113 3941 1318 4004 [κανοῖς
1409 3934 1583 4006 οὖσιν,
1641 3940 1731 3993 καὶ
1786 3938 1984 4005 νυκτὸς

394 4037 486 4092 διὰ
533 4036 914 4110 παραπυλίδος
966 4034 1228 4090 εἰσελθὼν
1301 4032 1396 4088 τοῦ
1479 4032 1978 4105 πρωτοΰεστιαρίου

396 4129 640 4200 Μιχαὴλ,
703 4126 870 4196 οὔσης
920 4125 1152 4196 πλησίον
1211 4123 1561 4197 ἀκροπόλεως
1613 4124 1672 4176 ἐν
1722 4121 1801 4193 τῷ
1845 4125 1981 4193 οἴκῳ

394 4222 490 4275 τοῦ
554 4219 823 4290 πενθεροῦ
896 4219 1070 4290 αὐτῆς
1125 4216 1340 4292 [αὐτοῦ]
1401 4217 1698 4288 Γρηγορᾶ,
1773 4216 1981 4280 ἄϋπνος

405 4314 545 4383 μετὰ
597 4312 706 4365 τῶν
759 4311 1028 4366 συνόντων
1087 4309 1239 4380 αὐτῷ
1282 4308 1604 4363 διετέλεσεν.
1645 4309 1892 4380 Νικήτας
1925 4307 1984 4361 δὲ

352 4384 364 4396 ’
401 4405 728 4475 άσηκρῆτις,
776 4406 806 4458 ὁ
862 4403 1003 4475 μετὰ
1033 4402 1210 4458 ταῦτα.
1244 4402 1681 4474 πρωτονοτάριος
1724 4399 1986 4469 γεγονὼς,

397 4501 500 4570 τὴν
532 4499 953 4553 Κωνσταντίνου
1007 4497 1190 4568 ἄφιξιν
1243 4498 1321 4568 τῷ
1379 4496 1656 4568 πατρικίῳ
1695 4498 1989 4550 Κωνσταν-

2097 549 2310 603 tensum
2363 548 2594 617 adjectis
2629 549 2794 604 minis
2829 549 3073 604 exsulem
3108 549 3236 618 egit.
3282 549 3372 604 Ille
3417 550 3680 605 societate

2096 641 2381 696 hominum
2423 640 2750 696 interdictas
2801 657 2896 710 per
2953 653 3170 696 menses
3233 657 3327 695 sex
3383 657 3451 696 ex
3504 641 3678 696 nimio

2093 746 2332 787 maerore
2361 732 2555 788 morbo
2607 731 2898 802 correptuh
2946 731 3179 786 interiit.
3216 733 3438 786 Simeon
3495 744 3677 787 autem

2093 822 2363 896 Bulgaria:
2400 826 2675 895 princeps.
2708 826 2895 881 missis
2941 827 3006 880 ad
3042 826 3416 881 Alexandrum
3444 827 3675 891 nuntiis,

2092 915 2164 970 de
2203 931 2334 985 pace
2369 925 2662 971 tractatum
2711 915 2920 972 habuit.
2951 916 3174 972 Simeon
3215 917 3478 974 adversus
3514 918 3676 974 Chri-

2093 1009 2310 1064 stianos
2335 1025 2487 1064 arma
2517 1025 2737 1065 movere
2775 1010 3018 1080 parabat.
3048 1011 3356 1066 Alexander
3383 1012 3678 1082 imperator

2095 1101 2234 1156 bene
2273 1112 2487 1172 pastus,
2519 1112 2575 1158 et
2603 1103 2732 1158 vino
2769 1104 3109 1160 temulentus
3153 1105 3258 1160 sub
3295 1105 3556 1160 canicula:
3586 1120 3676 1160 ar-

2093 1191 2261 1248 dores
2302 1193 2409 1263 pila
2462 1193 2690 1250 lusurus
2726 1196 3016 1266 processit,
3067 1196 3361 1266 gladioque
3413 1197 3676 1252 divinizus

2069 1283 2367 1353 “immisso,
2400 1287 2719 1342 vulneratus
2749 1287 2912 1342 rediit
2954 1288 3280 1357 sanguinem
3307 1303 3337 1342 e
3365 1289 3592 1343 naribus
3615 1299 3670 1344 et

2096 1372 2371 1444 pudendis
2394 1373 2704 1440 edundens,
2728 1383 2784 1430 et
2814 1384 2938 1446 post
2980 1375 3098 1431 dies
3129 1379 3266 1432 duos
3320 1374 3545 1433 Nicolao
3580 1393 3676 1448 pa-

2097 1467 2357 1534 triarcha,
2411 1477 2468 1522 et
2516 1467 2799 1538 Stephano
2835 1471 3099 1538 magistro
3128 1467 3317 1534 Elada,
3363 1477 3418 1523 et
3461 1466 3676 1523 Joanne

2094 1568 2328 1624 rectore,
2357 1567 2412 1614 et
2456 1557 2771 1632 Euthymio,
2805 1569 2858 1615 et
2891 1559 3172 1624 Basilitze,
3202 1570 3256 1615 et
3285 1559 3674 1630 GabrieIOpnln

2094 1652 2546 1722 procuratoribns
2598 1653 2886 1718 institutis,
2912 1651 3276 1708 Constantino
3330 1652 3530 1708 Leonis
3563 1653 3676 1708 ﬁlio

2093 1745 2315 1817 reliquit
2341 1745 2654 1816 imperium.
2686 1743 2996 1800 Alexander
3025 1743 3114 1799 ille
3137 1759 3262 1800 cum
3287 1754 3440 1814 patre
3471 1743 3675 1800 Basilio

2016 1811 2060 1870 θ
2089 1838 2282 1895 eodem
2325 1839 2582 1910 sepulcro
2611 1837 2883 1908 repositus
2910 1846 3012 1892 est.

2571 1927 3184 1986 CONSTANTINUS.

2159 2021 2558 2078 Constantinus
2592 2029 2747 2092 patre
2797 2019 2984 2078 Leone
3031 2032 3254 2077 mortuo
3300 2020 3479 2076 adhuc
3507 2035 3669 2091 puer,

2090 2115 2412 2187 (septimum
2441 2113 2590 2170 enim
2616 2123 2831 2169 tantum
2859 2112 3035 2170 artatis
3063 2128 3177 2170 suae
3213 2113 3408 2186 agebat
3441 2114 3672 2180 annum)

2086 2207 2192 2265 sub
2225 2207 2409 2279 patrui
2464 2207 2639 2264 tutela
2693 2207 2994 2277 imperator
3047 2207 3273 2263 relictus
3331 2216 3434 2263 est.
3471 2204 3674 2261 Habuit

2087 2301 2256 2356 etiam
2307 2299 2526 2372 imperii
2581 2306 2993 2370 procuratores,
3029 2306 3084 2354 et
3140 2299 3244 2354 sub
3275 2313 3466 2354 eorum
3515 2313 3669 2358 cura,

2088 2402 2266 2449 matre
2291 2393 2500 2464 pariter
2530 2389 2640 2450 illis
2681 2391 2965 2462 adjuncta,
2993 2391 3178 2445 rexit:
3217 2405 3322 2444 una
3369 2405 3497 2446 vero
3545 2405 3670 2444 cum

2088 2482 2358 2552 Romano,
2391 2499 2586 2541 socero
2611 2498 2736 2551 suo,
2763 2485 2850 2540 cui
2870 2483 3148 2553 subjectus
3176 2481 3300 2550 fuit,
3331 2495 3508 2537 annos
3533 2481 3671 2535 alios

2089 2576 2283 2648 viginti
2327 2591 2422 2633 sex
2473 2592 2488 2632 :
2527 2576 2683 2634 solus
2737 2576 3030 2647 imperium
3063 2574 3208 2630 rexit
3235 2587 3412 2628 annos
3440 2571 3672 2643 quinde-

2089 2668 2198 2724 cim
2236 2682 2251 2720 ε
2283 2667 2422 2723 adeo
2452 2676 2514 2724 ut
2542 2665 2758 2736 imperii
2819 2665 2944 2736 ejus
3009 2674 3225 2735 tempus
3276 2677 3446 2719 omne
3510 2664 3671 2717 annis

2089 2759 2488 2832 quinquaginta
2529 2759 2774 2830 quinque
2819 2757 3201 2814 concludatur.
3245 2754 3442 2810 Palatii
3479 2753 3670 2824 itaque

2089 2865 2416 2929 potestatem
2441 2853 2674 2924 adeptus
2694 2849 2878 2907 Nicola
2888 2865 2956 2907 us
2978 2849 3311 2919 patriarcha,
3337 2848 3501 2903 rebus
3519 2861 3672 2902 com-

2091 2949 2354 3004 munibus
2403 2945 2768 3017 providebat,
2796 2955 3099 3011 curamque
3130 2941 3353 3012 gerebat
3391 2939 3672 3011 quotidiae

2089 3051 2287 3092 norum
2322 3034 2473 3105 regni
2506 3032 2878 3102 negotiorum.
2905 3028 3045 3084 Cum
3079 3028 3246 3098 igitur
3288 3029 3371 3082 sic
3408 3043 3468 3084 se
3504 3028 3672 3082 habe-

2090 3135 2213 3183 rent
2263 3124 2477 3196 imperii
2536 3137 2646 3188 res,
2683 3121 3050 3178 Constantino
3097 3118 3409 3176 scholarum
3461 3117 3586 3172 duci
3638 3129 3670 3171 a

2090 3213 2419 3286 quibusdam
2465 3210 2621 3267 urbis
2665 3209 2985 3282 proceribus
3043 3208 3166 3279 ejus
3202 3207 3395 3264 amicis
3431 3207 3674 3278 suggeri~

2088 3317 2197 3373 tur,
2223 3323 2347 3364 eum
2390 3320 2490 3362 ceu
2523 3306 2719 3360 viruma
2751 3303 2950 3359 fortem
2987 3310 3043 3358 et
3087 3301 3439 3372 prudentem,
3469 3300 3672 3370 quique

2087 3408 2276 3472 posset
2346 3397 2746 3468 rempublicam
2819 3395 3211 3451 administrare
3241 3430 3261 3459 ,
3314 3404 3372 3449 ut
3426 3392 3672 3462 seipsum

2086 3495 2457 3560 promoveret,
2496 3485 2762 3556 nulloque
2820 3483 3008 3541 labore
3054 3483 3454 3554 capessendum
3497 3483 3674 3550 impe-

2087 3583 2231 3635 rium
2257 3578 2668 3651 aggrederetur.
2721 3575 2818 3632 Ille
2874 3577 3076 3648 igitur,
3131 3585 3333 3646 utpote
3392 3575 3486 3646 qui
3517 3575 3676 3644 prius

2085 3671 2220 3728 illud
2279 3671 2336 3726 in
2384 3680 2642 3725 votorum
2716 3669 2951 3725 somniis
3011 3669 3327 3735 habuerat,
3389 3679 3446 3724 et
3512 3682 3676 3724 coro—

2085 3778 2282 3818 narum
2340 3761 2570 3818 libidine
2611 3777 2831 3832 semper
2868 3762 3174 3828 aestuabat,
3233 3771 3438 3833 quanta
3495 3761 3677 3832 potuit

2083 3855 2374 3912 velocitate
2401 3893 2418 3920 ,
2467 3853 2524 3909 in
2586 3852 2832 3924 reginam
2879 3853 3072 3908 urbem
3131 3871 3240 3909 una
3283 3868 3411 3909 cum
3457 3855 3674 3910 selectis

2084 3945 2258 4016 copiis
2331 3952 2388 3999 et
2436 3943 2507 3998 ad
2555 3943 2793 4015 quodvis
2840 3943 3152 3999 audendum
3222 3945 3439 4000 idoneis
3487 3944 3674 4015 profe-

2088 4046 2210 4094 ctus
2263 4045 2400 4093 est:
2440 4045 2720 4106 noctuque
2779 4051 2876 4108 per
2928 4036 3206 4107 portulam
3268 4036 3676 4108 protovestlarii

2089 4127 2370 4182 blichaelis
2417 4125 2572 4182 urbis
2620 4125 2766 4181 arcis
2821 4125 2987 4182 vicini
3022 4125 3330 4199 ingressus,
3395 4127 3452 4182 in
3507 4127 3678 4182 domo

2088 4218 2546 4292 MGregorze
2602 4219 2784 4274 soceri
2844 4218 3119 4276 insomnis
3162 4233 3273 4274 una
3331 4233 3458 4274 cum
3507 4219 3676 4274 sociis

2092 4311 2316 4368 mansit.
2353 4309 2578 4367 Nicetas
2605 4319 2796 4366 autem
2829 4325 2860 4365 a
2891 4311 3141 4378 secretis,
3161 4311 3256 4382 qui
3279 4320 3472 4382 postea
3496 4309 3676 4366 factus

2095 4402 2540 4477 protonotarius,
2572 4402 2924 4460 Constantini
2959 4404 3254 4461 adventum
3308 4403 3679 4459 Constantino

2097 4498 2326 4554 Eladico
2351 4495 2588 4568 patricio
2620 4494 2974 4567 signiﬁcavit,
3004 4496 3284 4565 amboque
3319 4494 3530 4566 pariter
3558 4493 3676 4562 ipsa

397 4592 531 4662 τίνῳ
553 4591 632 4663 τῷ
676 4590 942 4662 Ἐλαδικῷ
978 4591 1379 4660 κατεμήνυσεν,
1415 4591 1513 4642 καὶ
1553 4588 1721 4660 ἄμφω
1751 4591 1819 4659 τῇ
1848 4589 1984 4661 αύτῇ

2097 4600 2259 4648 nocte
2281 4589 2353 4646 ad
2387 4591 2585 4646 ducem
2609 4588 3036 4646 Constantinum
3064 4591 3332 4647 accedunt
3349 4606 3362 4643 :
3381 4589 3679 4660 habitoque

395 4688 555 4741 νυκτὶ
615 4685 753 4758 πρὸς
805 4686 897 4741 τὸν
924 4683 1094 4740 δοῦκα
1133 4685 1543 4739 Κωνσταντῖνον
1596 4683 1986 4755 παρεγένοντο,

2098 4683 2332 4741 consilio
2365 4684 2753 4741 illusceseente
2781 4683 2895 4750 die,
2927 4683 3021 4740 sed
3046 4683 3338 4755 profundis
3383 4683 3563 4738 adhuc
3595 4690 3678 4736 te-

1541 4796 1794 4855 FBANC.
1823 4797 2218 4856 COMBEFISII
2266 4797 2505 4855 NOTE.

468 4898 549 4968 (5)
575 4895 742 4952 Fmde
765 4895 883 4952 inec
912 4893 1125 4968 mutila,
1145 4907 1210 4948 ac
1227 4891 1378 4968 nullo
1394 4907 1589 4968 sensu,
1603 4905 1664 4945 es
1681 4892 1982 4968 Aponym._,

396 4977 452 5026 et
479 4962 645 5038 ‘Cédr.
677 4969 855 5038 suppl.
882 4981 898 5038 ζ
928 4966 1184 5038 Εἰρήνης,
1214 4963 1301 5038 ὡςΔ
1325 4963 1533 5038 ταύτην
1549 4962 1867 5038 Δἀσπάζοιτο
1890 4965 1985 5038 καὶ

399 5039 494 5095 τοῦ
526 5031 973 5108 φιλοφρονεῖσθαι
997 5031 1184 5108 ἀὐτόν
1222 5035 1315 5089 καὶ
1352 5031 1657 5108 Διιιιιιιάσθαι,
1695 5031 1888 5108 ὥσπερ
1916 5034 1982 5106 δὴ

398 5112 498 5165 καὶ
526 5103 622 5163 ἐπὶ
653 5103 748 5163 τοῦ
783 5107 1047 5176 βασιλέως
1065 5106 1315 5176 Λέοντος.
1351 5104 1409 5159 ’0
1511 5103 1666 5175 άνοίᾳ
1685 5106 1781 5176 καὶ
1807 5103 1982 5173 ἀφροὲ

404 5182 544 5255 σύνῃ
571 5175 906 5255 κρατηθεὶς,
944 5179 1072 5241 τοὺς
1121 5175 1384 5255 πρέσϐεις
1425 5175 1639 5255 ἀτίμως
1671 5175 1981 5255 ἐξέπεμψεν

399 5244 654 5315 άπεὶλαίς
698 5244 980 5323 χρώμενος
1034 5244 1176 5323 κα-τὰ
1209 5245 1456 5323 Συμεὼν,
1477 5314 1500 5323 Α
1519 5244 1618 5323 καὶ
1634 5247 1979 5323 Δκαταπλητ-

399 5339 518 5378 τειν
576 5313 843 5391 οίόμὲνοίζ
901 5313 1013 5391 Τῆς
1061 5315 1155 5391 οὖν
1191 5313 1418 5388 εἰρήνης
1471 5313 1838 5391 διαλυθείσης,
1875 5313 1979 5368 Συ-

405 5393 587 5466 μεώνο
624 5387 775 5446 Misit
799 5387 1032 5466 Synteon
1053 5389 1254 5466 legatos
1291 5391 1356 5440 de
1376 5387 1512 5466 pace
1549 5387 1880 5466 admo_uens,_
1899 5403 1985 5466 s_e_-

399 5457 500 5534 que
525 5481 642 5518 eam
678 5457 956 5532 percupere
987 5457 1299 5530 signiﬁcans
1318 5473 1340 5520 ;
1386 5457 1742 5534 humanitatis
1779 5458 1986 5534 ofﬁciis

403 5527 458 5589 se
500 5535 589 5590 ille
639 5527 1018 5598 demereretur,
1038 5527 1407 5585 'acvltonorem
1439 5527 1676 5592 haberet,
1711 5529 1790 5581 uti
1818 5531 1982 5582 etiam

401 5605 579 5661 Leone
604 5608 923 5675 imperatore
967 5603 1170 5672 factum
1203 5610 1343 5675 erat.
1381 5598 1686 5675 Alexander
1714 5599 1982 5675 dementia

405 5691 592 5745 captus
617 5670 818 5746 legatos
843 5670 1136 5744 ignominia
1164 5674 1375 5726 [rebitas
1404 5670 1685 5746 amatrdat,
1724 5671 1896 5724 minas
1928 5673 1984 5725 in

405 5745 720 5817 Synteonebt
751 5747 1043 5817 intentans,
1079 5760 1142 5817 ας
1162 5761 1217 5798 se
1239 5759 1360 5798 eum
1404 5745 1713 5817 territurunt
1742 5757 1983 5817 sperans.

407 5811 549 5874 Pace
584 5821 761 5888 itaque
787 5816 1074 5882 dissoluta,
1096 5813 1324 5885 Symeon
1352 5811 1736 5882 expeditionem
1753 5813 1806 5866 in
1829 5811 1986 5871 Chri-

2087 4894 2296 4948 stianos
2332 4894 2581 4962 parabat.

2161 4964 2241 5036 (6)
2287 4960 2378 5018 Ἑν
2429 4967 2542 5026 τοῖς
2579 4961 2773 5036 τάφοις
2828 4961 2936 5014 τῶν
2973 4961 3261 5034 βασιλέων,
3301 4960 3578 5035 Anonym.
3609 4960 3676 5016 In
3736 4999 3741 5004 -

2084 5033 2339 5103 sepulcris
2367 5050 2548 5104 regum
2572 5033 2820 5088 conditus
2849 5043 2949 5088 est.

2159 5105 2238 5177 (7)
2271 5105 2350 5160 Ab
2381 5103 2690 5160 Alexandro
2731 5111 2924 5172 patruo
2953 5105 3250 5177 imperator
3269 5103 3510 5177 relictus
3533 5113 3672 5168 erat,

2082 5173 2180 5230 sub
2214 5177 2480 5231 tutoribus
2523 5191 2681 5246 agens
2703 5192 2722 5230 :
2753 5190 2861 5246 non
2887 5175 2984 5228 sub
3010 5173 3176 5230 tutela
3213 5173 3532 5236 Alexandri,
3563 5187 3676 5246 quo

2083 5248 2303 5318 vivente
2373 5241 2872 5318 necAintperavit,
2898 5246 3202 5318 Sequentia
3229 5248 3412 5318 suppl.
3452 5241 3676 5318 erce.

2087 5315 2284 5384 dreuo,
2313 5327 2420 5373 etc.
2455 5309 2810 5390 ἐθασίλευσεν
2826 5315 2925 5372 σὺν
3047 5316 3216 5390 μητρξι
3236 5309 3431 5390 ιτὶτςι.
3455 5309 3561 5366 Sub
3594 5311 3676 5365 bis

2087 5389 2281 5458 itaque
2317 5386 2604 5458 tutoribus,
2637 5403 2700 5440 ac
2727 5395 2898 5441 matre
2943 5385 3224 5458 imperarit
3257 5387 3421 5458 annis
3455 5390 3675 5458 septem.

2159 5453 2234 5529 (8)
2266 5457 2531 5529 lnsolens
2562 5457 2782 5521 titulus,
2834 5472 2946 5529 nec
2981 5453 3112 5529 nisi
3137 5453 3581 5529 errorculibrarii
3611 5468 3675 5505 ac

2086 5521 2270 5585 textus
2300 5528 2646 5584 mutilatione
2676 5535 2862 5582 natus.
2905 5525 3136 5596 Emend.
3173 5539 3237 5580 es
3267 5521 3520 5596 aliis,_ri;)
3555 5521 3682 5596 bow

2087 5600 2205 5665 κὸς,
2241 5601 2398 5670 (ἀλλ.
2427 5598 2625 5669 δουκὶ),
2653 5598 2766 5670 τῶν
2796 5595 3004 5670 σχολῶν
3043 5593 3378 5670 δρμεστικῷ,
3410 5591 3661 5670 Constan-

2092 5664 2414 5752 tinoJ'o‘ucis
2467 5664 2778 5742 ﬁlio"(sive
2831 5664 2994 5726 etiam
3046 5664 3192 5740 duci)
3232 5664 3534 5742 scholarum
3583 5666 3669 5721 άο·

2093 5751 2331 5798 ιηεειιεο.
