3986 6232
426 275 585 339 Ἰ135
1686 260 1960 324 LEONIS
1998 256 2475 320 GRAMMATICI
2633 243 2652 256 ’
3571 243 3719 314 1136

436 386 600 453 feria,
633 381 867 438 Galilaza:
891 378 1053 444 dicta,
1079 374 1421 431 benedicitur
1447 391 1459 426 :
1498 381 1552 427 et
1578 388 1701 428 cum
1732 387 1796 428 ea
1825 368 2033 440 nuptia-

2138 363 2322 419 νοῦται
2374 363 2488 432 ἅμα
2522 362 2655 433 αὐτῇ
2691 362 2840 433 παρὰ
2884 360 3153 414 Νικολάου
3188 358 3533 429 πατριάρχου
3579 358 3720 411 Ῥω.

443 450 587 528 libus
622 471 843 527 corollis
876 466 1161 521 redimitur
1200 480 1230 516 a
1260 462 1483 519 Nicolao
1515 462 1848 533 patriarcha,
1879 469 2031 514 tunc-

2134 452 2310 528 μανὸν
2351 456 2791 527 βασιλεοπάτορα
2851 453 3261 524 προϐαλόμενος
3300 468 3316 483 '
3367 451 3488 506 ἀντ’
3545 450 3722 505 αὐτοῦ

441 579 551 633 que
599 562 880 615 Romanus
944 554 1289 627 imperatoris
1356 552 1515 609 Pater
1561 550 1873 607 declaratur
1912 568 1927 604 :
1977 555 2029 601 et

2134 549 2186 604 δὲ
2236 549 2607 620 Χριστοφόρον
2665 547 2779 599 υἱὸν
2821 542 2986 598 αύτνῦ
3040 542 3404 616 έταιριάρχην
3437 544 3724 612 κατέστη-

432 654 673 709 Romani
719 651 835 705 vice
861 648 1295 720 Christopltorus
1327 647 1445 718 ejus
1469 646 1611 700 lilius
1648 641 2031 698 hetzeriarcbes
2133 654 2249 693 σεν.

452 743 777 798 instituitur.

513 833 669 888 iiaud
712 831 887 887 multo
909 841 1054 902 post,
1079 829 1189 885 Leo
1219 828 1431 885 Pbocas
1459 843 1487 883 a
1524 827 1725 898 papulo
1746 824 2026 888 seductus,

439 933 494 979 ct
529 941 557 978 ιι
618 921 878 977 nonnulis
923 934 1212 990 procerum
1244 931 1299 974 et
1342 919 1616 989 legionum
1658 915 1707 971 ei
1747 929 2029 969 commen-

434 1018 688 1071 datarum
760 1012 1026 1066 militibus
1102 1020 1318 1074 motus,
1384 1009 1674 1064 tumultum
1747 1006 2028 1069 excitavit,

442 1109 727 1177 missoque
758 1104 953 1159 nuntio
986 1102 1411 1157 Constantinum
1461 1100 1858 1161 accubitorem,
1894 1096 2032 1151 Con-

442 1199 857 1264 stantinuntque
891 1195 1146 1259 alterum,
1169 1201 1224 1248 et
1251 1193 1601 1247 Anastasium
1631 1189 1956 1259 Γογγυλίους
1978 1197 2032 1243 et.

441 1290 645 1345 fratres
671 1284 1002 1359 germanos,
1034 1295 1089 1340 et
1122 1284 1543 1340 Constantinum
1588 1297 1617 1337 a
1652 1281 1877 1337 secretis
1926 1278 2033 1332 Ma-

2200 810 2335 866 Μετ⁹
2376 810 2436 863 οὐ
2466 809 2600 863 πολῦ
2653 809 2807 863 Λέων
2837 810 2865 863 6
2896 808 3093 871 Φωκᾶς
3131 807 3273 877 μετὰ
3288 804 3424 860 λαοῦ
3452 803 3727 858 πλείστου

2129 902 2435 973 ἀπατηθεὶς
2480 901 2633 974 παρά
2665 899 2725 954 τέ
2761 917 2922 953 τινων
2938 899 3217 969 ἀρχόντων
3240 897 3337 952 καὶ
3374 894 3490 951 τῶν
3551 894 3729 949 αὐτοῦ

2129 996 2427 1064 ταγμάτων
2463 994 2601 1066 πρὸς
2626 993 2926 1065 ἀνταρσίαν
2957 994 3216 1057 κινεῖται,
3250 990 3347 1044 καὶ
3378 986 3731 1049 ἀποστείλας

2129 1087 2423 1142 ἀνελάϐετο
2476 1082 2617 1138 εἶναι
2681 1085 2780 1138 σὺν
2815 1083 2965 1154 αὐτῷ
3002 1082 3095 1136 τόν
3117 1100 3177 1135 τε
3208 1077 3731 1153 παρακοιμώμενον

2132 1179 2562 1243 Κωνσταντῖνον,
2618 1178 2715 1230 καὶ
2751 1177 3164 1231 Κωνσταντῖνον
3208 1173 3307 1226 καὶ
3346 1170 3727 1226 Ἀναστάσισν

2128 1270 2256 1331 τοὺς
2277 1250 2603 1335 Γογγυλίους
2630 1267 2726 1319 καὶ
2748 1265 3139 1335 αὑταδέλφους,
3169 1264 3269 1317 καὶ
3300 1262 3731 1317 Κωνσταντῖνον

443 1384 585 1439 lelize
632 1382 805 1436 lilium
868 1379 971 1434 sibi
1016 1378 1231 1441 ascivit,
1265 1377 1367 1431 hoc
1412 1375 1625 1431 cunctis
1657 1374 1941 1429 insinuans
1979 1380 2033 1426 et

2134 1360 2436 1430 ἁσηκρῆτις
2471 1358 2565 1412 τὸν
2585 1358 2887 1421 Μαλελίας,
2934 1357 3296 1429 πληροφορῶν
3333 1354 3593 1419 ἅπαντας
3624 1355 3728 1408 καὶ

440 1473 800 1545 persuadens,
848 1480 1059 1524 motum
1102 1482 1321 1522 onmem
1371 1481 1467 1538 pro
1500 1463 1850 1536 imperatoris
1886 1460 2030 1518 Con-

2135 1450 2393 1521 βεϐαιῶν,
2458 1449 2535 1513 ὡς
2568 1449 2708 1521 ὑπὲρ
2736 1449 2831 1503 τοῦ
2868 1450 3138 1521 βασιλέως
3170 1446 3594 1502 Κωνσταντίνου
3621 1447 3732 1518 τὴν

441 1566 665 1621 stantini
699 1564 963 1632 obsequio
993 1560 1242 1615 excitari.
1299 1557 1583 1613 Romanus
1631 1567 1811 1612 autem
1861 1556 2033 1624 impe-

2134 1542 2390 1613 τοιαύτην
2418 1543 2654 1596 ποιεῖται
2698 1542 3043 1611 συγκίνησιν.
3081 1541 3363 1612 Ῥωμανὸς
3393 1541 3450 1595 δὲ
3497 1541 3529 1593 6
3561 1539 3729 1609 βασι.

439 1655 641 1711 ratoris
705 1631 867 1707 Pater
915 1651 1076 1706 bullis
1140 1650 1322 1704 aureis
1375 1648 1590 1703 tabulas
1640 1645 1929 1716 insignitas
1978 1656 2032 1701 et

2134 1634 2417 1705 λεοπάτωρ
2472 1634 2869 1705 χρυσοϐούλλια
2913 1636 3148 1705 ποιήσας
3194 1633 3591 1702 ὲνυπόγραερα,
3647 1631 3730 1695 ὡς

447 1745 856 1813 subscriptione
908 1743 1174 1805 ﬁrmatas,
1209 1739 1355 1794 velut
1415 1736 1763 1808 imperatoris
1811 1733 2030 1790 nomine

2134 1729 2194 1780 ὲκ
2264 1725 2556 1798 προσώπου
2619 1726 2714 1780 τοῦ
2774 1726 3079 1813 βασιλέως,
3123 1725 3542 1781 Κωνσταντίνου
3622 1726 3730 1797 τὴν

438 1836 659 1890 far-inus
709 1832 1021 1901 huiusmodi
1076 1840 1402 1885 attentatnm
1442 1843 1792 1897 repressuras
1829 1824 2031 1886 edidit:

441 1930 641 2000 quibus
682 1927 999 1997 jubebatur,
1052 1934 1133 1989 ut,
1173 1924 1358 1977 Pltoea
1414 1921 1653 1988 deserto,
1685 1921 1779 1991 qui
1814 1920 1881 1975 ad
1931 1919 2035 1973 itu-

442 2020 716 2089 peratoris
776 2025 957 2085 partes
1005 2014 1325 2074 transirent,
1377 2025 1476 2080 pro
1515 2011 1846 2079 imperatore
1886 2017 2034 2061 stare

440 2119 840 2168 censerentur:
876 2107 1097 2162 easdem
1131 2120 1258 2158 vero
1286 2104 1458 2158 Anu’m
1488 2103 1709 2156 cuidam
1748 2100 2035 2170 impuden-

443 2206 513 2259 tis
567 2203 680 2259 oris
715 2210 770 2256 et
800 2198 1099 2271 proﬂigatae
1157 2197 1427 2253 castitatis
1462 2197 1681 2252 mulieri
1724 2195 2034 2264 clericnquc

442 2296 658 2351 cuidam
713 2292 984 2356 Micltaeli,
1037 2299 1099 2344 ut
1156 2304 1252 2359 per
1299 2288 1674 2344 adversarium
1728 2285 2031 2342 exercitum

443 2395 785 2458 spargerent,
823 2381 1245 2439 commendavit.
1276 2379 1356 2434 Illi
1410 2390 1659 2447 receptas
1696 2380 1907 2433 litteras
1936 2392 2035 2447 per

443 2490 662 2530 omnem
699 2473 1006 2528 exercitum
1046 2470 1313 2525 distribui
1353 2478 1654 2524 curarunt:
1699 2478 1753 2523 et
1804 2463 2032 2522 Michael

444 2565 667 2636 quidem
692 2564 744 2616 in
780 2562 858 2617 rei
891 2570 1055 2630 gesta:
1082 2559 1450 2629 suspicionem
1476 2559 1719 2620 veniens,
1742 2557 2034 2611 crudeliter

446 2664 714 2726 exceptus
766 2669 796 2708 a
852 2652 1057 2719 Pboca,
1108 2651 1337 2708 naribus
1398 2662 1453 2707 et
1511 2652 1741 2707 auribus
1794 2650 2035 2721 praecisis

444 2747 750 2803 mulctatus
792 2753 899 2809 est,
954 2744 1047 2813 qui
1097 2743 1448 2812 postmodum
1492 2756 1791 2814 congruam
1839 2757 1869 2795 a
1922 2741 2033 2796 lio-

445 2855 611 2896 mano
657 2844 994 2893 consecutus
1025 2843 1110 2890 est
1138 2833 1595 2898 vicissitudinem,
1623 2843 1678 2887 et
1714 2832 1916 2903 pariter
1945 2847 2032 2899 ea,

445 2949 566 3005 quae
611 2946 736 2986 eum
796 2943 862 2984 eo
921 2928 1091 2983 missa
1150 2925 1344 2992 fuerat,
1397 2925 1614 2979 mulier.
1663 2924 1767 2991 Qui
1824 2923 2032 2993 primus

445 3027 686 3081 Phocum
721 3021 988 3088 deseruit,
1044 3027 1099 3076 et
1154 3018 1209 3073 in
1279 3017 1506 3073 Romani
1559 3025 1741 3087 partes
1792 3015 2026 3078 transiit,
2053 3053 2098 3117 C

441 3114 873 3188 Barymicltaells
923 3112 1070 3167 ﬁlius
1120 3110 1360 3175 exstitit,
1414 3108 1586 3165 cladis
1621 3109 1861 3163 adversae
1891 3106 2027 3161 etin

443 3206 757 3263 contrarias
789 3213 971 3274 partes
1007 3218 1067 3257 se
1109 3203 1334 3257 ditionis
1369 3211 1423 3255 et
1453 3201 1755 3271 tyrannidis
1799 3208 2025 3254 auctor:

447 3298 710 3354 comitem
765 3311 825 3349 se
881 3293 1118 3364 praebuit
1157 3291 1460 3355 Balantius,
1517 3290 1682 3345 ambo
1725 3299 2026 3343 turmarum

445 3392 769 3455 praestantes
808 3380 1080 3452 praefecti.
1112 3379 1219 3434 Leo
1254 3378 1468 3433 Pbocas
1520 3389 1650 3430 vero
1702 3388 1826 3429 cum
1872 3388 2029 3428 exer-

442 3476 559 3530 citu
596 3474 844 3528 omnium
886 3483 1181 3525 armorum
1234 3480 1433 3538 genere
1481 3465 1695 3521 fortiter
1735 3464 2026 3528 instructo,

441 3562 831 3638 Chrysopolim
882 3561 1183 3633 prolectus,
1224 3570 1280 3615 et
1316 3557 1824 3626 Gottstantinpolis
1883 3557 2030 3610 cives

446 3655 829 3718 exterriturtts,
903 3653 1119 3723 milites
1158 3651 1322 3719 longe
1381 3657 1691 3704 castrorum
1736 3645 1943 3701 ambitu
1994 3660 2028 3698 α

447 3749 693 3805 Iuvenca
747 3743 960 3816 lapidea
1011 3744 1079 3797 ad
1129 3740 1529 3797 Cltaleedonem
1585 3754 1759 3809 usque
1808 3738 2027 3792 locavit.

449 3841 589 3896 Dum
623 3841 737 3894 haec
772 3842 1106 3909 gererentur
1147 3849 1176 3887 a
1216 3834 1486 3900 Romano,
1524 3833 1746 3887 Simeou
1790 3831 2029 3909 caniclei

446 3931 738 4005 prafectus
792 3904 1002 3984 vceloce
1076 3937 1287 3988 vectus,
1354 3926 1597 3980 libellum
1680 3904 2031 3994 imperatoris

446 4019 794 4079 Constantini
845 4033 1014 4074 manu
1063 4016 1432 4087 subscriptum
1460 4016 1744 4072 delaturus
1774 4014 2028 4069 mittitur.

452 4114 580 4170 Haec
645 4110 1067 4182 porrolibellus
1116 4108 1437 4162 euuntiabat
1485 4125 1499 4162 :
1557 4106 1630 4162 Ut
1666 4106 1879 4177 imperii
1927 4105 2032 4159 mei

447 4205 732 4262 custodem
755 4200 1235 4272 vigilantissimum
1259 4207 1315 4252 et
1343 4198 1719 4253 ﬁdelissimum
1742 4213 1773 4252 e
1801 4195 2035 4252 subditis

451 4304 645 4367 prater
667 4291 990 4346 Romanum
1022 4290 1237 4344 nullum
1275 4289 1482 4343 inveni.
1514 4288 1654 4343 Huic
1709 4297 1834 4358 post
1862 4287 2031 4343 Deum

2135 1819 2394 1890 τοιαύτης
2439 1818 2730 1889 ἐπιϐουλῆς
2767 1817 3082 1890 ἀνατροπὴν
3123 1817 3480 1889 περιέχοντα,
3508 1817 3609 1870 καὶ
3648 1816 3728 1880 ὡς

2133 1914 2182 1965 oi
2198 1912 2289 1964 τὸν
2307 1912 2505 1965 Φωκᾶν
2567 1910 3099 1981 καταλιμπάνοντες,
3126 1908 3204 1978 τῷ
3233 1906 3448 1979 βασιλεῖ
3462 1907 3525 1961 δὲ
3551 1924 3733 1978 προσ-

2134 2004 2464 2074 φεύγοντες,
2523 2002 2665 2074 ύπὲρ
2727 2002 2824 2056 τοῦ
2881 2001 3151 2072 βασιλέως
3200 2001 3332 2065 eiet,
3392 1999 3521 2064 δοὺς
3573 1999 3731 2054 αὐτά

2138 2094 2305 2165 Ἂννῃ
2322 2095 2430 2147 τινὶ
2452 2095 2673 2163 γυναικὶ
2700 2091 2908 2146 ἀναιδεῖ
2936 2092 3030 2145 καὶ
3062 2089 3318 2162 θρασείᾳ,
3341 2090 3433 2144 κα)
3458 2088 3727 2160 κληρικῷ

2131 2188 2236 2239 τινι
2293 2183 2530 2256 Μιχαὴλ,
2562 2186 2620 2238 ἐν
2663 2184 2741 2255 τῷ
2768 2182 2919 2254 αύτῷ
2968 2183 3318 2254 στρατοπέδῳ
3374 2182 3724 2252 ἐξέπεμψεν.

2131 2278 2197 2331 Oi
2228 2276 2284 2331 δὲ
2308 2276 2480 2330 ταῦτα
2514 2258 2934 2345 ἀναλαϐόμενοι,
2985 2275 3233 2328 ἔστειλαν
3252 2273 3420 2326 παντὶ
3441 2273 3525 2343 τῷ
3546 2290 3725 2345 στρα-

2130 2368 2231 2439 τῷ.
2283 2369 2440 2422 Καὶὸ
2472 2367 2572 2438 μὲν
2633 2367 2855 2438 Μιχαὴλ
2909 2366 3206 2437 φωραθεὶς,
3243 2364 3395 2436 παρὰ
3427 2363 3526 2418 τοῦ
3553 2365 3727 2419 Φωιᾶ

2131 2458 2375 2528 ἀνηλεῶς
2433 2456 2681 2527 τυφθεὶς,
2716 2458 2821 2527 τήν
2847 2474 2907 2510 τε
2940 2457 3091 2527 ρίναν
3121 2454 3243 2528 [τάς
3277 2471 3339 2508 τε
3403 2450 3587 2527 ῥίνας]
3620 2456 3722 2508 καὶ

2130 2551 2200 2604 τὰ
2227 2543 2343 2603 ὦτα
2404 2548 2701 2621 ἀπετμήθη
2726 2565 2742 2579 ο
2767 2548 2829 2611 δς
2854 2549 2992 2618 μετὰ
3023 2546 3201 2601 ταῦτα
3231 2547 3386 2617 παρὰ
3425 2546 3724 2617 Ῥωμανοῦ

2130 2649 2232 2717 τῆς
2291 2645 2680 2716 προσηκούσης
2736 2643 2930 2714 ἔτυχεν
2960 2642 3198 2713 ἀμοιϐῆς
3218 2659 3234 2674 ι
3262 2641 3531 2703 ὡσαύτως
3554 2641 3654 2696 ναὶ
3689 2644 3724 2712 ἡ

2132 2740 2229 2794 σὺν
2284 2736 2435 2808 αὐτῷ
2471 2738 2731 2792 σταλεῐσα
2762 2737 2923 2807 γυνή.
2957 2736 3182 2808 Πρῶτος
3212 2736 3241 2789 6
3268 2735 3386 2799 υἱὸς
3409 2734 3503 2789 τοῦ
3532 2734 3725 2806 Βαρυ-

2134 2830 2337 2903 μιχαὴλ
2386 2828 2702 2884 καταλιπὼν
2763 2829 2857 2882 τὸν
2889 2829 3086 2882 Φωκᾶν
3115 2827 3197 2897 τῷ
3230 2825 3504 2897 Ῥωμανῷ
3545 2844 3727 2898 προσο

2130 2922 2387 2994 έδραμεν,
2442 2920 2586 2993 ἀρχὴ
2636 2920 2881 2991 γεγονὼς
2933 2919 3287 2981 καταλύσεως
3311 2919 3410 2989 τῆς
3454 2917 3724 2989 τοιαύτης

2130 3012 2424 3085 άνταρσίας
2454 3013 2547 3066 καὶ
2574 3011 2924 3083 τυραννίδος,
2960 3011 3058 3065 σὺν
3090 3008 3239 3081 αὐτῷ
3253 3010 3310 3063 δὲ
3331 3011 3360 3063 6
3395 3007 3726 3075 Βαλάντιος,

2128 3105 2474 3178 τουρμάρχαι
2529 3104 2684 3169 ὅντες
2739 3105 3063 3176 ἀμφότεροι.
3130 3103 3283 3157 Λέων
3340 3102 3399 3156 δὲ
3436 3104 3465 3157 6
3519 3103 3727 3168 Φωκεῖς

2132 3196 2269 3267 μετὰ
2319 3195 2449 3249 λαού
2510 3196 2767 3250 πλείστου
2829 3195 3071 3266 ἰσχυρῶς
3128 3194 3586 3264 καθωπλισμένου
3658 3195 3724 3248 ὲν

2128 3285 2471 3356 Χρυσοπόλει
2523 3284 2869 3353 καταλαϐὼν,
2896 3284 3149 3355 διέστησε
3209 3282 3552 3355 παρατάξεις
3603 3283 3724 3338 ἀπὺ

2127 3376 2228 3446 τῆς
2256 3376 2466 3449 λιθίνης
2488 3377 2786 3448 Δαμάλεως
2835 3365 2998 3448 μέχρι
3030 3375 3375 3447 Χαλκηδόνος
3404 3374 3536 3439 τοὺς
3558 3377 3617 3428 έν
3644 3376 3722 3447 τῇ

2131 3468 2282 3522 πόλει
2311 3468 2512 3537 φοϐῶν.
2541 3469 3072 3523 Ἀποοτέλλεταιοῦν
3092 3468 3234 3540 μετὰ
3256 3468 3537 3539 δρόμωνος
3563 3466 3723 3541 παρὰ

2139 3559 2424 3632 Ῥωμανοῦ
2446 3561 2669 3633 Συμεὼν
2689 3565 2718 3617 6
2742 3562 2835 3616 ἐπὶ
2870 3562 3183 3616 κανικλείου
3202 3561 3364 3629 λόγον
3391 3560 3714 3631 ένυπόγρα-

2132 3666 2232 3720 φον
2262 3650 2355 3704 τοῦ
2390 3651 2655 3721 βασιλέως
2689 3652 3105 3705 Κωνσταντίνου
3145 3650 3550 3721 ἐπιφερόμενος
3580 3650 3713 3705 sib:

2130 3743 2540 3813 διαγορεύοντα,
2570 3746 2646 3809 ὡς
2687 3743 2831 3814 Ἐγὼ
2862 3744 3084 3815 φύλακα
3120 3744 3223 3815 τῆς
3255 3745 3396 3816 ἐμῆς
3433 3743 3718 3813 βασιλείας

2132 3836 2587 3908 ἐγρηγορώτατον
2650 3838 2747 3891 καὶ
2816 3838 3143 3891 πιστότατον
3193 3837 3387 3891 οὗδένα
3440 3836 3553 3891 τῶν
3610 3838 3719 3892 ὕπδ

2132 3931 2293 3999 χεῖρα
2354 3928 2388 4000 ἢ
2461 3929 2747 4000 Ῥωμανδν
2799 3927 3075 4001 εὑρηκὼς,
3103 3927 3294 3983 τούτου
3346 3925 3575 4001 [τούτῳ]
3614 3927 3718 4000 τὴν

2133 4021 2271 4094 ἐμὴν
2325 4021 2594 4092 φυλακὴν,
2658 4020 2797 4092 μετά
2821 4037 2887 4091 γε
2944 4022 3100 4087 Θεὸν,
3146 4019 3579 4084 κατεπίστευσα,
3621 4023 3722 4076 καὶ

2132 4114 2253 4167 ἀντὶ
2308 4112 2516 4183 πατρὸς
2568 4110 2729 4165 αὐτὸν
2782 4110 2930 4180 ἔχειν
2998 4109 3213 4180 ἔκρινα,
3275 4109 3567 4181 σπλάγχνα
3597 4127 3712 4182 μη-

2133 4204 2297 4275 τρικά
2348 4202 2462 4277 (26)
2495 4204 2590 4256 καὶ
2639 4201 2884 4255 διάθεσιν
2939 4201 3166 4273 γονικὴν
3196 4200 3334 4272 πρὸς
3366 4201 3467 4271 ἐμὲ
3537 4200 3719 4255 ἐνδει-

2138 4295 2398 4367 ξάμενονο
2428 4295 2637 4350 Λέοντα
2668 4293 2725 4348 δὲ
2762 4294 2955 4348 τοῦτον
3004 4293 3099 4347 τὸν
3153 4294 3348 4347 Madv
3380 4292 3469 4348 ἀεὶ
3491 4296 3563 4366 τῇ
3604 4294 3718 4364 ἐμῇ

449 4384 756 4441 custodiam
798 4395 991 4437 meam
1051 4379 1326 4443 commisi,
1363 4388 1428 4434 et
1474 4379 1594 4434 vice
1649 4380 1840 4450 patris,
1888 4379 2033 4449 quod

2141 4387 2388 4461 βασιλείᾳ
2413 4387 2741 4441 ὑποπτεύειν
2771 4384 3143 4459 [ὑποπτεύων]
3178 4383 3575 4451 ἐπιϐουλεύειν,
3620 4382 3721 4439 νῦν

447 4481 661 4534 viscera
697 4483 945 4530 materna
983 4482 1037 4527 et
1078 4471 1438 4542 propositum
1479 4486 1609 4526 vere
1655 4478 1940 4540 paternum
1964 4472 2032 4525 in

451 4584 539 4622 me
579 4565 905 4626 exercuerit,
942 4562 1145 4617 habere
1186 4561 1473 4615 constitui.
1519 4560 1754 4615 Leonem
1790 4560 2029 4616 Pboeam

448 4660 506 4715 in
565 4658 856 4712 adversum
916 4652 1158 4721 imperio
1223 4665 1346 4705 meo
1407 4667 1625 4721 semper
1686 4651 2031 4707 insidiantem

448 4748 615 4822 496
647 4750 978 4817 suspicatus,
1006 4746 1059 4799 in
1093 4744 1227 4797 illud
1259 4742 1562 4798 machinari
1591 4757 1756 4813 opere
1785 4742 2033 4813 probavi,

445 4853 505 4895 et
571 4841 625 4893 in
692 4838 1036 4909 maiestatem
1099 4837 1382 4906 tyrannica
1432 4835 1695 4890 rebellem
1756 4836 2031 4906 comperi:

446 4945 622 5001 quare
646 4929 1007 4983 domesticum
1030 4928 1266 4997 amplius
1294 4941 1399 4981 non
1426 4941 1547 4981 esse
1574 4927 1832 4993 decerno,
1857 4941 2037 4997 neque

448 5020 747 5077 tumultum
828 5020 975 5073 hunc
1050 5035 1138 5073 me
1192 5020 1410 5073 volente
1484 5019 1864 5085 commovisse,
1941 5019 2038 5074 sed

452 5124 759 5187 spontaneo
798 5110 1032 5166 oonsilio
1062 5111 1352 5180 imperium
1379 5111 1482 5167 sibi
1527 5112 1892 5167 vindicantem
1923 5111 2040 5167 haec

450 5221 773 5279 aggressum
827 5220 952 5260 esse
1007 5203 1248 5261 declare.
1311 5202 1407 5261 llis
1466 5206 1538 5259 ita
1600 5221 1785 5260 coram
1838 5206 2038 5276 populo

451 5300 633 5367 lectis,
665 5300 976 5355 subducere
1007 5311 1068 5352 se
1117 5295 1324 5359 cuncti,
1359 5305 1417 5351 et
1466 5298 1714 5352 Romano
1746 5298 2038 5366 imperato-

445 5392 529 5448 ris
579 5392 723 5447 Patri
755 5391 1035 5447 adhaerere
1064 5396 1369 5459 creperum.
1398 5386 1609 5446 Phocus
1653 5390 1706 5455 in
1759 5390 2038 5459 angustias

2138 4479 2314 4550 ἔργοις
2337 4479 2518 4542 αὐτοῖς
2539 4476 2822 4531 ἐπίϐουλον
2856 4477 3067 4548 εὕρηκα
3104 4479 3201 4531 καὶ
3228 4478 3328 4547 τῆς
3357 4477 3497 4548 ἐμῆς
3533 4477 3722 4548 ἀρχῆς

2137 4572 2475 4642 τυραννικῶς
2499 4587 2626 4624 κατε
2634 4571 2746 4636 ξανι
2757 4570 3041 4639 στάμενονο
3059 4569 3138 4623 διὸ
3153 4568 3275 4622 οὔτε
3291 4569 3611 4640 δομέστικον
3623 4570 3724 4621 αύ-

2139 4663 2232 4714 τὸν
2242 4660 2348 4715 ἀπὸ
2364 4660 2459 4714 τοῦ
2472 4660 2569 4713 νῦν
2586 4656 2727 4715 εῐναι
2744 4659 3027 4731 βούλομαι,
3039 4660 3160 4714 οὐδὲ
3182 4658 3386 4731 ταύτην
3406 4660 3507 4729 τὴν
3522 4660 3721 4733 ἀνταρ-

2142 4755 2264 4807 σίαν
2296 4752 2435 4825 μετὰ
2461 4752 2655 4824 βουλῆς
2676 4754 2817 4824 ἐμῆς
2841 4752 3187 4825 πεπραχέναι
3214 4751 3504 4823 φημὶ,άλλ⁹
3524 4752 3721 4806 «seu-

2145 4848 2283 4919 ρέτῳ
2312 4843 2507 4917 γνώμῃ
2533 4846 2738 4916 ταύτην
2763 4844 3098 4914 ποιήσασθαι
3126 4843 3227 4919 τὴν
3243 4843 3494 4898 ἐπίθεσιν
3537 4844 3719 4915 ἑαυτῷ

2140 4918 2241 5010 τὴν
2280 4937 2560 5008 βασιλείαν
2589 4938 3066 5008 σφετεριζόμενον.
3094 4918 3314 4990 Τούτων
3352 4932 3448 4990 οὖν
3473 4936 3554 5007 τῷ
3592 4937 3706 5007 λιῷ

2144 5027 2698 5096 ὲπαναγνωσθέντων,
2755 5026 2989 5100 ἡρξαντο
3019 5028 3224 5090 πάντες
3267 5027 3607 5098 ὑποχωρεῖν,
3630 5029 3720 5082 καὶ

2142 5120 2220 5189 τῷ
2238 5116 2657 5189 βασιλεοπάτορι
2675 5118 3085 5189 προσέρχεσθαι
3103 5116 3392 5188 Ῥωμανῷ.
3409 5116 3521 5170 Τοῦ
3535 5118 3595 5170 δὲ
3611 5118 3720 5171 θω-

2144 5212 2219 5264 κᾶ
2236 5210 2314 5272 εἰς
2339 5208 2622 5277 ἀμήχανον
2649 5207 3006 5278 περιστάντος
3035 5208 3133 5261 καὶ
3153 5206 3694 5274 ἁπογνόντος,ὡςπά

2090 5286 2107 5301 ”
2147 5317 2248 5371 σης
2279 5299 2494 5361 ἐλπίδος
2515 5298 2891 5369 ὴστοχηκότος
2909 5299 3005 5352 καὶ
3054 5297 3405 5370 χρησαμένου
3429 5300 3604 5369 φυγῇ,
3630 5297 3723 5350 καὶ

2146 5391 2284 5462 πρὸς
2317 5389 2378 5443 τὸ
2416 5391 2648 5460 κάστρον
2701 5388 2815 5460 (‘27)
2867 5390 3199 5459 ἀπογνόντος
3257 5390 3484 5454 ἀτελοῦς
3540 5408 3720 5463 παρα-

1637 5505 1890 5561 FRANC.
1922 5505 2319 5564 COMBEFISII
2350 5503 2586 5560 ΝΟΤΕ.

488 5614 493 5619 '
523 5598 637 5665 (96)
667 5598 860 5655 Melius
886 5599 1185 5668 Anonynr,
1218 5598 1485 5668 πατρικά.

434 5716 447 5723 ,
526 5658 638 5740 (‘27)
690 5669 832 5740 Πρὸς
886 5669 949 5721 τδ
999 5658 1237 5739 κάστρον
1287 5658 1505 5730 ’Κτεοῦς
1558 5678 1767 5739 παραγ.
1828 5667 1921 5723 Sic
1981 5675 2035 5724 et

2146 5598 2423 5666 Anonym.
2464 5600 2519 5649 et
2540 5591 2800 5666 Cedren.,
2825 5590 3073 5666 _Veniens
3105 5592 3176 5666 ad
3208 5593 3387 5666 urbem
3429 5593 3595 5647 Attus
3627 5608 3722 5666 tte-

2143 5668 2282 5722 un'ne
2313 5663 2331 5720 Ξ
2363 5666 2481 5723 solo
2502 5663 2872 5721 exscribeutis
2901 5679 3091 5719 errore
3119 5663 3367 5729 ἀτελοῦς,
3392 5666 3541 5734 quod
3566 5664 3718 5723 nullo
