3986 6232
295 376 435 447 1137

1599 392 2278 456 CHRONOGRAPHIA.

3433 395 3570 463 1133

291 490 615 569 γενομένου,
673 497 766 551 καὶ
825 500 900 572 μὴ
954 503 1260 575 δεχθέντοςο
1298 508 1355 560 ἐν
1380 507 1566 579 χωρίῳ
1590 508 1645 561 δὲ
1674 508 1876 580 ὄνομα·

1982 511 2270 577 deductus,
2317 512 2466 568 omni
2508 527 2606 583 spe
2640 513 2827 581 lapsus
2878 521 2983 577 est,
3040 528 3211 583 quare
3262 513 3401 584 luga
3438 531 3585 571 usus

291 587 506 659 ζομένῳ
544 587 827 658 Γοηλὲοντι
894 593 1150 662 φεύγοντι
1184 596 1507 669 [φεύγοντος
1536 599 1655 672 καὶ]
1683 601 1881 672 συλλη-

292 680 556 750 φθέντος’
616 683 939 738 ἀπέστειλεν
982 686 1264 759 Ῥωμανὸς
1330 691 1586 761 Ἰωάννην
1614 694 1704 746 τὸν
1741 693 1880 747 Του-

290 772 461 846 ϐάκη,
496 777 589 828 καὶ
615 776 819 829 Λέοντα
845 778 935 831 τὸν
963 781 1131 834 αὑτοῦ
1171 784 1437 854 συγγενῆ,
1474 782 1615 837 ὥστε
1652 786 1881 855 εἰσαγα-

1983 611 2037 656 ct
2066 602 2135 657 de
2168 603 2416 671 ingressu
2447 603 2499 658 in
2535 603 2727 659 urbem
2781 603 3021 674 aliquam
3067 603 3386 673 desperans,
3424 601 3587 673 ειυοώ

1984 690 2102 747 sine
2132 689 2418 762 dignitatis
2448 692 2606 747 titulo
2650 701 2703 748 et
2753 692 2963 748 virihus
2993 693 3295 760 accederet,
3327 703 3386 747 et
3432 694 3574 749 forte

1983 799 2092 838 non
2124 785 2483 854 reciperetur,
2520 785 2573 839 in
2610 785 2791 841 locum
2825 787 2911 841 cui
2943 787 3183 842 Goelcon
3217 801 3442 851 nomen,
3482 786 3579 841 fu-

289 868 408 935 γεῖν
450 865 614 920 αὐτὸν
671 869 730 920 ἐν
758 871 823 941 τῇ
882 871 1057 927 πόλει.
1092 874 1155 927 Ui
1184 875 1240 928 δὲ
1266 875 1459 930 τοῦτον
1502 881 1876 948 κρατήσαντες

1983 877 2140 947 giens
2168 877 2605 947 comprehensus
2648 886 2770 933 est:
2813 879 3010 933 exinde
3067 878 3348 934 Romanus
3401 878 3572 932 Joan-

291 958 712 1028 ἀπετύφλωσαν,
781 963 960 1016 καίτοι
1008 967 1283 1037 μηδεμίαν
1307 971 1459 1042 παρὰ
1488 969 1665 1044 [περὶ]
1688 972 1879 1025 τούτου

290 1042 578 1123 δεξάμενοι
638 1054 884 1125 ἐντολὴν,
937 1056 1053 1110 ἀλλ’
1110 1059 1424 1133 αὐθαιρέτῳ
1480 1042 1675 1136 γνώμη
1719 1062 1879 1117 τοῦτο

293 1143 679 1211 πεποιηκότες,
709 1144 785 1209 ὡς
825 1146 1207 1220 ἀγανακτῆσαι
1257 1155 1352 1205 ἐπὶ
1402 1153 1580 1226 τούτῳ
1607 1156 1702 1209 καὶ
1725 1154 1881 1224 βασι-

218 1228 231 1247 *
292 1235 596 1308 λεοπάτορα
630 1235 932 1308 Ῥωμανὸν.
956 1240 1252 1314 Αὐγούστῳ
1283 1244 1341 1298 δὲ
1370 1245 1503 1315 μηνὶ
1530 1246 1878 1319 κατεμηνύθη

290 1328 359 1382 τὰ
391 1330 492 1398 τῆς
541 1330 834 1400 ἐπιϐουλῆς
886 1333 1305 1390 Κωνσταντίνου
1360 1338 1750 1410 Κτηματηνοῦ,
1783 1339 1879 1392 καὶ

290 1421 456 1475 Δαϐὶδ
502 1423 913 1492 Καμουλιανοῦ,
968 1428 1064 1480 καὶ
1143 1428 1366 1501 Μιχαὴλ
1392 1430 1742 1503 κουράτωρος
1771 1430 1879 1485 τῶν

290 1515 639 1584 Μαγγάνωνο
694 1517 790 1569 καὶ
840 1518 1140 1587 τυφθέντες
1188 1513 1334 1574 οὗτοι
1363 1522 1457 1575 καὶ
1493 1522 1878 1593 δημευθέντες,

289 1607 378 1661 διὰ
414 1607 592 1680 μέσης
647 1609 867 1677 διῆλθον
894 1612 992 1682 τῆς
1026 1612 1260 1676 πόλεως,
1313 1614 1408 1667 καὶ
1438 1616 1494 1668 ὲν
1518 1615 1705 1689 ὲξορίᾳ
1735 1634 1879 1688 παρ-

290 1702 678 1772 επέμφθησαν.
749 1704 998 1772 Ἤγαγον
1039 1704 1096 1758 δὲ
1151 1705 1361 1759 Λέοντα
1428 1707 1734 1779 μάγιστρον
1782 1708 1879 1762 καὶ

288 1797 613 1869 δομέστικον
650 1798 761 1853 τῶν
809 1799 1019 1871 σχολῶν
1068 1801 1127 1855 ὲν
1159 1804 1226 1872 τῇ
1281 1802 1459 1869 πόλει,
1524 1803 1620 1857 καὶ
1660 1802 1876 1875 διῆλθεν

287 1892 348 1945 ὲν
378 1891 521 1964 μέσῃ
544 1894 613 1963 τῇ
644 1893 823 1964 ἀγορᾷ
843 1868 1058 1964 ημιὸνῳ
1091 1868 1444 1965 ὲφεξόμενος.
1487 1868 1781 1967 Ἐφωράθη
1818 1896 1876 1950 δὲ
1908 1868 1952 1924 Β

287 1986 385 2036 καὶ
437 1982 561 2052 Ζωὴ
602 1983 901 2052 Δύγοῦστα
974 1985 1404 2041 ἐπιϐουλεύουσα
1462 1986 1730 2058 Ῥωμανῷ
1788 1987 1878 2041 διά

287 2073 778 2145 πεφαρμαγμένων
813 2075 1122 2147 βρωμάτων
1149 2078 1255 2131 ὑπὸ
1292 2077 1597 2147 Θεοκλήτου
1627 2080 1878 2152 νοταρίου

286 2167 390 2233 τῆς
445 2166 749 2238 ὑπουργίας
800 2168 1239 2224 σκιευασθὲντων⁹
1278 2171 1375 2225 καὶ
1403 2170 1611 2240 ταύτην
1643 2170 1738 2226 τοῦ
1769 2190 1878 2225 πα-

286 2257 473 2314 λατίου
542 2258 1029 2328 καταϐιϐάζουσιν,
1060 2263 1153 2315 καὶ
1180 2265 1260 2327 είς
1287 2263 1349 2316 τὸ
1372 2263 1602 2334 Πετρίον
1626 2264 1873 2332 ἀπάγου-

289 2369 395 2415 σιν,
419 2351 573 2426 [αάά.
606 2353 665 2405 ἐν
681 2351 773 2425 τῇ]
804 2353 903 2423 τῆς
946 2353 1136 2422 Ἀγίας
1164 2355 1456 2427 Εύφημίας
1489 2359 1623 2427 μονῇ
1652 2357 1877 2411 ἀποκεί-

289 2461 505 2516 ραντες.
535 2444 892 2516 Προσεκλήθη
917 2444 977 2499 δὲ
1001 2447 1156 2518 παρὰ
1174 2448 1556 2517 Θεοφυλάκτου
1578 2448 1872 2520 πατρικίου

287 2537 383 2591 καὶ
414 2536 656 2607 κόμητος
685 2535 780 2590 τοῦ
814 2537 1044 2592 σταύλου
1074 2539 1156 2604 είς
1200 2540 1423 2610 ἄριστον
1451 2542 1480 2594 ὁ
1523 2539 1878 2611 παιδαγωγὸς

288 2626 711 2681 Κωνσταντίνου
764 2626 1032 2697 βασιλέως
1070 2630 1381 2702 Θεόδωρος,
1437 2635 1531 2688 καὶ
1593 2635 1823 2707 Συμεὼν
1846 2639 1877 2692 ὁ

288 2718 456 2775 αὑτοῦ
483 2719 736 2789 ἀδελφός.
770 2720 1100 2776 Ἐσθιόντων
1127 2723 1185 2778 δὲ
1216 2726 1397 2780 ab“:th
1426 2727 1679 2797 εἰσῆλθεν
1697 2730 1877 2787 Ἰωάν-

287 2826 387 2880 νης
408 2811 774 2882 δρουγγάριος
804 2813 833 2866 ὁ
867 2814 1195 2885 Κουρκούας
1227 2817 1389 2889 perdt!
1416 2818 1672 2875 πλείστου
1721 2822 1876 2888 λαοῦ,

288 2904 387 2961 καὶ
433 2903 661 2967 τούτους
722 2904 1050 2976 ἀναρπάσας
1096 2908 1177 2967 είς
1219 2908 1282 2962 τὸ
1323 2909 1564 2980 ὐψίκιον
1613 2912 1877 2985 ἐξώρισεν

286 2996 348 3047 ιν
382 2996 494 3059 τοῖς
523 2995 706 3051 αὐτῶν
730 3000 1102 3067 προαστείοις,
1130 3000 1206 3064 ὡς
1237 3002 1384 3057 κατὰ
1424 3003 1709 3075 Ῥωμανοῦ
1774 3023 1873 3077 μεθ

284 3087 580 3153 λετῶντας.
625 3090 819 3144 Εὶκάδι
858 3090 916 3144 δὲ
952 3093 1192 3165 τετάρτῃ
1258 3095 1641 3169 Σεπτεμϐρίου
1701 3098 1872 3169 μηνὸς

1921 965 1956 1036 ξ
1982 983 2106 1022 nem
2140 965 2415 1024 Tubacem
2449 978 2503 1024 et
2542 967 2778 1024 Leonem
2807 970 2928 1041 ejus
2964 979 3259 1041 cognatum
3293 971 3570 1026 hominem

1982 1061 2036 1114 in
2071 1059 2263 1116 urbem
2310 1060 2647 1117 adducturos
2679 1064 2848 1119 misit.
2883 1063 3353 1133 Comprehensum
3388 1063 3585 1133 itaque

1982 1153 2160 1210 oculis
2206 1154 2582 1225 privaverunt,
2626 1156 2775 1211 nullo
2818 1155 2947 1212 licet
2986 1172 3150 1226 super
3204 1157 3310 1211 hoc
3345 1164 3573 1227 accepto

1978 1242 2163 1314 jussu,
2195 1245 2291 1301 sed
2324 1256 2623 1317 spontanea
2666 1248 2946 1302 voluntate
2975 1247 3043 1303 ad
3077 1248 3184 1302 hoc
3221 1246 3409 1303 ducti:
3434 1247 3587 1303 adeo

1984 1347 2043 1394 ut
2073 1340 2423 1408 imperatoris
2476 1339 2634 1396 Pater
2680 1341 2961 1396 Romanus
2986 1342 3053 1396 de
3086 1340 3334 1396 facinore
3379 1340 3575 1396 trista-

1985 1440 2075 1487 tus
2138 1432 2324 1488 fuerit.
2402 1433 2590 1490 Mense
2654 1444 2837 1489 autem
2897 1434 3150 1504 Augusto
3219 1433 3573 1489 Constantini

1984 1524 2313 1589 Ctemateni,
2345 1523 2567 1582 Daridis
2596 1525 2930 1592 Camuliani,
2954 1520 3015 1581 et
3044 1524 3327 1582 Michaelis
3351 1541 3575 1595 manga-

1982 1630 2182 1671 norum
2212 1617 2486 1673 curatoris
2515 1619 2739 1674 detecta:
2768 1625 2898 1673 sunt
2926 1616 3174 1673 insidiae:
3207 1632 3378 1688 quare
3406 1618 3571 1672 etiam

1983 1706 2062 1772 hi,
2095 1706 2257 1764 bouis
2305 1709 2620 1779 publicatis,
2656 1710 2977 1767 verberibus
3008 1710 3209 1776 aﬂ‘ecti,
3241 1719 3296 1766 ct
3336 1726 3433 1781 per
3460 1725 3574 1766 ure-

1981 1797 2130 1853 diam
2178 1800 2368 1855 urbem
2400 1801 2662 1870 traducti,
2692 1802 2749 1858 in
2781 1802 3038 1859 exsilium
3074 1803 3228 1859 missi
3259 1813 3409 1858 sunt.
3442 1801 3575 1857 Leo-

1984 1900 2107 1941 nem
2149 1887 2375 1959 insuper
2405 1890 2730 1960 magistrum
2765 1901 2821 1946 et
2857 1892 3172 1949 scholarum
3209 1890 3571 1947 domesticum

1985 1978 2039 2032 in
2073 1979 2261 2034 urbem
2297 1979 2656 2046 induxerunt,
2698 1981 2794 2053 qui
2837 1983 2988 2038 mulo
3036 1982 3284 2038 insidens
3318 1997 3415 2053 per
3453 1996 3572 2036 mc-

1983 2070 2135 2125 dium
2170 2070 2350 2127 lorum
2383 2075 2729 2143 pertransiit.
2767 2073 2956 2131 Delata
2989 2082 3070 2131 est
3124 2075 3289 2130 etiam
3324 2072 3435 2128 Zoc
3459 2073 3574 2145 Aur

1981 2175 2165 2233 gusta,
2198 2176 2255 2220 ut
2286 2181 2410 2236 quae
2460 2165 2710 2223 Romano
2755 2183 2855 2239 per
2897 2168 3052 2225 cibos
3102 2182 3308 2223 veneno
3337 2165 3572 2222 infectos

1982 2271 2014 2311 a
2043 2256 2339 2315 Theoclcto
2369 2261 2660 2317 ministerii
2705 2261 2925 2317 notario
2956 2261 3313 2318 insidiaretur
3343 2279 3357 2316 :
3399 2274 3573 2331 quare

1981 2350 2125 2406 hanc
2164 2367 2194 2407 c
2220 2352 2419 2422 palatio
2452 2355 2707 2409 recedere
2740 2363 3013 2418 coactam.
3046 2356 3100 2409 in
3133 2361 3339 2410 sancta:
3365 2351 3573 2422 Euphe-

1980 2444 2105 2499 miae
2145 2444 2477 2502 monasterio
2534 2446 2602 2502 ad
2655 2446 2898 2513 Petrium
2963 2446 3073 2502 sito
3128 2445 3308 2503 tonsis
3360 2444 3574 2514 capillis

1980 2535 2276 2591 monialem
2333 2536 2604 2593 fecerunt.
2638 2537 2964 2594 Theodorus
3009 2548 3192 2594 autem
3225 2536 3575 2593 Constantini

1980 2627 2332 2699 imperatoris
2386 2631 2716 2701 paedagogus
2763 2640 2818 2685 et
2862 2628 3086 2685 Simeon
3137 2629 3258 2699 ejus
3308 2628 3496 2692 frater,
3540 2642 3575 2682 a

1980 2720 2394 2794 Theophylacto
2431 2722 2666 2793 patricio
2717 2730 2774 2778 et
2806 2723 3009 2779 stabuli
3046 2722 3251 2778 comite
3283 2720 3351 2778 ad
3383 2721 3573 2777 convi-

1956 2813 2127 2869 'Vium
2179 2825 2407 2870 vocatus
2440 2822 2547 2870 est.
2608 2811 3078 2870 Recumbentibus
3136 2813 3266 2875 illis.
3329 2811 3572 2869 Joannes

1980 2905 2319 2978 Drungarius
2366 2905 2616 2962 Curcuas
2649 2921 2777 2962 cum
2813 2905 3000 2978 populi
3052 2904 3212 2960 turba
3262 2903 3571 2973 ingressus,

1980 3008 2166 3067 raptos
2189 2998 2410 3054 eosdem
2446 2997 2513 3051 ad
2552 2995 2835 3067 Opsicinm
2879 2994 3197 3051 eliminatos
3230 2991 3468 3063 propriis
3518 2993 3578 3046 in

1979 3088 2334 3150 suburbanis.
2375 3088 2523 3143 velut
2559 3088 2825 3144 adversus
2870 3085 3179 3141 Romanum
3230 3083 3577 3139 machinatos

291 3182 359 3252 τῇ
390 3179 487 3234 τοῦ
550 3181 830 3253 Καίσαρος
860 3182 1011 3254 ἀξίᾳ,
1038 3186 1135 3238 καὶ
1162 3187 1488 3260 Δεκεμϐρίῳ
1520 3194 1651 3260 μηνὶ
1674 3189 1876 3262 δεκάτῃ

1982 3180 2231 3235 exsulare
2296 3178 2499 3251 coegit.
2548 3179 2755 3248 Quarto
2822 3194 2956 3236 vero
3010 3192 3178 3249 supra
3248 3176 3572 3233 vicesimum

290 3274 499 3348 ἑϐδόμῃ
525 3278 590 3346 τῇ
616 3276 724 3328 τῶν
747 3278 1115 3350 προπατόρων
1142 3280 1335 3351 κυρίου
1364 3282 1445 3352 τῷ
1460 3285 1560 3354 τῆς
1593 3283 1873 3354 βασιλείας

290 3367 552 3436 στέφεται
600 3367 899 3439 διαδήματι
942 3370 1099 3440 παρὰ
1144 3372 1561 3427 Κωνσταντίνου
1611 3374 1875 3445 βασιλέως

1979 3272 2321 3343 Septembris
2372 3273 2605 3353 mensis,
2642 3271 2879 3329 Caesaris
2929 3272 3217 3344 dignitate,
3259 3269 3576 3325 Decembris

1976 3375 2157 3420 autem
2223 3364 2431 3420 mensis
2490 3364 2708 3419 decimo
2760 3364 3022 3432 septimo,
3075 3360 3281 3418 Christi
3347 3357 3572 3415 Domini

289 3460 389 3514 καὶ
418 3459 693 3514 Νικολάου
724 3461 1097 3535 πατριάρχου,
1122 3465 1217 3519 καὶ
1230 3467 1297 3537 τῇ
1329 3465 1442 3519 τῶν
1473 3468 1648 3537 ἁγίων
1671 3468 1875 3523 Φὼτων

1982 3464 2368 3528 proparentum
2404 3454 2569 3522 festo,
2602 3456 2821 3526 imperii
2855 3455 3168 3512 diademate
3220 3470 3251 3510 a
3301 3453 3576 3510 Constan-

287 3552 479 3624 ημέρᾳ
527 3555 718 3623 στέφει
742 3555 1027 3629 Θεοδώραν
1055 3555 1156 3627 τὴν
1205 3561 1444 3626 γυναῖκα
1464 3560 1654 3615 αὐτοῦ.
1712 3563 1876 3633 Μαΐῳ

1982 3550 2093 3605 tino
2150 3550 2485 3621 imperatore
2539 3556 2597 3604 et
2641 3546 2869 3605 Nicolao
2933 3547 3248 3617 patriarcha
3292 3545 3575 3601 Romanus

288 3642 348 3696 δὲ
375 3644 509 3715 μηνὶ
558 3645 763 3718 δεκάτῃ
791 3645 995 3718 ἑϐδόμῃ
1027 3646 1361 3713 ἰνδικτιῶνος
1406 3650 1471 3715 ε’,
1501 3652 1876 3724 Χριστοφόρος

1982 3651 2243 3708 ornatur;
2291 3648 2609 3701 sanctorum
2659 3641 2861 3696 deinde
2913 3638 3211 3695 Luminum
3253 3638 3342 3692 die
3397 3635 3577 3717 Theo-

289 3734 319 3786 ὁ
345 3734 461 3798 υἱὸς
500 3735 787 3807 Ῥωμανού
817 3740 1219 3810 ἀναγορεύεται
1267 3741 1553 3811 βασιλεύςο
1612 3746 1873 3814 στέφεται

1982 3733 2167 3787 doram
2212 3747 2437 3788 uxorem
2467 3739 2732 3798 coronat;
2761 3746 2889 3786 mox
2920 3730 3047 3785 Maii
3101 3728 3307 3784 mensis
3356 3727 3574 3782 decimo

287 3825 348 3879 δὲ
368 3829 433 3897 τῇ
467 3829 643 3884 εἰκάδι
699 3831 796 3885 τοῦ
839 3832 1007 3886 αὐτοῦ
1063 3833 1235 3906 μηνὸς
1262 3834 1416 3906 παρά
1453 3835 1874 3890 Κωνσταντίνου

1982 3822 2228 3892 septimo,
2277 3821 2579 3878 indictione
2605 3823 2817 3892 quinta,
2853 3819 3289 3890 Christophorus
3341 3815 3575 3872 Romani

290 3915 556 3985 βασιλέως
609 3923 675 3992 τῇ
700 3922 799 3992 τῆς
858 3922 1024 3992 ἁγίας
1094 3926 1485 3999 Πεντηκοστῆς
1542 3929 1747 4000 ἡμέρᾳ,
1780 3933 1876 3985 καί⁵

1982 3916 2120 3972 ﬁlius
2173 3915 2474 3985 imperator
2508 3915 2897 3968 renuntiatur:
2956 3921 3014 3967 et
3063 3909 3311 3981 ejusdem
3367 3908 3575 3964 mensis

289 4011 445 4153 μένοι
477 4006 624 4157 ἓῦτοι
659 4015 708 4068 oi
766 4014 861 4070 δύο
886 4017 947 4071 ἐν
994 4019 1062 4090 τῇ
1088 4017 1228 4091 αὐτῇ
1268 4019 1587 4092 προελεύσει
1629 4024 1874 4094 προσῆλ-

353 4116 382 4154 ν
415 4103 476 4157 (2
521 4104 560 4157 l.

353 4116 382 4154 ν
415 4103 560 4172 (28).

374 4286 582 4358 Ἰουλίῳ
621 4287 678 4342 δὲ
701 4289 833 4361 μηνὶ
881 4289 1047 4365 ὀγδόῃ
1096 4292 1427 4358 ίνδικτιῶνος
1448 4294 1633 4368 ἡμέρᾳ
1661 4294 1871 4367 Κυρίου

288 4379 324 4449 ή
354 4375 458 4447 τῆς
503 4378 829 4450 Ἐκκλησίας
876 4382 1031 4453 παρὰ
1064 4384 1353 4454 Ῥωμανοῢ
1379 4386 1602 4455 γέγονεν
1656 4386 1873 4453 ένωσις,

243 4521 246 4524 .
286 4468 549 4523 ἁπάντων
583 4469 893 4526 ἑνωθέντων
912 4475 1333 4546 μητροπολιτῶν
1374 4494 1434 4532 τι
1454 4478 1550 4532 καὶ
1569 4477 1873 4550 κληρικῶν,

1975 4007 2238 4077 vicesimo
2274 4014 2480 4063 sanctae
2521 4005 2878 4062 Pentecostes
2910 4004 2998 4059 die
3027 4003 3190 4068 festo,
3222 4017 3252 4056 a
3293 3999 3570 4057 Constan-

1975 4102 2090 4158 tino
2138 4100 2467 4157 redimitur:
2502 4098 2703 4170 istique
2749 4098 2857 4154 duo
2888 4096 2993 4154 soli
3023 4096 3269 4166 ejusdem
3299 4093 3407 4149 dici
3440 4105 3572 4165 pro-

1974 4210 2135 4252 cessu
2178 4194 2412 4251 solemni
2460 4208 2579 4265 per‘
2606 4192 2797 4247 urbem
2848 4188 3127 4262 progressi
3172 4196 3323 4243 sunt.

2045 4286 2215 4344 Porro
2247 4284 2393 4342 Julio
2424 4299 2637 4350 mense,
2672 4282 2990 4349 indictionej
3020 4280 3183 4355 597
3237 4287 3428 4335 octava
3482 4276 3573 4331 die

1975 4380 2259 4437 Dominico
2293 4378 2461 4435 totius
2515 4376 2776 4434 Ecclesia:
2805 4390 2834 4431 a
2863 4374 3115 4431 Romano
3163 4372 3297 4428 inita
3324 4378 3410 4426 est
3433 4383 3570 4424 con-

1976 4474 2185 4540 cordia,
2227 4470 2447 4528 cunctis
2493 4469 2862 4542 metropolitis
2889 4476 2945 4524 et
2995 4466 3237 4533 clericis,
3275 4463 3370 4536 qui
3398 4479 3431 4516 a
3479 4458 3574 4514 Ni-

287 4556 402 4613 τῶν
441 4557 550 4613 ἀπὸ
608 4560 882 4617 Νικολάου
935 4565 1278 4638 πατριάρχου
1339 4567 1436 4623 καὶ
1466 4548 1747 4636 Εὐθυμίου
1796 4569 1876 4623 δι-

1982 4566 2119 4623 colai
2152 4574 2209 4622 et
2241 4564 2523 4634 Euthymii
2556 4565 2805 4636 partibus
2835 4561 3028 4619 divisis
3058 4566 3324 4616 steterant
3347 4554 3568 4618 animis,

290 4651 653 4723 εσχισμένων.
693 4655 884 4729 Ὀγδόῃ
906 4657 964 4711 δὲ
993 4657 1367 4730 Φεϐρουαρίου
1390 4659 1581 4731 μηνὸς,
1605 4659 1874 4715 ίνδικτιῶ-

1982 4659 2036 4714 in
2077 4657 2500 4715 consensionem
2549 4654 2927 4713 redeuntibus.
2982 4652 3189 4708 Mensis
3236 4659 3421 4704 autem
3466 4644 3581 4702 Fers

289 4762 382 4810 νος
422 4745 624 4819 δεκάτῃ
646 4747 841 4820 ἐννάτῃ
872 4750 1202 4815 ἀποστείλας
1243 4750 1523 4822 Ῥωμανὸς
1549 4751 1869 4823 ὑπερορίζει

1982 4752 2186 4810 bruarii
2218 4753 2308 4810 die
2322 4762 2539 4817 octavo,
2572 4750 2880 4806 indictione
2916 4747 3128 4804 decima
3163 4758 3324 4809 nona,
3347 4741 3571 4797 mittens

287 4838 386 4891 τὸν
433 4838 737 4910 μάγιστρον
802 4842 1075 4910 Στέφανον
1124 4844 1218 4897 τὸν
1243 4843 1344 4913 τῆς
1397 4844 1762 4914 Καλομαρίας
1792 4845 1870 4908 είς

1982 4843 2261 4900 Romanus
2288 4844 2608 4916 magistrum
2659 4839 3001 4907 Stephanum
3042 4835 3367 4893 Calomaria:
3396 4834 3568 4889 lilium

288 4933 389 5002 τὴν
433 4935 737 5001 Ἀντιγόνου
801 4935 984 5007 νῆσον,
1035 4936 1110 4999 ὡς
1136 4937 1236 5007 τῆς
1299 4936 1579 5008 βασιλείας
1614 4937 1868 5006 ἐφίεσθαι

1982 4933 2032 4989 in
2083 4934 2431 5005 Antigdniam
2467 4931 2706 4988 insulam
2753 4930 2998 4986 exsulem
3045 4928 3226 4999 ejecit,
3262 4922 3568 4996 imperandi

286 5023 745 5094 κατηγορηθέντα
775 5040 789 5055 ο
846 5027 1063 5097 πρῶτον
1087 5026 1252 5080 αὑτὸν
1281 5026 1581 5098 ἀποκείρας
1602 5027 1716 5099 ἅμα
1746 5027 1875 5080 Θεο-

1982 5026 2298 5097 cupiditatis
2343 5033 2695 5080 accusatum:
2748 5037 2876 5078 cum
2915 5021 3068 5093 prius
3095 5034 3203 5075 una
3236 5033 3361 5075 cum
3399 5014 3570 5071 Theo-

285 5111 452 5179 φάνει
504 5112 802 5187 Τειχειώτη
852 5116 948 5171 καὶ
981 5116 1178 5188 Παύλῳ
1216 5117 1615 5190 ὀρφανοτρόφῳ
1664 5118 1876 5190 ἀνθρώ-

1982 5119 2161 5190 phane
2215 5115 2465 5172 Tichiote
2514 5124 2569 5170 et
2621 5113 2793 5170 Paulo
2838 5110 3284 5184 orphanotmpho
3334 5102 3571 5180 propriis

284 5215 417 5266 ποις
468 5203 658 5259 αὐτοῦ.
705 5206 997 5277 Ἐποίησεν
1061 5208 1342 5280 Ῥωμανὸς
1392 5209 1649 5281 βασιλεὺς
1701 5211 1757 5263 ὲν
1800 5207 1876 5280 τῷ

1983 5209 2303 5268 domesticis
2358 5209 2412 5263 in
2446 5208 2779 5265 monachum
2822 5208 3092 5265 detonsus
3139 5206 3353 5261 fuisset.
3400 5201 3568 5255 Cmte-

283 5292 668 5367 Τριϐουναλίῳ
699 5298 1026 5370 πρόκενσον,
1062 5303 1423 5372 συνηγμένων
1456 5302 1719 5357 ἁπάντων
1752 5301 1876 5372 μεθ’

1985 5322 2105 5360 rum
2143 5304 2424 5360 Romanus
2472 5302 2779 5373 imperator
2804 5303 2872 5359 ad
2946 5300 3328 5357 Tribunalium
3359 5295 3565 5352 solem-

282 5383 471 5457 ὃπλων
526 5387 730 5446 ἐκεῖσε.
795 5390 903 5446 Τοῦ
961 5392 1254 5464 άδνουμίου
1313 5394 1370 5448 δὲ
1404 5400 1704 5468 γενομένου
1759 5399 1873 5471 (29)

1985 5413 2108 5452 nem
2156 5395 2364 5452 habens
2424 5410 2767 5467 processum,
2822 5395 3039 5452 cunctis
3089 5404 3365 5449 armorum
3415 5386 3570 5442 omni

1468 5558 1717 5616 FRANC.
1749 5562 2146 5622 COMBEFISII
2177 5563 2406 5620 NOTAS.

285 5726 463 5800 sensi;
491 5723 727 5800 constat.
793 5732 873 5800 ac
884 5720 1157 5800 redditum
1189 5728 1293 5775 est.
1332 5722 1432 5776 Διὰ
1460 5727 1869 5798 πεφαρμαγμέ-

283 5799 399 5924 rei:
434 5782 775 5858 βρωμάτωνο
829 5788 930 5846 Per
970 5792 1109 5847 cibos
1144 5804 1473 5863 pra'paratos
1496 5833 1510 5862 ,
1543 5782 1869 5853 'relicnouiu-

315 5869 374 5909 ec
402 5871 480 5911 os.

2060 5731 2172 5799 (‘28)
2206 5729 2542 5800 ΠροελεύσειΔ
2564 5727 2857 5800 προῆλθον.
2872 5798 2879 5800 ξ
2896 5725 3087 5800 ﬁdem.

2055 5795 2167 5869 (‘29)
2199 5795 2373 5854 Facta
2408 5795 2636 5854 militum
2684 5795 3009 5869 recensione.
3041 5795 3133 5851 Est
3170 5796 3343 5869 enim,
3378 5795 3553 5855 intuit

1982 5867 2201 5935 SublaS,
2230 5871 2528 5945 ἀπογραφὴ
2560 5870 2842 5943 ὀνομάτων
2876 5868 3026 5942 παρὰ
3062 5867 3377 5939 Ῥωμαίοις.
