3986 6232
315 328 456 397 1145

1604 334 2284 414 ἙΗΒΟΝΟῧΒΛΡΗΙᾹ.

3427 340 3563 420 1146

302 451 513 522 σφόδρα
536 451 629 506 ἐπὶ
663 452 838 525 τούτῳ
868 454 1238 525 ἠγαλλιάσατο
1257 475 1272 490 ·
1320 460 1508 515 ἐπόθει
1539 462 1649 533 γὰρ
1679 465 1780 534 τὴν
1801 466 1878 519 εἱ-

1988 466 2149 523 Valde
2185 467 2399 523 laetatus
2432 469 2735 539 imperator
2760 470 3101 538 postulatum
3137 469 3378 536 admisit,
3411 473 3561 539 pacis

304 546 605 615 ρήνην.καὶ
631 544 730 609 τὰς
757 548 1054 618 γενομένας
1076 550 1188 623 (44)
1210 552 1321 604 τῶν
1341 553 1589 623 αἱμάτων
1627 556 1881 624 ἐκχύσεις

298 638 588 709 ὁσημέραι.
668 641 1023 706 Ἀποστείλας
1075 639 1171 697 οὖν
1213 646 1271 696 ὲν
1307 644 1387 715 τῷ
1430 645 1524 699 τοῦ
1577 647 1878 718 Κοσμιδίου

300 730 536 803 αἰγιαλῷ
586 720 989 788 κατεσκεύασεν
1052 738 1111 790 ἐν
1163 740 1229 809 τῇ
1299 738 1542 810 θαλάσσῃ
1604 741 1884 811 ὀχυρωτά-

299 839 402 896 την
427 823 541 896 (45)
561 824 702 879 ὥστε
726 827 826 896 τὴν
840 825 1127 899 βασιλικὴν
1144 831 1344 901 τριήρη
1374 831 1764 887 διεκπλέουσαν
1792 835 1887 887 alio

298 921 367 991 τῇ
403 920 889 990 προσορμίζεσθαι.
914 922 1267 994 Περιφράξας
1306 920 1401 979 οὖν
1427 926 1599 998 αὐτὴν
1618 927 1886 982 πάντοθεν

299 1010 670 1083 διατείχισμα,
712 1026 878 1084 μέσον
917 1014 1174 1083 γενέσθαι
1231 1017 1588 1088 προσέταξεν,
1624 1022 1683 1072 ὲν
1718 1012 1762 1088 ᾧ
1787 1021 1883 1075 ἀλ-

297 1101 482 1174 λήλοις
530 1102 755 1172 ἔμελλον
810 1104 1039 1174 ὁμιλεῖν.
1119 1105 1470 1172 ’Δποστείλας
1519 1104 1613 1163 οὖν
1658 1109 1887 1179 Συμεὼν

1983 559 2184 629 quippe
2213 560 2516 630 cupiditate
2564 561 2883 627 ducebatur,
2934 571 2988 615 et
3033 560 3266 615 cll‘usum
3319 564 3562 629 quotidie

1983 652 2305 722 sanguinem
2351 652 2687 724 deplorabat.
2750 654 2829 709 Ad
2881 653 3036 709 littus
3068 654 3252 723 itaque
3299 655 3563 729 Cosmidii

1987 743 2297 799 machinam
2328 744 2383 800 in
2412 746 2549 799 tnari
2575 745 2967 800 validissimam
3003 746 3227 800 excitari
3255 746 3461 815 jussit:
3495 750 3563 804 ad

1985 850 2145 907 quam
2164 837 2441 892 triremem
2466 837 2671 907 regiam
2699 838 2866 892 remis
2894 848 3096 893 rectam
3116 837 3277 894 facile
3304 851 3447 895 esset
3467 840 3564 896 de-

1985 928 2205 995 ducere,
2247 939 2514 999 septaque
2543 922 2929 985 munitissimo
2964 945 3085 985 eam
3136 930 3564 988 circumvallatis

1987 1018 2226 1085 spatium
2266 1018 2384 1088 eius
2431 1017 2671 1073 medium
2721 1018 2792 1073 ita
2842 1019 3059 1090 disponi
3117 1021 3392 1091 prtecepit,
3428 1024 3562 1077 utin

1986 1123 2050 1164 ea
2107 1109 2175 1163 ad
2228 1109 2463 1164 invicem
2495 1109 2561 1164 de
2614 1123 2746 1180 pace
2806 1110 3270 1180 colloquerentur.
3330 1111 3553 1167 Simeon

298 1195 390 1249 τὸν
419 1195 522 1266 τῆς
552 1196 861 1266 ὑπεραγίας
919 1197 1184 1252 Θεοτόκου
1227 1198 1353 1252 ναὸν
1380 1198 1683 1271 ἒνέπρησεν
1712 1200 1804 1254 τὸν
1828 1202 1885 1255 ὲν

1988 1211 2168 1257 autem
2217 1201 2405 1257 missis
2458 1201 2744 1263 militibus.
2782 1202 3145 1258 sanctissima:
3204 1204 3447 1274 Deiparze
3497 1207 3564 1260 ad

300 1290 368 1358 τῇ
407 1288 565 1359 Πηγῇ
602 1289 699 1341 καὶ
744 1288 815 1341 τὰ
844 1288 1009 1360 πέριξ
1055 1288 1222 1345 αὐτοῦ
1253 1290 1567 1361 σύμπαντα,
1603 1293 1765 1363 δῆλος
1813 1292 1890 1349 ῶν

298 1380 550 1435 ἐντεῦθεν
579 1381 655 1454 μὴ
669 1381 771 1453 τὴν
799 1383 1022 1454 εἰρήνην
1050 1382 1210 1451 ἑλὼν,
1234 1384 1350 1438 ἀλλ’
1376 1384 1559 1439 ἐλπίσι
1589 1384 1891 1458 μετεώροις

296 1469 488 1523 τοῦτον
515 1469 822 1534 ἐξαπατῶν.
844 1473 1297 1543 Παραγενόμενος
1333 1474 1391 1527 δὲ
1406 1476 1469 1528 ὲν
1507 1476 1844 1547 Βλαχέρναις
1862 1474 1891 1525 ὁ

299 1561 581 1625 Βασίλειος
602 1561 904 1635 [βασιλεὺς]
928 1564 1044 1634 ἄμα
1056 1564 1311 1636 Νικολάῳ
1326 1565 1406 1637 τῷ
1424 1568 1739 1642 πατριάρχῃ
1755 1568 1813 1621 ἐν
1827 1571 1890 1639 τῇ

302 1651 438 1725 ἁγία
468 1653 726 1722 εἰσῆλθον
749 1653 917 1724 σορῷ,
963 1655 1061 1707 καὶ
1112 1655 1211 1718 τὰς
1271 1659 1465 1728 χεῖρας
1496 1657 1774 1725 ἐξέτεινεν
1806 1659 1892 1723 εἰς

302 1744 496 1815 εὐχήν.
531 1740 665 1797 Εἶτα
690 1743 910 1815 πρηνὴς
972 1745 1159 1798 πεσὼν
1207 1745 1438 1815 δάκρυσι
1471 1747 1532 1801 τὸ
1560 1747 1717 1815 ἀγιον
1756 1766 1893 1802 κατ-

299 1835 528 1908 έϐρεχεν
557 1835 755 1905 ἔδαφος
771 1835 870 1907 τὴν
901 1835 1282 1907 πανάχραντον
1309 1837 1570 1893 Θεοτόκον
1593 1840 1889 1896 ἀντιϐολῶν

298 1928 401 1997 τὴν
428 1928 665 1998 ἀκαμπῆ
697 1929 794 1982 καὶ
815 1930 1132 1997 ἀμείλικτον
1151 1930 1250 1985 τοῦ
1266 1931 1625 2002 ὑπερηφάνου
1657 1932 1886 2004 Συμεὼν

303 2018 545 2091 μαλάξαι
572 2020 829 2090 καρδίαν,
851 2022 948 2075 καὶ
992 2024 1183 2076 πεῖσαι
1211 2022 1280 2075 τὰ
1316 2022 1458 2093 πρὸς
1490 2025 1738 2096 εἰρήνην.
1763 2026 1874 2079 Καὶ

297 2110 362 2165 τὺ
394 2110 554 2179 ἀγιον
578 2111 837 2166 κιϐώτιον
885 2113 1273 2179 διανοίξαντες,
1307 2114 1438 2170 ἔνθα
1466 2116 1528 2169 τὸ
1558 2117 1759 2171 σεπτὸν
1783 2118 1886 2189 τῆς

301 2200 469 2270 ἀγίας
525 2200 793 2257 Θεοτύκου
827 2202 1231 2273 τεθησαύριστο
1276 2205 1588 2277 ὠμοφόριον
1615 2223 1631 2238 ⁸
1663 2209 1823 2262 τοῦτο
1856 2211 1886 2263 ὀ

300 2291 561 2364 βασιλεὺς
582 2292 929 2364 ἀνελόμενος,
966 2295 1063 2349 καὶ
1105 2294 1207 2367 τὴν
1258 2297 1444 2352 πίστιν
1472 2298 1574 2370 τὴν
1627 2299 1768 2371 ὑπὲρ
1802 2299 1885 2363 είς

298 2387 406 2456 τὴν
451 2386 687 2457 ἄμωμον
717 2384 831 2458 (46)
858 2389 1145 2454 Θεοτόκον,
1175 2382 1266 2443 οἷα
1296 2391 1733 2462 περικεφαλαίαν
1761 2392 1884 2446 τινὰ

301 2477 687 2549 περιθέμενος,
712 2478 862 2551 ἐξῄει
887 2479 982 2532 τοῦ
1001 2478 1131 2533 ναοῦ
1154 2479 1340 2544 ὅπλοις
1369 2481 1639 2551 ἀσφαλέσι
1670 2480 1884 2553 φραξά-

305 2585 490 2639 μενος,
510 2569 605 2623 τὸν
627 2569 727 2624 σὺν
755 2569 908 2642 αὐτῷ
939 2571 1149 2634 στόλον,
1209 2573 1402 2626 ἀσπίσι
1456 2589 1521 2626 τε
1549 2574 1645 2628 καὶ
1698 2574 1886 2639 ὅπλοις

300 2661 537 2734 κομίσας
563 2659 920 2735 [κοσμήσας],
946 2661 1040 2717 τὸν
1060 2662 1363 2735 ὡρισμένον
1392 2663 1558 2718 τόπον
1584 2664 1887 2719 κατέλαϐεν

302 2753 663 2824 συνομιλῆσαι
712 2754 792 2825 τῷ
831 2752 1079 2824 Συμεών.
1161 2756 1399 2828 Πέμπτῃ
1427 2751 1522 2810 οὖν
1578 2757 1762 2829 ἡμέρα
1793 2758 1883 2812 ὅτε

299 2843 478 2899 ταῦτα
502 2843 741 2912 ἐγένετο,
762 2843 960 2916 ἑννάτῃ
976 2844 1075 2897 τοῦ
1104 2845 1416 2916 Νοεμϐρίου
1448 2845 1620 2917 μηνὸς
1645 2847 1884 2919 τετάρτη

298 2934 405 3006 τῆς
433 2934 651 3006 ἡμέρας
681 2937 821 3007 ῶρᾳ,
851 2934 1185 3007 παρεγένετο
1225 2935 1455 3005 Συμεὼν
1493 2936 1700 3008 πλῆθος
1723 2937 1884 2991 ἄπει-

303 3042 401 3097 ρον
445 3025 811 3096 ἑπαγόμενος,
841 3025 953 3079 τῶν
1001 3025 1100 3096 μὲν
1128 3027 1515 3097 χρυσασπίδων
1544 3028 1642 3081 καὶ
1682 3044 1884 3099 χρυσο-

297 3118 568 3191 δοράτων,
601 3119 785 3174 τῶνδὲ
810 3120 1237 3192 ἀργυρασπίδων
1273 3120 1369 3174 καὶ
1402 3121 1880 3193 ἀργυροδοράτων,
1909 3159 1953 3218 c

298 3212 415 3266 τῶν
439 3211 499 3265 δὲ
541 3210 693 3283 πάσῃ
722 3212 904 3266 ὅπλων
954 3211 1117 3284 χρείᾳ
1156 3212 1610 3283 κεκοσμημένων,
1663 3213 1883 3267 πάντων

301 3300 860 3370 καταπεφραγμένων
894 3299 1099 3371 σιδήρῳ
1123 3315 1139 3332 ο
1176 3299 1226 3353 οἳ
1283 3300 1449 3370 μέσον
1479 3300 1886 3370 αὐτῶνδιειλη-

300 3389 470 3461 φάτις
499 3389 597 3444 τὸν
618 3388 865 3460 Συμεὼν,
905 3389 981 3453 ὡς
1037 3389 1282 3460 βασιλέα,
1328 3392 1614 3461 εὐφήμουν
1639 3394 1708 3463 τῇ
1749 3392 1885 3446 Ῥω-

306 3480 486 3553 μαίων
517 3483 697 3552 φωνῇ.
722 3480 931 3544 Πάντες
971 3480 1028 3534 δὲ
1071 3481 1124 3536 ei
1168 3482 1266 3552 τῆς
1319 3481 1627 3552 συγκλήτου
1688 3481 1886 3552 βουλῆς

301 3576 421 3639 τοῖς
445 3573 677 3645 τείχεσιν
697 3571 998 3642 ἐφεστῶτες
1012 3572 1351 3627 κατεθεῶντο
1377 3573 1444 3626 τὰ
1473 3570 1746 3643 δρώμενα.
1776 3570 1886 3627 Ἦν

301 3665 399 3721 οὖν
429 3666 551 3720 τότε
583 3665 713 3720 ίδεῖν
735 3663 915 3735 ψυχὴν
948 3661 1241 3734 βασιλικὴν
1272 3661 1351 3731 τῷ
1367 3662 1484 3716 ὄντι
1513 3664 1610 3717 καὶ
1647 3663 1886 3734 μεγαλό-

305 3775 503 3830 φρονα,
538 3756 634 3811 καὶ
682 3756 961 3826 θαυμάσαι
1011 3755 1073 3809 τὸ
1112 3754 1209 3808 τοῦ
1270 3754 1620 3825 φρονήματος
1679 3754 1888 3807 ἀκατά-

305 3850 577 3921 πληκτον,
604 3850 755 3912 ὅπως
792 3847 1068 3918 τοσαύτην
1100 3846 1377 3917 πολεμίων
1435 3845 1650 3917 βλέπων
1692 3847 1888 3915 ἐπιφο-

307 3943 432 4015 ράν,
453 3944 516 3997 οὐ
546 3941 863 4010 κατεπλάγη
899 3940 994 3994 καὶ
1019 3938 1319 4009 συνεστάλη
1341 3939 1439 3993 καὶ
1486 3936 1845 4009 ὑπεχώρησεν
1870 3953 1884 3968 ⁸

304 4039 428 4093 ἀλλ’
460 4037 651 4109 ὥσπερ
667 4038 747 4100 είς
769 4035 939 4104 φίλων
970 4033 1178 4104 πλῆθος
1207 4034 1405 4104 χωρῶν
1423 4016 1612 4096 ὀὕτως
1637 4032 1887 4103 ἀτρέμας

306 4128 525 4203 ἀπῄει,
558 4128 844 4200 μονονουχὶ
883 4127 982 4196 τὴν
1018 4124 1198 4197 ψυχὴν
1267 4128 1381 4188 τοῖς
1440 4124 1723 4193 πολεμίοις
1777 4123 1890 4177 τῶν

306 4220 570 4292 ὑπηκόων
596 4218 771 4283 διδοὺς
823 4217 1164 4287 ἀντίλυτρον.
1196 4215 1420 4285 Πρῶτος
1466 4213 1561 4268 οὖν
1597 4216 1657 4269 ιν
1693 4216 1759 4286 τῇ
1787 4216 1889 4286 ρη-

308 4313 468 4383 θείσῃ
498 4311 787 4383 ἀποϐάθρᾳ
819 4309 1143 4364 καταλαϐὼν
1199 4309 1291 4362 τὸν
1321 4307 1548 4379 Συμεὼν
1590 4307 1888 4378 ἐξεδέχετο.

322 4403 479 4456 Ἐπεὶ
506 4401 562 4455 δὲ
587 4402 787 4472 ὅμηροι
815 4400 876 4466 ἐξ
903 4400 1229 4471 ἀμφοτέρων
1280 4397 1615 4470 ἐλήφθησαν,
1667 4399 1763 4451 καὶ
1789 4397 1891 4469 τὴν

1993 1295 2182 1368 Pegem
2222 1295 2481 1366 templum
2517 1295 2841 1359 combussit,
2894 1304 2951 1351 et
3002 1297 3121 1351 loca
3174 1296 3562 1368 circumposita

1990 1388 2311 1453 devastavit,
2339 1402 2369 1442 a
2398 1401 2533 1458 pace
2560 1387 2797 1442 alienum
2831 1401 2913 1452 se,
2935 1390 3031 1442 sed
3058 1402 3197 1442 vana
3229 1397 3439 1447 tantum
3470 1404 3567 1457 spe

1992 1483 2373 1552 imperatorem
2404 1480 2685 1545 deludere,
2717 1479 2844 1534 inde
2874 1480 3214 1551 signiﬁcans.
3264 1481 3568 1549 imperator

1995 1588 2099 1627 una
2161 1587 2286 1627 cum
2343 1571 2657 1643 patriarcha
2721 1570 2947 1626 Nicolao
3001 1573 3068 1626 ad
3127 1570 3461 1627 Blacbernas
3512 1581 3568 1627 et

1995 1672 2243 1719 sanetum
2297 1663 2538 1719 loculum
2585 1677 2932 1733 progressus,
2992 1663 3059 1718 ad
3119 1678 3309 1732 preces
3366 1677 3566 1717 manus

1994 1757 2253 1823 extendit,
2298 1756 2495 1813 deinde
2547 1770 2752 1826 pronus
2782 1757 2836 1810 in
2868 1764 3073 1810 terram
3101 1756 3306 1811 cadens
3346 1770 3567 1811 sacrmn

1991 1847 2246 1920 lacrymis
2273 1848 2644 1918 pavimentum
2673 1846 2945 1917 irrigavit,
3003 1846 3291 1916 Deiparam
3373 1860 3404 1900 a
3444 1845 3567 1900 labe

1988 1939 2286 1994 immunem
2320 1938 2645 2004 obtestatus,
2693 1946 2753 1992 ut
2799 1936 3056 1993 inﬂexum
3096 1947 3150 1993 et
3196 1936 3433 2008 rigidum
3467 1951 3567 1992 su-

1985 2029 2137 2100 perbi
2176 2029 2448 2085 Simeonis
2497 2028 2769 2085 emolliret
2818 2044 2936 2094 cor,
2989 2039 3046 2084 et
3079 2038 3383 2099 quat'sunt
3413 2028 3566 2099 pacis

1985 2122 2327 2193 inspiraret:
2387 2135 2656 2192 sacroque
2717 2120 2981 2177 scriniolo
3017 2159 3031 2182 ,
3088 2136 3198 2189 quo
3252 2119 3563 2174 veneranda

1985 2224 2191 2270 sancta:
2237 2214 2485 2284 Deiparre
2531 2213 2703 2269 vestis
2740 2214 2980 2284 reposita
3014 2221 3121 2279 est,
3172 2224 3382 2282 aperto,
3416 2212 3565 2266 illam

1985 2303 2114 2360 inde
2168 2304 2440 2360 sublatam
2494 2319 2560 2359 ex
2606 2303 2720 2359 ﬁde
2761 2318 2868 2374 qua
2917 2304 2972 2357 in
3025 2303 3431 2358 immaculatam
3470 2302 3563 2357 Dei

1984 2394 2316 2451 Genitricem
2366 2395 2621 2465 pollebat,
2663 2394 2812 2450 velut
2858 2394 3068 2464 galeam
3114 2394 3281 2464 capiti
3326 2394 3569 2450 circum-

1986 2499 2200 2556 ponens
2223 2484 2520 2555 imperator
2541 2483 2876 2540 lirmissimis
2908 2484 3080 2538 armis
3104 2484 3368 2547 munitus,
3398 2484 3568 2538 classi

1983 2576 2087 2630 vite
2127 2576 2323 2630 comite
2356 2574 2563 2644 clypeis
2591 2579 2646 2629 et
2685 2573 2856 2629 armis
2891 2575 3158 2629 adornata
3190 2574 3258 2629 ad
3286 2573 3567 2644 praeﬁxum

1984 2667 2163 2723 locum
2193 2682 2318 2723 eum
2360 2666 2618 2722 Simeone
2660 2675 3001 2721 tractaturus
3038 2666 3292 2721 accessit.
3354 2666 3569 2733 Quinto

1985 2757 2152 2828 igitur
2182 2758 2270 2813 die
2305 2771 2417 2828 quo
2452 2756 2569 2812 haec
2603 2755 2743 2812 facta
2783 2765 2935 2820 sunt,
2986 2755 3311 2813 Novembris
3356 2758 3567 2813 mensis

1984 2848 2075 2903 die
2104 2863 2270 2915 nono,
2307 2847 2439 2903 hora
2467 2848 2577 2903 diei
2610 2859 2809 2918 quarta
2854 2848 3078 2904 Simeon
3115 2851 3379 2903 immensa
3408 2864 3572 2904 εχει-υ-

1984 2940 2130 2996 citus
2162 2939 2318 3009 plebe
2349 2939 2800 3009 cireumstipatus
2848 2942 3138 3011 processit.
3200 2941 3432 2996 Militum
3476 2942 3569 2997 alii

1985 3032 2168 3086 aureis
2216 3032 2424 3102 clypeis
2455 3041 2510 3086 et
2560 3033 2840 3089 deauratis
2901 3034 3096 3099 hasds,
3145 3034 3237 3088 alii
3291 3036 3569 3104 argenteis

1986 3123 2188 3195 clypeis
2223 3124 2428 3194 pariter
2461 3134 2515 3180 et
2568 3124 2744 3181 hastis
2795 3134 3025 3196 argento
3062 3127 3434 3191 rutilantibus,
3474 3128 3570 3182 alii

1984 3227 2204 3283 quoque
2255 3213 2405 3266 omni
2453 3229 2734 3269 armorum
2770 3230 2969 3286 genere
3002 3210 3208 3280 ornati,
3254 3217 3438 3272 cuncti
3467 3232 3569 3271 au-

1986 3314 2091 3359 tem
2146 3301 2293 3358 ferro
2345 3303 2742 3369 circumcincti,
2791 3306 3029 3360 medium
3069 3307 3422 3361 admiserunt
3478 3303 3571 3360 Si-

1986 3410 2260 3462 meonem,
2286 3410 2449 3465 quem
2477 3395 2684 3452 Graecis
2711 3398 3102 3467 pronuntiatis,
3133 3412 3233 3452 ceu
3268 3397 3567 3468 imperato-

1986 3502 2101 3543 rem
2141 3487 2337 3543 l'austis
2368 3489 2844 3559 prosequebantur
2887 3490 3403 3546 acclamationibus.
3471 3489 3569 3545 Se-

1988 3580 2185 3636 natorii
2218 3594 2385 3650 porro
2416 3579 2629 3636 ordinis
2659 3580 2764 3635 viri
2807 3582 2983 3636 muris
3013 3582 3184 3637 innixi
3210 3598 3333 3653 quae
3366 3581 3571 3636 ﬁebant

1987 3667 2545 3736 contemplabantur;
2591 3665 2846 3736 Spectatu
2905 3683 3035 3723 vero
3095 3668 3419 3738 dignissima
3481 3684 3576 3724 res

1947 3756 2092 3810 ‘fuit
2143 3755 2365 3810 animus
2415 3755 2505 3810 ille
2559 3754 2909 3825 imperatoris
2958 3756 3158 3825 dignus
3207 3766 3263 3810 et
3292 3757 3567 3820 excelsus,

1988 3848 2123 3903 mira
2160 3862 2249 3903 res
2274 3847 2367 3901 illa
2413 3846 2613 3901 mentis
2661 3845 2818 3900 nullo
2847 3853 3006 3915 pacto
3041 3854 3203 3900 mota
3235 3846 3571 3908 constantia.

1989 3953 2113 4010 qua)
2162 3943 2377 3991 tantum
2425 3934 2740 4005 percipiens
2789 3933 3025 3989 hostium
3077 3933 3386 4003 appulsam,
3419 3933 3578 3988 nullo

1990 4029 2153 4085 modo
2181 4036 2530 4085 consternata
2576 4034 2674 4082 aut
2709 4040 2962 4094 repressa
3011 4034 3139 4081 est:
3194 4025 3290 4080 sed
3333 4039 3436 4080 nec
3486 4041 3572 4080 re-

1992 4122 2284 4187 trocessit,
2336 4122 2469 4191 quin
2520 4122 2634 4175 imo
2693 4120 2840 4174 velut
2889 4120 2940 4173 in
3002 4119 3310 4173 amicorum
3364 4126 3576 4173 ctetum

1988 4231 2050 4271 se
2104 4213 2410 4279 conferret,
2484 4214 2566 4269 sic
2628 4210 2930 4281 intrepidus
2979 4210 3281 4281 processit,
3353 4217 3572 4263 tantum

1990 4307 2231 4361 animam
2263 4304 2609 4360 subditorum
2657 4303 2851 4359 salutis
2887 4303 3121 4373 pretium
3169 4301 3418 4357 hostibus
3460 4316 3571 4355 non

1992 4399 2248 4456 eﬂerens.
2303 4397 2461 4453 Prior
2511 4397 2698 4469 itaque
2742 4396 2810 4452 ad
2839 4396 3044 4452 dictam
3086 4395 3400 4450 machinam
3448 4409 3574 4464 per-

307 4493 628 4566 άποϐάθραν
658 4497 707 4548 οἱ
758 4492 1058 4565 Βούλγαροι
1085 4492 1504 4563 διερευνήσαντο
1535 4490 1783 4562 ἀκριϐῶς
1812 4490 1885 4561 μή

1993 4492 2222 4547 veniens
2272 4491 2585 4545 Simeonem
2640 4489 3074 4561 prmstolabatur.
3129 4486 3199 4545 Ut
3243 4485 3465 4542 obsides
3504 4501 3571 4540 ex

308 4590 429 4652 πῶς
446 4605 532 4653 τις
553 4587 779 4658 δόλος,ῆ
819 4586 1008 4658 ένεδρα
1038 4584 1282 4654 τυγχάνῃ
1306 4601 1319 4613 ·
1364 4583 1633 4654 κατῆλθεν
1654 4582 1883 4655 Συμεὼν

306 4681 403 4736 τοῦ
425 4682 613 4746 ίππου,
639 4681 903 4751 καὶπρὸς
944 4679 1038 4732 τὸν
1087 4676 1311 4749 βασιλέα
1359 4676 1631 4747 εἰσῆλθεν.
1673 4677 1883 4731 Ἄσπα-

309 4774 540 4845 σάμενοι
581 4769 675 4828 οὖν
713 4771 999 4844 ἀλλήλους,
1058 4770 1283 4841 εἰρήνης
1352 4769 1543 4837 λόγους
1606 4768 1885 4839 ἐκίνησαν.

309 4866 574 4923 Είπείνδὲ
597 4866 818 4936 λέγεται
847 4866 938 4918 τὸν
986 4862 1206 4936 βασιλέα
1238 4861 1376 4931 πρὸς
1423 4861 1648 4931 Συμεών
1672 4877 1685 4891 ·
1723 4862 1888 4930 Ἀκή-

308 4961 414 5016 κοά
456 4976 519 5014 σε
560 4957 790 5029 θεοσεϐῆ
836 4956 1122 5027 ἄνθρωπον
1181 4956 1277 5009 καὶ
1329 4953 1653 5024 Χριστιανὸν
1709 4953 1887 5023 ὑπάρ-

306 5070 476 5125 χοντα
521 5052 815 5124 ἀληθινόν⁸
873 5049 1055 5122 βλέπω
1078 5048 1136 5102 δὲ
1164 5049 1235 5101 τὰ
1278 5048 1416 5120 ἔργα
1457 5045 1723 5118 μηδαμῶς
1775 5047 1889 5108 τοῖς

306 5146 491 5214 λόγοις
517 5144 902 5215 συμϐαίνοντα.
943 5142 1103 5195 Ἵδιον
1159 5140 1260 5210 μὲν
1294 5141 1402 5211 γὰρ
1447 5138 1734 5202 θεοσεϐοῦς
1792 5139 1886 5191 ἀν-

307 5238 530 5309 θριὶιπου
572 5237 665 5290 καὶ
680 5233 1008 5309 Χριστιανοῦ
1033 5232 1095 5287 τὸ
1118 5231 1218 5303 τὴν
1243 5232 1472 5304 είρήνην
1501 5232 1596 5286 καὶ
1624 5232 1725 5300 τὴν
1748 5231 1887 5299 ἁγά-

1990 4584 2147 4656 501
2213 4593 2446 4653 utraque
2493 4594 2649 4652 parte
2694 4582 2808 4637 dati
2853 4590 3025 4637 sunt:
3073 4578 3296 4647 Bulgari
3339 4592 3573 4633 verone

1989 4683 2114 4753 quis
2139 4681 2300 4737 dolus
2331 4688 2427 4735 aut
2455 4662 2667 4735 insidiae
2702 4680 2969 4742 laterent,
2998 4675 3308 4731 machinam
3338 4673 3573 4745 diliget]-

1991 4784 2071 4829 ter
2124 4772 2451 4841 perscrutati
2511 4781 2684 4826 sunt:
2740 4768 2962 4824 Simeon
3021 4783 3167 4838 equo
3207 4766 3465 4823 desiliens
3506 4766 3577 4821 ad

1990 4868 2375 4937 imperatorem
2407 4866 2658 4929 accessit,
2684 4863 2921 4932 dataque
2942 4861 3183 4919 invicem
3204 4861 3398 4921 salute,
3427 4858 3575 4930 pacis

1992 4967 2281 5015 tractatum
2338 4966 2646 5012 moverunt.
2701 4955 3002 5024 Imperator
3049 4954 3257 5010 dixisse
3291 4951 3467 5007 fertur
3506 4951 3573 5005 ad

1992 5051 2303 5108 Simeonem
2337 5068 2352 5105 :
2404 5048 2595 5104 Virum
2642 5048 2736 5104 Dei
2764 5049 3029 5104 cultorem
3058 5057 3114 5101 et
3143 5061 3271 5102 vere
3306 5044 3571 5100 Christia-

1990 5158 2122 5197 num
2172 5141 2356 5197 audivi
2418 5150 2520 5195 te:
2566 5156 2756 5196 verum
2802 5157 2970 5212 opera
3023 5141 3208 5196 verbis
3259 5140 3574 5194 nullatenus

1988 5232 2351 5289 consonantia
2378 5231 2433 5285 in
2464 5240 2519 5285 te
2543 5231 2834 5301 perspicio.
2861 5230 3153 5301 Proprium
3178 5228 3322 5284 enim
3352 5225 3455 5280 viri
3479 5223 3572 5278 Dei

1565 5372 1812 5427 FRANC.
1842 5372 2233 5431 COMBEFISII
2268 5373 2506 5430 NOTIE.

382 5502 497 5571 (44)
547 5501 660 5557 Καὶ
712 5500 775 5554 τὸ
820 5498 1022 5571 στῆναι
1064 5495 1161 5559 τὰς
1212 5494 1522 5562 γινομένας.
1579 5492 1878 5571 Αιιοηγιηρ

314 5562 671 5639 quotidianus
717 5569 885 5626 credes
920 5562 1097 5624 potens
1139 5562 1752 5631 compescere;modum
1797 5564 1879 5617 eis

313 5658 378 5699 ne
410 5645 569 5697 linem
602 5642 886 5697 adbibere.

388 5713 499 5781 (i5)
539 5712 918 5783 Ὀχυρωτάτην
942 5708 1236 5783 ἀπόϐασιν..
1261 5704 1427 5768 Ιιίοηι,
1458 5713 1514 5760 ttt
1540 5712 1601 5783 et_
1620 5702 1875 5783 Codrum:

318 5774 684 5841 Tu'tissitntiiu'
721 5774 951 5849 septum;
1004 5780 1424 5843 ascensionem,
1461 5775 1771 5831 machinam
1810 5774 1875 5828 ad

1990 5494 2044 5547 id
2105 5503 2502 5565 comparatam,
2534 5501 2595 5565 ut
2624 5507 2685 5565 es
2722 5488 2845 5565 navi
2878 5486 2931 5565 i_n
2967 5480 3571 5542 eam‘desccndcrctur,

1990 5579 2167 5635 exque
2194 5558 2255 5618 ea
2293 5573 2415 5620 tuto
2442 5561 2785 5635 colloquium
2813 5558 3130 5635 haberetur.
3207 5622 3221 5635 .
3332 5622 3344 5635 ι
3465 5620 3476 5630 .
3539 5618 3560 5629 ό

2063 5622 2177 5706 (λϐ)
2217 5637 2329 5707 Τὴν
2361 5637 2441 5696 είς
2470 5622 2882 5707 ὑπεράμωμον..
2911 5634 2965 5681 ct
2994 5640 3142 5685 mox.
3169 5622 3273 5707 τὸν.
3295 5622 3394 5675 σὺν
3422 5622 3571 5686 αὐτῷ

1990 5693 2082 5761 οὖν
2119 5693 2324 5771 στόλον,
2357 5693 2804 5773 κατακοσμῆσαι-ς.
2841 5699 3137 5765 Anonym.,
3166 5693 3398 5749 Cedrett.
