3986 6232
343 406 488 481 1189

1654 406 2327 473 CHRONOGRAPHIA.

3347 371 3373 386 ’
3454 361 3594 469 and

340 529 482 602 δρίῳ
507 525 566 582 δὲ
596 524 729 599 μηνὶ
751 528 1106 598 κατηγορήθη
1125 528 1153 581 ὁ
1170 526 1449 589 Μυστικὸς
1507 524 1778 597 Ἰωάννης,
1816 526 1910 581 καὶ

2022 519 2238 582 Octobri
2265 527 2506 581 Joannes
2530 524 2808 597 Mysticus,
2838 533 2893 577 et
2933 530 3053 591 post
3078 521 3468 591 imperatorem
3495 523 3598 575 atl-

342 616 834 692 παραδυναστεύων
862 612 939 683 ὡς
993 619 1087 689 τῆς
1135 618 1413 689 βασιλείας
1441 617 1746 688 ἐφιέμενος,
1780 620 1916 672 ὐπο-

341 713 487 783 θήκῃ
511 709 607 764 τοῦ
637 709 924 781 πατρικίου
949 710 1045 763 καλ⁵
1069 710 1352 778 λογοθέτου
1378 708 1470 762 τοῦ
1496 710 1701 780 δρόμου
1720 710 1916 779 Κοσμᾶ

340 802 574 866 διδόντος
620 803 702 864 εἰς
733 805 970 870 γυναῖκα
1008 803 1106 871 τὴν
1153 802 1429 873 θυγατέρα
1484 801 1660 872 αὐτῷ.
1708 801 1914 855 Τούτου

339 886 529 948 ἕνεκεν
552 892 983 957 καταϐιϐάζεται
1023 894 1120 963 μὲν
1140 894 1235 946 τοῦ
1268 892 1560 958 παλατίου,
1591 894 1916 963 ὲγχωρεῖται

338 988 398 1040 δὲ
427 985 852 1058 προσέρχεσθαι,
885 986 978 1039 καὶ
1005 986 1083 1056 τῷ
1116 985 1325 1055 βασιλεί
1354 986 1672 1057 ὑπηρετεῖν.
1696 987 1789 1040 καὶ
1817 984 1919 1040 σὺν

339 1083 487 1154 αύτῷ
517 1082 588 1137 τὰ
614 1083 888 1152 ἀνήκοντα
934 1082 1178 1136 διοικεῖν.
1220 1081 1464 1153 Στοργὴν
1496 1081 1606 1153 γάρ
1648 1082 1732 1135 ὅτι
1762 1081 1915 1136 πλεί-

341 1193 474 1246 στην
498 1176 810 1245 ἒκέκτητοό
846 1173 1099 1244 βασιλεὺς
1135 1174 1274 1243 πρὸς
1309 1175 1492 1229 αὐτόν.
1536 1174 1657 1228 Τῶν
1681 1174 1918 1245 κατηγό-

341 1284 454 1339 ρων
503 1265 597 1321 οὖν
646 1267 1086 1336 κατεπειγόντων
1138 1265 1233 1319 τὸν
1289 1265 1535 1336 βασιλέα,
1560 1268 1863 1338 ἐρευνήσας
1887 1267 1918 1319 ό

340 1360 619 1431 βασιλεὺς,
644 1360 738 1414 καὶ
763 1359 938 1429 ἀληθῆ
969 1358 1143 1412 ταῦτα
1162 1353 1302 1414 εἶναι
1332 1357 1542 1430 μαθὼν,
1573 1359 1768 1429 ἔμελλε
1790 1360 1918 1416 τοῦ-

336 1468 433 1505 τον
459 1449 747 1519 κατασχὼν
774 1449 1073 1513 ἀνετάζειν.
1105 1450 1163 1503 Ὀ
1202 1450 1259 1505 δὲ
1288 1449 1447 1504 τοῦτο
1478 1453 1747 1522 προγνοὺς
1777 1454 1917 1523 χρή-

340 1560 430 1595 ται
458 1544 605 1613 φυγῇ
625 1560 639 1574 ο
674 1545 768 1596 καὶ
790 1543 890 1613 τὴν
918 1542 1221 1614 λεγομένην
1240 1543 1660 1599 Μονοκάστανον
1682 1546 1921 1600 κασταλα⁸

340 1632 473 1696 ὄὼν,
497 1633 851 1701 ἀποκείρεται
875 1636 1127 1703 μοναχός.
1152 1634 1403 1703 Πέφευγε
1420 1634 1477 1688 δὲ
1503 1637 1596 1689 καὶ
1621 1635 1918 1691 Κωνσταν-

338 1724 483 1785 τίνος
512 1725 542 1776 ό
567 1722 662 1776 τοῦ
696 1724 894 1794 Βοηλῷ
940 1728 969 1778 ὁ
1013 1725 1169 1790 [adst
1201 1724 1318 1798 ἐπὶ]
1355 1730 1456 1798 τῆς
1502 1727 1805 1798 τραπέζης,
1838 1729 1919 1782 ol-

339 1819 487 1879 κεῖος
512 1815 608 1868 καὶ
638 1816 790 1885 φίλος
806 1814 883 1871 ὢν
901 1817 1051 1888 αὐτῷ
1075 1834 1089 1849 ·
1116 1818 1214 1871 καὶ
1237 1818 1328 1872 τὸν
1358 1819 1641 1889 Ὄλυμπον
1673 1820 1915 1874 καταλαο

338 1905 472 1971 θὼν,
505 1905 568 1960 τὸ
597 1907 888 1977 μοναχικδν
914 1908 1102 1979 σχῆμα
1154 1908 1421 1965 ἐνδύεται.
1469 1900 1757 1966 Ἐδεδοίκει
1809 1912 1920 1985 γὰρ

339 1998 436 2050 καὶ
464 1997 651 2061 αὐτὸς,
690 1998 787 2052 ἆτε
823 1998 1149 2069 συμμύστης
1174 2000 1460 2069 τυγχάνων
1492 2001 1584 2055 τοῦ
1612 2003 1919 2068 Μυστικοῦ,

344 2087 442 2142 καὶ
465 2088 574 2142 τῶν
601 2089 929 2161 ἀπορρήτων
947 2090 1114 2145 αὑτοῦ
1147 2090 1258 2162 (50)
1297 2094 1572 2157 κοινωνός.
1597 2094 1704 2147 Τὸν
1736 2095 1794 2149 δέ
1818 2113 1923 2149 πα-

338 2179 550 2251 τρίκιον
598 2182 828 2251 Κοσμᾶν
875 2184 933 2236 ἐν
956 2183 1051 2253 τῷ
1075 2184 1369 2255 Ὠρολογίῳ
1412 2184 1587 2255 τύψας
1619 2187 1648 2239 ό
1669 2185 1922 2256 βασιλεὺς

335 2265 628 2332 διεδέξατο.
664 2269 1033 2340 Προὸάλλεται
1067 2273 1125 2326 δέ
1154 2273 1277 2327 ἀντὶ
1313 2273 1407 2327 τοῦ
1434 2275 1717 2331 Μυστικοῦ
1739 2273 1922 2329 Ἰωάν-

337 2373 433 2411 νου
458 2356 737 2428 Θεοφάνην
761 2359 1259 2433 πρωτοὸεστιάριον
1298 2364 1393 2417 καὶ
1426 2365 1923 2436 παραδυναστεύονε

335 2463 426 2501 τα.
475 2446 725 2515 Ἐγένετο
748 2448 807 2501 δὲ
840 2450 902 2502 τὸ
930 2452 1234 2520 τηνικαῦτα
1280 2455 1376 2508 καὶ
1409 2456 1633 2526 σεισμὸς
1686 2456 1918 2528 φοϐερὸς
1950 2454 1957 2459 ”

338 2538 399 2591 έν
413 2536 491 2607 τῷ
518 2537 629 2591 τῶν
679 2538 958 2612 Θρακῴων
993 2542 1213 2612 θέματι,
1250 2546 1345 2598 καὶ
1377 2547 1568 2617 χάσμα
1622 2548 1726 2617 γῆς
1775 2550 1922 2619 μέγα

340 2626 438 2683 καὶ
466 2629 873 2702 κατάπληκτον,
908 2633 1057 2687 ὥστε·
1082 2635 1254 2689 πολλά
1282 2637 1458 2708 χωρία
1486 2639 1584 2693 καὶ
1621 2639 1920 2711 ἐκκλησίας

341 2721 674 2794 αὐτάνδρους
709 2724 1112 2798 καταποθῆναι.

407 2905 573 2977 Μαΐῳ
623 2906 682 2960 δὲ
728 2908 858 2978 μηνὶ
892 2909 1069 2963 eius.
1115 2906 1319 2985 ἐϐδόμῃ
1375 2911 1612 2986 δεκάτης
1658 2915 1920 2989 πέμπτης

341 2997 689 3065 ἱνδικτιῶνος
720 3000 1011 3070 Συμεὼν,ό
1036 3003 1220 3074 ἄρχων
1271 3004 1610 3077 Βουλγαρίας
1638 3009 1916 3073 ἐτελεύτα,

342 3089 549 3160 Πέτρον
572 3091 687 3144 υἱὸν
709 3091 879 3147 αὐτοῦ
904 3092 1343 3164 προϐαλλόμενος
1365 3095 1623 3169 ἄρχοντα,
1649 3098 1708 3152 όν
1732 3101 1797 3154 ἐκ
1817 3101 1920 3172 τῆς

2019 619 2378 681 ministrator,
2398 614 2773 685 velutimperii
2816 611 3077 674 affectati,
3109 622 3364 681 suggestu
3383 614 3596 682 patricii

2017 715 2073 762 et
2098 707 2383 777 logotltctae
2415 706 2617 779 publici
2643 720 2841 761 cursus
2866 703 3100 768 Cosmm,
3127 705 3220 772 qui
3254 701 3418 756 filiam
3466 719 3598 758 uxo-

2020 816 2135 854 rem
2160 800 2209 853 ei
2238 800 2529 863 locaverat,
2552 808 2842 852 accusatus
2858 808 2961 849 est.
2993 794 3165 863 llujus
3198 795 3373 863 gratia
3396 794 3597 863 palatio

2019 894 2241 965 quidem
2273 892 2603 954 extruditur,
2624 888 2692 944 ad
2722 904 2846 943 eum
2872 900 3054 965 tamen
3086 886 3221 941 liber
3246 885 3322 939 illi
3347 894 3597 941 servatur

2018 964 2294 1051 accessus,
2333 994 2386 1041 et
2418 981 2754 1053 obsequendi
2783 964 3129 1050 imperatoris
3160 978 3365 1051 jussis,
3385 988 3439 1033 et
3470 993 3599 1032 cum

2019 1096 2086 1145 eo
2106 1095 2225 1150 qua:
2240 1094 2378 1146 Opus
2402 1076 2541 1131 foret
2563 1074 2977 1141 administrandi
2995 1083 3232 1143 potestas
3249 1071 3598 1142 pennittitur.

2021 1171 2217 1242 lugens
2233 1170 2431 1240 quippe
2461 1168 2806 1239 imperatoris
2839 1166 3037 1222 eratin
3067 1181 3191 1221 eum
3224 1164 3473 1220 aﬂ‘ectus.
3495 1166 3601 1220 Ac-

2016 1265 2363 1318 cusatiouem
2389 1276 2555 1332 porro
2582 1276 2765 1316 coram
2799 1261 3128 1329 imperatore
3156 1260 3476 1329 urgentibus
3508 1255 3603 1312 ade

2019 1354 2301 1416 versariis,
2329 1353 2582 1407 examine
2611 1352 2816 1413 habito,
2850 1359 2907 1404 nt
2936 1365 3062 1403 vera
3093 1364 3214 1403 esse
3246 1365 3368 1417 quae
3390 1348 3600 1416 objiceg

2022 1454 2212 1501 rentur
2227 1460 2349 1498 cum
2371 1444 2666 1513 imperator
2694 1443 2933 1512 agnovit.
2948 1441 3228 1496 detentum
3266 1440 3602 1510 interrogare

2021 1540 2403 1603 proposuerat.
2445 1531 2565 1600 Qua
2600 1547 2656 1587 re
2686 1531 2937 1601 praevisa,
2972 1528 3158 1599 fugam
3194 1528 3345 1598 prior
3384 1528 3600 1598 arripit,

2020 1637 2076 1680 et
2100 1626 2156 1681 in
2178 1623 2568 1680 monasterium
2591 1622 2811 1678 nomine
2837 1621 3285 1677 Monocastanum
3316 1620 3599 1686 secedens,

2022 1718 2383 1773 monasticam
2423 1715 2654 1786 suscipit
2689 1725 2992 1770 tonsuram.
3032 1711 3194 1783 Fugit
3224 1713 3428 1782 pariter
3455 1710 3600 1766 Bono

2023 1811 2298 1866 stantinus
2324 1809 2502 1865 Boelaa
2535 1809 2681 1864 filius
2711 1823 2913 1863 mensae
2938 1805 3249 1876 praefectus,
3283 1803 3601 1864 familiaris.

2021 1910 2075 1957 et
2105 1903 2156 1958 ei
2187 1902 2324 1958 bene
2347 1902 2606 1958 affectus:
2634 1901 2762 1955 etin
2789 1895 3080 1971 Olympum
3113 1908 3351 1953 montem
3387 1895 3603 1967 digres-

2022 2009 2142 2060 sus,
2174 1973 2480 2050 monastico
2508 1993 2753 2048 induitur
2785 1992 2972 2047 habitu
3007 2008 3021 2044 :
3056 1990 3279 2045 timebat
3303 1989 3448 2044 enim
3482 1989 3604 2058 ipse

2021 2103 2120 2141 ceu
2172 2086 2528 2142 consiliorum
2577 2083 2789 2156 Mystici
2836 2081 3112 2146 conscius,
3157 2090 3213 2136 et
3261 2090 3599 2136 secretorum

2020 2178 2138 2246 ejus
2171 2177 2417 2231 omnium
2454 2174 2745 2246 particeps.
2785 2173 3083 2229 Patricium
3123 2181 3304 2226 autem
3338 2170 3598 2227 Cosmam

2024 2267 2346 2338 magistratu
2372 2275 2787 2322 exauctoratum
2807 2266 2872 2319 ad
2900 2263 3253 2333 Horologium
3282 2260 3601 2316 verberibus

2021 2361 2319 2430 imperator
2350 2359 2708 2414 emendavit:
2747 2339 2976 2412 Joannis
3021 2371 3150 2411 vero
3192 2353 3399 2426 Mystici
3450 2355 3599 2408 vices

2020 2453 2273 2507 obiturus
2297 2449 2661 2520 Theophanes
2683 2448 3135 2520 protovestiatius
3162 2455 3214 2500 et
3247 2444 3462 2515 imperii
3496 2443 3601 2499 ad-

2021 2543 2360 2598 ministrator
2380 2550 2756 2612 promovetur.
2790 2538 2947 2594 Tunc
2970 2540 3022 2592 in
3047 2537 3325 2608 provincia
3351 2535 3602 2597 Thracia;

2021 2624 2179 2690 terra:
2214 2644 2395 2689 motus
2429 2632 2737 2688 horrendus
2783 2631 2961 2687 factus
2994 2641 3101 2693 est,
3142 2629 3436 2697 hiatusque
3476 2637 3600 2682 sttt-

2020 2742 2203 2798 poretn
2229 2726 2484 2791 aifereus,
2511 2725 2585 2779 ita
2614 2732 2677 2778 ιιι·
2699 2722 2855 2794 plura
2879 2721 3083 2795 praedia
3109 2733 3161 2777 et
3197 2721 3443 2777 ecclesiae
3471 2734 3604 2778 cum.

2020 2818 2337 2874 lmxniuibns
2365 2817 2620 2888 absorpta
2652 2818 2782 2873 sint.

2088 2912 2210 2966 Maii
2232 2926 2392 2981 porro
2421 2914 2627 2966 mensis
2644 2909 2732 2964 die
2749 2907 3011 2963 vicesimo
3029 2906 3280 2978 septimo,
3304 2905 3609 2962 indictione

2019 3005 2231 3074 quinta,
2253 3002 2474 3058 Simeon
2499 3001 2786 3072 Bulgarius
2816 3001 3070 3071 princeps
3096 3002 3239 3055 diem
3256 3000 3413 3066 obiit,
3435 2999 3608 3055 Petro

2023 3099 2172 3162 lilio,
2205 3111 2367 3166 quem
2407 3110 2472 3149 ex
2522 3092 2764 3151 secunda
2807 3093 3040 3162 conjuge
3091 3094 3351 3162 suscepit,
3409 3104 3606 3147 sorore

337 3180 600 3252 δευτέρας
643 3182 810 3237 αὐτοῦ
845 3182 1005 3253 ἔσχεν
1028 3186 1290 3253 γυναικὸς
1337 3186 1438 3257 τῆς
1461 3187 1701 3259 ἀδελφῆς
1734 3190 1919 3263 Γεωρ-

2024 3190 2272 3244 videlicet
2300 3187 2514 3258 Georgii
2552 3185 2898 3251 Surzubulis,
2928 3200 3093 3253 quem
3120 3186 3246 3239 filiis
3275 3193 3601 3255 praematu-

337 3272 461 3343 γίου
485 3273 579 3327 τοῦ
608 3274 1041 3348 Σουρσουδούλη,
1068 3276 1127 3330 δν
1150 3278 1243 3331 καὶ
1268 3278 1567 3349 ἐπίτροπον
1589 3283 1697 3345 τοῖς
1725 3282 1920 3337 ἑαυτοῦ

337 3362 528 3416 παισὶν
554 3363 583 3417 ό
612 3362 836 3433 Συμεὼν
867 3365 1280 3422 καταλέλοιπεν.
1337 3367 1418 3421 Τά
1449 3367 1636 3440 κύκλῳ
1667 3365 1761 3425 οὖν
1791 3370 1918 3443 ἔθνη

336 3454 442 3526 τήν
459 3454 556 3511 τοῦ
578 3454 806 3528 Συμεὼν
830 3456 1068 3527 μαθόντα
1088 3457 1346 3531 τελευτὴν
1366 3461 1754 3534 ἐκστρατεύειν
1778 3464 1921 3518 κατὰ

338 3545 669 3619 Βουλγάρων
718 3545 1088 3604 έδουλεύοντο.
1139 3549 1318 3619 Λιμοῦ
1371 3551 1429 3605 δὲ
1466 3554 1566 3606 σὺν
1612 3554 1833 3624 ἀκρίσιν
1858 3554 1921 3609 τὸ

337 3640 710 3713 Βουλγαρικδν
740 3640 895 3704 ἔθνος
925 3641 1298 3707 έκπιέζοντος,
1330 3643 1627 3699 ἐδεδίεισαν
1673 3645 1775 3718 τὴν
1812 3646 1921 3701 τῶν

350 3733 640 3803 Ῥωμαίων
662 3732 972 3787 ἑπέλευσιν.
1012 3732 1218 3804 Βουλὴν
1238 3729 1330 3787 οὖν
1373 3734 1759 3805 ποιησάμενοι.
1782 3738 1923 3792 κατά

350 3826 641 3893 Ῥωμαίων
661 3824 1137 3893 ὲκστρατεύουσιν,
1170 3825 1264 3877 καὶ
1311 3826 1371 3877 ὲν
1398 3826 1707 3898 Μακεδονία
1748 3845 1923 3883 κατα-

336 3913 729 3985 λαμὸάνουσιν.
768 3916 1004 3969 Ἔπειτα
1037 3914 1305 3985 μαθόντες
1347 3918 1431 3971 ὃτι
1464 3916 1649 3988 μέλλει
1678 3919 1800 3972 κατ’
1826 3919 1923 3973 αύ-

337 4005 450 4060 τῶν
496 4008 525 4059 ό
556 4006 814 4075 βασιλεὺς
864 4006 1144 4076 Ῥωμανὸς
1193 4007 1602 4078 έκστρατεύειν,
1660 4010 1921 4064 ἀποστέλ-

340 4096 493 4151 λουσι
515 4098 719 4167 Πέτρον
735 4113 795 4149 τε
835 4098 929 4150 καὶ
949 4094 1224 4167 Γεώργιον
1247 4098 1498 4169 κρυφίως
1513 4100 1635 4153 τινὰ
1663 4101 1921 4171 μοναχὸν.

339 4187 655 4258 Καλοκύριν
705 4188 1153 4260 ὀνομαζόμενον,
1206 4189 1285 4261 τῷ
1337 4191 1484 4259 γένει
1536 4190 1919 4263 Ἀρμενιακδν,

340 4277 706 4348 χρυσόδουλον
728 4278 1143 4350 ἐπιφερόμενον.
1170 4279 1467 4351 Διηγόρευε
1493 4279 1550 4334 δὲ
1573 4280 1641 4335 τὰ
1670 4282 1729 4334 έν
1748 4281 1916 4355 αὐτῷ,

342 4371 421 4434 ὼς
454 4368 550 4440 τὴν
578 4371 713 4440 μετά
761 4370 1048 4441 Ῥωμαίων
1077 4371 1303 4442 είρήνην
1336 4371 1678 4437 ἀσπάζονται
1727 4374 1788 4429 ού
1824 4374 1921 4444 μό-

342 4480 457 4530 νον,
488 4462 626 4516 ἀλλά
673 4462 771 4517 καὶ
818 4463 1059 4533 γαμικὸν
1117 4464 1345 4534 ποιῆσαι
1404 4465 1781 4536 συνάλλαγμα.
1814 4467 1919 4521 Τὸν

341 4554 584 4609 τοιοῦτον
608 4550 701 4609 οὖν
727 4555 962 4625 μοναχὸν
985 4558 1013 4609 ό
1044 4553 1297 4626 βασιλεὺς
1321 4554 1720 4625 ἀποδεξάμενος
1746 4558 1918 4629 ἀσμε-

340 4648 592 4714 νέστατα,
617 4648 865 4720 παρευθὺ
894 4647 1220 4703 ἀπέστειλεν
1248 4648 1384 4718 μετά
1414 4650 1690 4719 δρόμωνος
1716 4653 1775 4705 ὲν
1804 4652 1920 4706 Με-

342 4739 588 4811 σημδρίᾳ
621 4739 712 4792 τὸν
756 4738 989 4810 μοναχὸν
1038 4740 1317 4813 Θεόδωρον
1366 4742 1458 4796 τὸν
1498 4741 1791 4814 Ἀδούκην,
1825 4745 1922 4799 καὶ

274 4886 287 4899 ι
339 4829 632 4888 Βασιλικδν
672 4830 936 4902 κληρικδν
959 4830 1054 4885 τὸν
1089 4832 1294 4886 Ῥόδιον
1339 4833 1441 4905 τὴν
1471 4836 1699 4906 εἰρήνην
1729 4835 1921 4890 συλλα-

338 4922 501 4993 λῆσαι
527 4924 640 4986 τοίς
681 4912 1028 4995 Βουλγάροις.
1059 4924 1122 4978 Οἱ
1144 4924 1201 4977 δὲ
1233 4926 1693 4997 παραγενόμενοι,
1731 4928 1916 4982 καὶτά

339 5015 528 5069 εἰκότα
562 5014 1021 5086 συλλαλήσαντες,
1053 5016 1276 5086 ἐξῆλθον
1301 5016 1417 5086 ἅμα
1461 5016 1721 5089 Στεφάνῳ
1750 5019 1916 5073 Βουλ-

337 5107 496 5180 γάρῳ
548 5106 638 5159 διὰ
667 5107 765 5177 τῆς
798 5106 988 5177 ξηρᾶς.
1025 5106 1289 5187 Ὀπισθεν
1335 5108 1393 5163 δὲ
1417 5109 1596 5164 αὐτῶν
1619 5110 1916 5166 κατέλαϐεν

341 5200 435 5252 καὶ
459 5197 732 5269 Γεώργιος
781 5200 811 5257 ό
855 5198 1317 5271 Σουρσουδούλης,
1357 5200 1453 5255 καὶ
1481 5204 1917 5272 παραγενόμενοι

338 5293 401 5347 ιν
429 5290 1002 5346 Κωνσταντινουπόλει
1029 5291 1130 5364 τήν
1169 5292 1395 5364 εἰρήνην
1421 5293 1769 5348 ἐσπείσαντο.
1791 5295 1919 5350 Θεαο

341 5382 569 5453 σάμενοι
617 5380 674 5437 δὲ
728 5382 826 5454 τὴν
887 5383 1166 5454 θυγατέρα
1208 5380 1586 5456 Χριστοφόρου
1653 5384 1919 5456 βασιλέως

340 5475 590 5546 Μαρίαν,
617 5477 714 5530 καὶ
744 5474 997 5546 μεγάλως
1022 5474 1110 5530 ἐπ’
1136 5476 1275 5546 αὐτῇ
1300 5475 1647 5542 ἀρεσθέντες,
1674 5475 1921 5549 ἔγραψαν

335 5566 417 5636 τῷ
439 5568 630 5639 Πέτρῳ
652 5568 741 5621 διά
775 5567 973 5638 τάχους
1011 5565 1440 5636 παραγενέσθαι.
1478 5566 1584 5620 Τοῦ
1608 5567 1920 5639 Βουλγάρου

335 5652 435 5711 οὖν
463 5657 672 5724 Πέτρου
698 5657 1118 5720 καταλαϐόντος.
1149 5658 1394 5731 τριήρεις
1419 5658 1448 5710 ό
1481 5657 1737 5727 βασιλεὺς
1783 5659 1916 5714 Ῥω-

2026 3296 2137 3337 rem
2183 3282 2351 3344 dedit,
2398 3281 2640 3350 principe
2691 3280 2901 3334 relicto.
2947 3278 3157 3334 Exinde
3197 3277 3604 3348 circumposita

2024 3376 2295 3446 regiones.
2319 3373 2502 3427 audita
2525 3369 2802 3427 Simeouis
2823 3379 3020 3431 morte.
3052 3370 3317 3425 adversus
3341 3369 3608 3440 Bulgaros

2022 3482 2172 3522 arma
2203 3468 2482 3535 suscipere
2499 3464 2923 3519 meditabantur.
2941 3461 3105 3517 Fame
3126 3470 3306 3517 autem
3338 3476 3447 3516 una
3473 3476 3605 3517 cum

2025 3560 2359 3613 locustarum
2388 3555 2630 3630 pernicie
2659 3554 3018 3625 Bulgarorum
3043 3562 3217 3609 terras
3250 3553 3603 3622 depascente,

2023 3650 2392 3706 Romanorum
2452 3649 2754 3703 timuerunt
2822 3647 3100 3702 incursus.
3161 3645 3356 3701 llabito
3415 3647 3608 3715 itaque

2022 3740 2253 3796 consilio
2288 3738 2445 3809 503
2476 3742 2738 3792 adversus
2764 3734 3041 3791 Romanos
3087 3736 3190 3804 ipsi
3217 3746 3521 3801 armantur,
3546 3740 3606 3788 et

2024 3846 2117 3900 per
2150 3828 2521 3883 Macedoniam
2566 3826 2855 3882 effundunt
2891 3826 3210 3879 exercitum.
3250 3825 3387 3879 Cum
3417 3824 3608 3880 audis-

2022 3928 2145 3977 sent
2170 3934 2299 3974 vero
2330 3918 2636 3973 Romanum
2656 3917 3037 3985 imperatorem
3072 3917 3260 3984 copias
3289 3915 3342 3970 in
3375 3930 3470 3969 cos
3500 3930 3603 3986 pa-

2023 4022 2254 4078 rantem,
2271 4010 2515 4076 Petrum,
2538 4021 2593 4066 et
2617 4009 2906 4081 Georgium
2937 4010 3228 4079 quemdam
3250 4008 3603 4072 monachum,

2021 4105 2346 4174 cognomine
2398 4102 2729 4175 Calocyrim,
2776 4114 2976 4173 genere
3031 4102 3328 4155 Armcnum
3376 4115 3598 4155 aurean

2024 4196 2226 4251 bullam
2287 4193 2547 4249 ferentem
2605 4193 2834 4248 latenter
2891 4191 3162 4262 detegant.
3196 4189 3366 4245 Bulla:
3430 4192 3603 4246 series

2023 4295 2179 4342 erat:
2238 4286 2502 4358 Bulgaros
2558 4300 2667 4340 non
2700 4272 2911 4354 pacem
2958 4282 3121 4338 modo
3166 4298 3292 4337 cum
3342 4281 3603 4336 ltomanis

2022 4378 2307 4449 amplecti,
2348 4376 2444 4432 sed
2495 4385 2551 4432 et
2605 4375 3010 4431 conuubiorum
3067 4375 3273 4431 fmdera
3320 4375 3599 4445 prosequi.

2028 4472 2348 4526 Monachum
2387 4468 2700 4539 hujnsmodi
2735 4483 2861 4522 cum
2898 4467 3192 4537 imperator
3221 4466 3605 4524 lubentissime

2025 4563 2374 4632 suscepisset,
2410 4561 2648 4617 celocem
2680 4560 2923 4631 expediit
2956 4560 3272 4624 confestim,
3316 4568 3370 4614 et
3406 4575 3600 4614 moria»

2017 4655 2178 4709 chum
2204 4651 2548 4707 Theodorum
2573 4651 2839 4714 Abucem,
2855 4657 2911 4703 et
2933 4648 3139 4717 regium
3167 4648 3428 4704 clericum
3449 4648 3604 4704 Rho-

2019 4744 2309 4808 donatum,
2370 4752 2437 4796 ιιι·
2483 4741 2551 4796 de
2606 4754 2739 4811 pace
2798 4754 2922 4794 cum
2978 4737 3227 4808 Bulgaria
3283 4747 3606 4807 tractarent,

2018 4832 2400 4888 Mesembriam
2432 4830 2745 4885 destinavit.
2784 4829 2864 4884 illi
2893 4827 3142 4899 profecti,
3175 4837 3230 4885 et
3258 4831 3487 4902 negotiis
3509 4846 3604 4887 ac-

2021 4924 2309 4980 commoda
2337 4923 2618 4987 collocuti,
2642 4937 2747 4975 una
2779 4938 2901 4976 cum
2929 4920 3205 4992 Stephano
3236 4922 3467 4994 Bulgaro
3507 4938 3607 4993 per

2022 5017 2394 5073 continentem
2439 5016 2543 5070 iter
2570 5026 2824 5085 egerunt.
2852 5014 3021 5071 Retro
3048 5031 3144 5071 eos
3165 5015 3437 5087 Georgius
3469 5016 3602 5070 Sur-

2022 5109 2246 5165 subules
2273 5107 2502 5178 appulit,
2541 5114 2597 5162 et
2627 5107 3157 5177 Constantinopolim
3187 5108 3368 5164 cuncti
3399 5122 3607 5173 conve-

2025 5203 2253 5266 nientes,
2268 5201 2417 5271 pacis
2434 5197 2638 5255 hedera
2667 5211 2987 5255 sanxerunt.
3012 5199 3237 5254 Mariam
3261 5212 3413 5261 vero,
3442 5195 3604 5250 Chri-

2025 5293 2268 5364 stophori
2311 5293 2653 5364 imperatoris
2708 5294 2907 5358 filiam,
2948 5290 3325 5361 contemplati,
3369 5298 3423 5345 et
3481 5288 3605 5359 ejus

2021 5401 2371 5456 summopere
2408 5384 2656 5441 delectati
2687 5393 2934 5455 aspectu,
2967 5383 3130 5437 Petro
3150 5381 3510 5452 scripserunt,
3543 5389 3604 5434 ut

2019 5480 2350 5552 quantocius
2402 5478 2707 5535 accederet.
2760 5476 2922 5532 Petro
2975 5475 3211 5546 Bulgaro
3257 5472 3603 5537 adn-triente,

2019 5572 2338 5630 conscensis
2361 5571 2680 5627 triremibus
2709 5569 2775 5624 ad
2802 5568 3133 5625 Blaclternas
3163 5568 3460 5638 imperator
3490 5563 3602 5619 Ro-

2021 5681 2218 5722 manus
2250 5681 2311 5721 se
2349 5663 2581 5721 contulit
2612 5682 2625 5720 :
2658 5662 2901 5732 viditque
2939 5660 3185 5727 Petrum,
3218 5669 3271 5717 ct
3321 5657 3609 5723 salutavit.~

1499 5748 1746 5807 FRANC.
1771 5751 2161 5816 COMBEFlSll
2206 5748 2346 5815 NOT
2368 5750 2438 5813 ιζ.

413 5839 526 5913 (50)
565 5839 685 5896 ἰ’ῶν
710 5841 1170 5927 άπήπρῤητοτέρων
1203 5841 1387 5912 αὐτοῦ,
1417 5850 1551 5900 utet
1583 5845 1695 5900 λιιι.
