3986 6232
392 324 528 397 1151

1584 324 1859 384 LEONIS
1892 320 2375 383 GRAMMATICI

3509 310 3662 385 1152

388 433 464 491 Ut
489 448 617 489 vero
645 432 713 486 de
734 431 1070 501 negotiorum
1106 428 1518 487 diﬂicultatibus
1563 441 1960 494 convenerunt.

2079 430 2236 500 μανὸς
2272 429 2464 490 ἐπιϐὰς
2510 432 2567 483 ὲν
2612 428 2945 501 Βλαχέρναις
2992 431 3347 499 παρεγένετο,
3402 432 3499 484 καὶ
3560 433 3665 485 τὸν

386 522 715 593 conscriptis
744 520 1338 590 paciscenditionibus,
1360 524 1625 592 nuptiales
1652 533 1965 580 contractus

389 620 736 684 peregerunt.
768 609 1019 665 Octobris
1044 610 1239 665 deinde
1274 614 1477 666 mensis
1499 613 1585 667 die
1612 624 1806 668 octavo
1836 632 1966 685 pro-

389 715 610 772 gressus
644 698 951 768 patriarcha
979 697 1288 768 Stephanus
1318 716 1424 754 una
1462 716 1587 755 cum
1635 699 1966 773 TheOphaue

389 790 811 861 protovestiario
860 798 916 844 et
962 789 1131 844 Maria
1179 790 1567 863 Christophori
1622 793 1968 864 imperatoris

390 880 523 947 ﬁlia,
556 887 612 935 et
648 880 904 935 universo
954 889 1145 935 senatu
1197 881 1264 936 ad
1315 883 1675 940 sanctissima:
1726 886 1968 955 Deiparae

390 972 651 1042 templum
687 970 753 1025 ad
808 969 1000 1042 Pegas,
1047 970 1268 1028 Petrum
1321 983 1376 1029 et
1418 973 1644 1030 Mariam
1692 978 1965 1048 coniugali

389 1062 770 1119 benedictione
795 1063 1023 1117 sociavit
1049 1081 1063 1117 :
1096 1077 1394 1133 mensaque
1422 1076 1741 1134 sumptuosa
1765 1079 1819 1123 et
1849 1084 1967 1124 ma-

390 1155 842 1229 gniﬁcentissima
882 1154 1169 1219 instructa,
1200 1156 1523 1226 cunctisque
1551 1158 1617 1212 ad
1646 1160 1964 1229 nuptiarum

391 1246 663 1303 solemnia
692 1246 1068 1315 spectantibus
1107 1246 1209 1300 rite
1260 1246 1648 1317 splendideque
1708 1253 1964 1320 peractis,

393 1339 757 1409 Theophanes
775 1339 1223 1408 protovestiarius
1255 1356 1361 1394 una
1380 1357 1504 1396 cum
1529 1341 1692 1397 Maria
1732 1344 1970 1415 impera-

395 1432 534 1487 toris
561 1431 671 1485 ﬁlia
699 1430 754 1484 in
791 1430 979 1485 urbem
1010 1446 1264 1487 reversus
1291 1443 1393 1488 est.
1427 1433 1519 1488 Die
1546 1448 1724 1491 autem
1753 1440 1969 1509 nuptias

392 1533 658 1593 sequente
702 1523 864 1576 tertio
916 1520 1199 1578 Romanus
1256 1524 1552 1594 imperator
1592 1529 1643 1580 in
1688 1531 1965 1594 machina,

392 1618 510 1673 sive
539 1616 784 1672 tabulato
830 1615 895 1670 ad
938 1615 1110 1687 Pegas
1150 1616 1496 1687 magniﬁcum
1530 1621 1740 1689 paravit
1777 1624 1967 1678 convi-

2069 522 2273 590 Πέτρον
2295 521 2557 573 ἐθεάσατὸ
2589 537 2648 572 τε
2678 521 2773 572 καὶ
2799 521 3212 590 κατησπάσατο.
3278 524 3436 575 Ἐπεὶ
3466 522 3524 575 δε
3561 525 3670 576 ἁλ-

2064 612 2248 683 λήλοις
2300 612 2366 665 τὰ
2396 613 2584 664 εἰκότα
2633 613 3041 682 συνωμίλησαν,
3068 616 3375 684 γράφοντες
3405 615 3477 667 τὶ
3524 616 3673 684 σύμο

2066 721 2219 773 φωνα
2240 706 2338 773 τῆς
2366 706 2612 774 εἰρήνης,
2640 707 2733 757 καὶ
2754 705 2822 757 τὰ
2845 706 3058 774 γαμικᾶ
3082 706 3431 776 ἀλλάγματα.
3461 707 3676 780 Ὀγδξῃ

2063 793 2122 845 δὲ
2149 792 2244 846 τοῦ
2287 793 2619 861 Ὀκτωῦρίου
2652 793 2879 864 ἐξῆλθεν
2926 798 2953 849 ὀ
2986 797 3333 870 πατριάρχης
3378 798 3673 867 Στέφανος

2065 883 2181 954 ἅμα
2227 885 2490 953 Θεοφάνει
2538 887 3024 958 πρωτοὸεστιαρίῳ
3062 891 3159 941 καὶ
3217 890 3410 960 Μαρίᾳ
3456 891 3525 959 τῇ
3563 888 3671 943 τοῦ

2068 973 2334 1046 βασιλέως
2362 977 2739 1047 Χριστοφόρου
2774 978 3009 1049 θυγατρὶ
3054 982 3148 1032 καὶ
3200 980 3356 1048 πάσῃ
3416 982 3489 1050 τῇ
3528 992 3675 1046 συγ-

2066 1064 2250 1135 κλήτῳ
2282 1067 2362 1128 είς
2412 1066 2506 1119 τὸν
2552 1067 2682 1119 ναὸν
2715 1068 2815 1137 τῆς
2875 1069 3185 1139 ὑπεραγίας
3237 1068 3507 1122 Θεοτὸκου
3557 1068 3675 1136 τῆς

2068 1159 2281 1229 Πηγῆς,
2321 1160 2415 1212 καὶ
2445 1160 2739 1228 εὐλόγησεν
2774 1159 2979 1230 Πέτρον
3015 1177 3075 1212 τε
3108 1163 3205 1213 καὶ
3236 1161 3674 1229 Μαρίαν.Λαμ-

2068 1255 2213 1322 πρᾶς
2239 1252 2294 1306 δὲ
2353 1252 2447 1306 καὶ
2495 1253 2822 1316 πολυτελοῦς
2872 1255 3178 1322 γενομένης
3221 1254 3528 1325 τραπέζης,
3565 1253 3674 1304 καὶ

2069 1345 2287 1397 πάντων
2309 1344 2419 1397 τῶν
2450 1343 2775 1412 εἰθισμένων
2805 1348 2920 1408 τοῖς
2948 1346 3151 1414 γάμοις
3183 1346 3428 1414 φαιδρῶς
3464 1348 3670 1397 ἔπιτε-

2066 1434 2389 1501 λεσθέντων,
2415 1435 2663 1505 εἰσῆλθεν
2691 1436 2973 1504 Θεοφάνης
3006 1436 3510 1507 πρωτοϐεστιάριος
3538 1438 3668 1505 ἅμα

2070 1526 2263 1597 Μαρίᾳ
2287 1527 2352 1596 τῇ
2382 1526 2614 1598 θυγατρὶ
2638 1527 2731 1580 τοῦ
2762 1527 3030 1598 βασιλέως
3075 1530 3134 1580 ἐν
3160 1531 3224 1599 τῇ
3277 1529 3431 1581 πόλει
3451 1546 3466 1559 ·
3504 1531 3575 1598 τῇ
3605 1528 3667 1581 δὲ

2069 1619 2232 1691 τρίτῃ
2286 1618 2381 1672 τοῦ
2409 1620 2590 1688 γάμου
2629 1619 2813 1691 ἡμέρᾳ
2862 1619 3125 1689 ἐποίησεν
3160 1621 3189 1672 6
3219 1618 3480 1688 βασιλεὺς
3522 1619 3670 1672 Ῥω-

390 1706 568 1764 vium.
614 1706 730 1763 Non
772 1708 997 1763 minima
1032 1724 1196 1779 porro
1241 1714 1591 1767 contentione
1640 1729 1668 1767 τι
1719 1714 1968 1787 Bulgaris

2079 1712 2242 1779 μανὸς
2264 1711 2498 1780 εὐωχίαν
2518 1711 2783 1780 λαμπρὰν
2809 1712 2866 1763 ὲν
2892 1713 2958 1782 τῇ
2985 1712 3093 1762 τῶν
3116 1709 3318 1780 Πηγῶν
3340 1709 3669 1780 ἀποϐάθρᾳ.

391 1802 653 1867 excitata,
686 1808 746 1854 ut
776 1800 927 1869 prius
955 1799 1406 1871 Christophorus,
1428 1803 1623 1859 deinde
1653 1780 1969 1862 Constanti-

2079 1800 2192 1854 Τῶν
2219 1801 2274 1854 δὲ
2316 1801 2640 1871 Βουλγάρων
2664 1802 2914 1855 ἔνστασιν
2935 1780 2995 1854 οὐ
3032 1804 3238 1872 μικρὰν
3265 1803 3671 1870 ποιησαμένων

392 1907 500 1948 nus
567 1892 1019 1947 acclamationum
1074 1893 1328 1962 precibus
1397 1895 1770 1963 exciperetur,
1822 1900 1968 1955 votis

392 1997 581 2040 eorum
617 1983 945 2053 imperatore
988 1983 1270 2050 obsecuto,
1296 1986 1440 2055 quod
1472 1987 1726 2054 petebant
1761 1990 1969 2059 praesti-

395 2084 510 2131 tum
541 2083 642 2130 est.
665 2072 990 2144 Nuptiarum
1035 2087 1216 2130 autem
1246 2077 1559 2134 celebritate
1589 2089 1831 2148 peracta,
1859 2080 1970 2136 Ma-

284 2178 289 2185 ’
392 2167 586 2235 risque
614 2166 667 2221 in
698 2166 1006 2237 Bulgariam
1040 2167 1142 2222 iter
1196 2182 1481 2238 capessere
1507 2169 1728 2239 jamjam
1760 2182 1966 2241 parata.

395 2255 735 2312 Hebdomqu
771 2271 947 2326 usque
977 2264 1234 2325 parentes
1266 2272 1383 2311 eam
1417 2259 1662 2313 comitati
1694 2262 1970 2330 prosecuti

395 2359 546 2416 sunt,
583 2350 656 2405 ibi
694 2352 749 2406 in
789 2365 908 2406 eam
943 2349 1283 2416 circumfusi,
1311 2357 1366 2405 et
1415 2351 1565 2422 largo
1605 2351 1969 2422 lacrymarum

395 2441 658 2511 impluvio
684 2441 907 2506 madidi,
957 2449 1017 2495 ut
1050 2440 1372 2495 dilectorum
1410 2441 1830 2510 pra:cordiorum
1869 2461 1969 2499 usu

395 2530 548 2585 orbis
598 2531 915 2599 contingere
957 2529 1116 2593 solet,
1179 2529 1615 2585 tristabanturz‘
1648 2531 1974 2602 tandemque

396 2633 678 2689 generum,
714 2619 821 2674 lilia
860 2619 981 2688 ejus
1031 2619 1286 2689 potestati
1327 2621 1523 2687 tradita
1556 2622 1875 2685 deosculati.
1919 2625 1972 2678 in

396 2710 603 2780 regiam
648 2710 848 2765 reversi
884 2717 1034 2767 sunt.
1070 2709 1164 2764 Sic
1204 2710 1368 2765 Maria
1408 2710 1760 2783 Bulgarorum
1794 2715 1976 2769 mani-

398 2800 503 2857 bus
533 2800 726 2855 tradita
754 2799 808 2853 in
839 2799 1145 2872 Bulgariam
1171 2799 1412 2871 profecta
1442 2810 1549 2857 est.

469 2978 814 3049 Eoetempore
849 2978 1006 3048 legati
1027 2977 1190 3050 504
1213 2979 1364 3048 pacis
1389 2978 1589 3035 foedera
1620 2982 1977 3052 composituri

396 3082 431 3123 c
459 3068 696 3124 Melitine
734 3070 803 3124 ad
843 3070 1225 3140 imperatorem
1261 3069 1568 3126 Romanum
1604 3086 1971 3132 accesserunt.

398 3158 514 3212 Non
537 3159 631 3214 diu
648 3170 772 3231 post
794 3163 1045 3231 Apoc’aps
1069 3163 1232 3216 Amer
1252 3177 1421 3231 nepos
1433 3161 1700 3220 Melitines
1727 3167 1972 3232 Ameras,

399 3258 454 3304 et
488 3250 782 3319 Apolasath
823 3252 931 3305 dux
969 3250 1347 3307 nobilissimus
1375 3265 1430 3307 et
1470 3255 1777 3310 ditissimus
1821 3255 1974 3310 Meli-

400 3342 529 3395 tinaa
577 3341 816 3395 advenit.
867 3341 958 3395 Isti
1012 3344 1270 3411 congruis
1315 3345 1615 3398 honoribus
1660 3362 1691 3399 a
1728 3345 1976 3402 Romano

398 3428 648 3499 excepti,
692 3430 843 3499 pacis
884 3430 1291 3488 conditionibus
1340 3433 1588 3499 ﬁrmatis,
1635 3435 1691 3489 in
1744 3438 1974 3506 patriam

401 3520 605 3576 reversi
629 3529 779 3576 sunt.
801 3523 1054 3592 Apecaps
1076 3533 1256 3579 autem
1285 3524 1403 3579 viro
1424 3527 1691 3596 prudente
1717 3537 1773 3584 et
1794 3531 1975 3600 sagaci

401 3611 539 3667 vivis
573 3622 780 3683 erepto,
811 3629 998 3684 pacem
1042 3616 1306 3672 continuo
1336 3618 1727 3675 dissolverant.
1775 3623 1836 3676 lu
1881 3638 1978 3679 eos

401 3712 584 3759 autem
633 3705 947 3774 irrumpunt
1001 3708 1313 3762 scholarum
1366 3708 1700 3767 domesticus
1741 3712 1979 3770 Joannes

400 3795 667 3862 Curcuas,
693 3813 799 3851 una
827 3813 951 3852 rum
980 3798 1306 3871 legionibus,
1334 3810 1388 3855 et
1416 3800 1601 3858 Melias
1627 3818 1752 3858 cum
1779 3804 1979 3875 adjun-

401 3890 506 3945 ctis
548 3890 653 3945 sibi
691 3892 942 3947 armenis
973 3909 987 3947 :
1027 3904 1082 3948 et
1111 3894 1178 3948 ad
1220 3909 1314 3950 eas
1348 3896 1633 3965 angustias
1682 3896 1976 3954 Melitinem

402 3983 652 4051 adigunt,
688 3994 748 4038 ut
784 4000 903 4040 eam
935 4000 968 4040 e
1011 3986 1238 4056 vestigio
1274 3996 1508 4052 vastent,
1543 3998 1595 4043 et
1631 3988 1878 4046 funditus
1912 3991 1979 4045 ad

404 4074 578 4129 solum
596 4085 865 4129 evertant.
885 4076 1175 4131 Mclitinem
1203 4078 1367 4147 igitur
1386 4078 1441 4132 in
1471 4080 1800 4134 curatoriam
1822 4081 1979 4136 insti-

406 4164 512 4219 tuit
563 4166 879 4236 imperator,
927 4168 1178 4238 plurimis
1223 4171 1336 4224 auri
1384 4181 1437 4226 et
1486 4172 1697 4238 argenti
1738 4173 1980 4230 millibus

405 4259 687 4312 annuatim
709 4259 1024 4329 colligendis
1042 4260 1215 4314 cidem
1242 4261 1528 4330 impositis.
1560 4260 1779 4320 Nicetas
1797 4273 1978 4321 autem

408 4350 669 4420 magister
693 4361 749 4405 et
768 4351 1149 4421 Christophori
1180 4351 1527 4422 imperatoris
1553 4368 1710 4410 socer
1738 4356 1896 4426 quasi
1925 4358 1981 4412 in

2070 1890 2334 1961 πρότερον
2364 1891 2735 1959 εὐφημείσθαι
2756 1892 3152 1961 Χριστοφόρον,
3187 1888 3287 1944 εἶθ’
3318 1892 3463 1944 οὕτω
3499 1893 3670 1944 Κων-

2072 1981 2371 2043 σταντῐνον,
2395 1978 2616 2045 ὑπεῖξεν
2643 1981 2709 2049 τῇ
2745 1978 2999 2031 ἐνστάσει
3041 1980 3069 2032 6
3098 1977 3377 2048 βασιλεὺς,
3430 1976 3527 2028 καὶ
3559 1976 3669 2044 γέ-

2071 2085 2231 2137 γονεν
2254 2070 2393 2141 ὅπερ
2424 2070 2719 2139 ᾐτήσαντο.
2766 2068 2986 2139 Ἐπειδὴ
3015 2067 3072 2120 δὲ
3105 2068 3288 2121 πάντα
3322 2069 3381 2119 ὲν
3408 2069 3524 2128 τοῖς
3556 2066 3671 2134 τά·

2075 2177 2197 2229 μοις
2228 2161 2714 2231 συνετελέσθησαν,
2745 2160 2839 2214 καὶ
2867 2159 3064 2231 ἔμελλε
3119 2160 3309 2225 Μαρία
3361 2160 3464 2230 τὴν
3516 2158 3669 2229 πρὸς

2073 2252 2410 2321 Βουλγαρίαν
2438 2252 2556 2306 ὁδὸν
2578 2251 2806 2316 ὁδεύειν,
2838 2253 2886 2305 oi
2916 2250 3126 2321 ταύτης
3156 2254 3340 2319 γονεῖς
3372 2249 3535 2321 μέχρι
3556 2248 3666 2303 τοῦ

2084 2342 2346 2414 Ἐὁδόμου
2375 2342 2699 2414 συνεξῆλθον
2733 2344 2896 2415 αὐτῇ,
2945 2341 3354 2413 περιχυθέντων
3382 2345 3449 2412 τῇ
3487 2342 3667 2410 θυγαο

2072 2436 2185 2505 τρὶ,
2213 2434 2305 2488 καὶ
2365 2433 2536 2487 πολλὰ
2585 2434 2854 2503 κατέχεαν
2889 2433 2961 2486 τὰ
2986 2433 3225 2504 δάκρυα,
3256 2434 3353 2486 καὶ
3383 2433 3461 2495 ὡς
3510 2435 3668 2503 εἰκὸς

2074 2526 2166 2579 ἐπὶ
2189 2526 2443 2596 στερήσει
2472 2524 2782 2595 σπλάγχνου
2802 2523 3013 2594 πεποθη
3024 2524 3189 2595 μένου
3211 2526 3305 2578 τόν
3326 2543 3385 2578 τε
3405 2524 3666 2593 γαμσρόν

2074 2620 2473 2688 ἀσπασᾶμενοι,
2500 2618 2593 2672 καὶ
2620 2617 2828 2686 ταύτην
2860 2621 2983 2681 ταῖς
3011 2620 3204 2670 τούτου
3250 2618 3411 2689 χερσὶ
3436 2616 3666 2686 περιθὲ⁸

2079 2726 2231 2780 μενοι
2261 2710 2318 2763 ὲν
2348 2712 2458 2772 τοῖς
2481 2708 2775 2780 βασιλείοις
2803 2708 3174 2779 ὑπέστρεψαν.
3200 2709 3392 2777 Μαρία
3416 2708 3472 2761 δὲ
3495 2708 3664 2761 Boui-

2076 2802 2332 2872 γαρικαϊς
2386 2800 2758 2873 παραδοθεῖσα
2797 2794 2987 2872 χέρσὶν
3044 2799 3144 2873 τὴν
3171 2801 3267 2854 ἐπὶ
3317 2799 3665 2870 Βουλγαρίαν

2077 2891 2263 2963 ἀπῄει.

2150 2985 2283 3038 Τότε
2320 2985 2380 3039 δὲ
2426 2984 2684 3057 πρέσϐεις
2714 2984 2849 3055 πρὸς
2881 2985 2973 3040 τὸν
3013 2983 3241 3055 βασιλέα
3279 2983 3567 3054 Ῥωμανδν
3597 2985 3667 3037 ὲιι

2081 3076 2371 3146 Μελιτινῆς
2404 3078 2766 3148 παρεγένοντο
2812 3076 3096 3146 εἰρηνικὰς
3142 3075 3376 3139 σπονδὰς
3410 3079 3663 3146 ποιῆσαι.

2075 3166 2210 3219 Μετ’
2242 3166 2303 3218 οὐ
2328 3166 2462 3218 πολὺ
2499 3166 2747 3236 Ἀπόκαψ
2770 3167 2800 3219 6
2822 3167 2915 3220 τοῦ
2959 3167 3129 3236 Ἀμὲρ
3179 3166 3402 3234 ἔκγονος
3437 3167 3665 3235 ἁμηρᾶς

2074 3258 2173 3322 τῆς
2195 3258 2509 3329 Μελιτινῆς,
2540 3259 2634 3312 καὶ
2664 3258 2975 3312 Ἀπολασὰθ
3008 3259 3124 3328 (51)
3156 3260 3467 3331 στρατηγὸς
3500 3260 3665 3328 εὖγε-

2075 3349 2331 3412 νέστατος
2359 3350 2451 3402 καὶ
2474 3349 2733 3414 πλούσιος
2760 3348 2837 3404 ὢν
2867 3352 2932 3404 ὲκ
2958 3350 3257 3419 Μελιτινῆς
3301 3350 3663 3422 παρεγένετο.

2089 3443 2506 3513 Ἀποδεχθέντες
2556 3441 2649 3498 οὖν
2706 3445 2844 3516 μετὰ
2902 3443 3004 3515 τῆς
3060 3443 3449 3515 προσηκούσης
3495 3444 3665 3514 τιμῆς

2076 3534 2229 3606 παρὰ
2268 3534 2572 3606 ἰ’ωμανοῦ,
2599 3536 2694 3589 καὶ
2749 3535 3016 3606 σύμφωνα
3047 3536 3271 3606 εἰρήνης
3306 3537 3663 3605 ποιήσαντες,

2077 3626 2427 3698 ὑπέστρεψαν
2481 3629 2619 3701 πρὸς
2667 3629 2738 3682 τὰ
2786 3629 2915 3682 ἴδια.
2955 3628 3393 3697 Τελευτήσαντος
3444 3626 3506 3681 δὲ
3570 3627 3664 3680 τοῦ

2089 3719 2338 3790 ’Δπόκαψ
2364 3719 2557 3791 ἀνδρὸς
2579 3720 2847 3792 φρονίμου
2877 3719 2974 3772 καὶ
3000 3719 3246 3782 συνετοῦ,
3291 3718 3551 3772 διέλυσαν
3567 3718 3666 3787 τήν

2077 3812 2320 3884 εἰρήνην.
2362 3811 2820 3883 Ἐκστρατεύουσι
2850 3812 2907 3865 δὲ
2933 3813 3054 3865 κατ’
3101 3811 3280 3865 αὐτῶν
3302 3852 3318 3874 ,
3359 3812 3387 3863 ὅ
3412 3827 3474 3863 τε
3503 3811 3667 3880 δομέ-

2081 3920 2266 3966 στικος
2282 3903 2394 3956 τῶν
2427 3902 2637 3974 σχολῶν
2671 3902 2928 3971 Ἰωάννης
2961 3903 2990 3955 6
3031 3900 3356 3972 Κουρκούας
3387 3901 3530 3971 μετὰ
3576 3903 3668 3953 καὶ

2080 3995 2189 4048 τῶν
2231 3994 2506 4065 θεμάτων,
2558 3994 2652 4047 καὶ
2687 3996 2716 4047 6
2769 3994 2976 4056 Μελίας
3010 3993 3149 4063 μετὰ
3173 3992 3284 4044 τῶν
3320 3992 3664 4062 Ἀρμενίων

2079 4084 2174 4136 καὶ
2203 4085 2284 4146 εἰς
2312 4082 2584 4153 τοσαύτην
2616 4082 2875 4135 στένωσιν
2900 4084 3000 4152 τὴν
3029 4082 3327 4152 Μελιτινὴν
3369 4082 3668 4153 περιέστη-

2081 4190 2202 4238 σαν,
2257 4173 2400 4227 ὥστε
2431 4176 2602 4243 αὐτὴν
2653 4172 3051 4243 συντομώτατα
3100 4173 3542 4243 έκπορθηθῆναι,
3572 4173 3667 4224 καὶ

2079 4268 2167 4320 ἐπ’
2198 4267 2430 4336 ἐδάφους
2468 4266 2866 4337 καταστρέψαι.
2895 4264 3114 4335 Ταύτην
3142 4261 3235 4343 ούν
3266 4265 3568 4336 Μελιτινὴν
3587 4266 3669 4327 είς

2083 4361 2463 4431 κουρατωρίαν
2495 4360 2957 4429 ἀποκαταστήσας
2980 4361 3008 4412 6
3035 4357 3311 4429 βασιλεὺς,
3348 4357 3553 4420 πολλὰς
3581 4375 3668 4425 χι-

406 4449 612 4508 patrem
649 4441 967 4511 insurgendi
1003 4442 1292 4497 consilium
1324 4443 1581 4510 dedisset,
1612 4453 1667 4499 et
1707 4460 1831 4502 eum
1877 4448 1972 4502 im-

2083 4452 2269 4516 λιάόας
2294 4453 2522 4525 χρυσίου
2551 4455 2646 4507 καὶ
2668 4450 2935 4526 ἀργυρίου
2967 4451 3177 4504 ἐκεῖθεν
3204 4448 3666 4519 δεσμοφορεῑσθαι

406 4530 556 4598 pario
605 4532 840 4602 dejicere
899 4533 1292 4598 consuluisset,
1340 4545 1635 4591 accusatus
1676 4546 1782 4592 est.
1839 4536 1975 4593 Eum

406 4634 690 4695 propterea
723 4626 856 4682 urbe
888 4627 1105 4696 pulsum
1153 4626 1522 4682 detonderunt
1558 4630 1908 4686 monachum.

2086 4545 2321 4616 ὲτησίως
2364 4546 2686 4615 πεποίηκεν.
2737 4544 3108 4614 Κατηγορήθη
3137 4543 3195 4596 δὲ
3229 4544 3477 4612 Νικήτας
3504 4542 3534 4594 6
3566 4542 3668 4610 μά-

2090 4653 2311 4708 γιστρος
2343 4640 2439 4692 καὶ
2491 4638 2755 4708 πενθερὸς
2806 4636 3187 4708 Χριστορόρου
3239 4634 3531 4704 βασιλέως,
3594 4631 3670 4693 ὡς

407 4719 799 4789 ὑποτιθέμενος
827 4720 975 4791 αὐτῷ
1005 4721 1144 4773 κατὰ
1166 4721 1262 4774 τοῦ
1301 4720 1431 4775 ἰδίου
1461 4721 1713 4789 γενέσθαι
1745 4726 1973 4796 πατρὸς,
2018 4730 2113 4783 καὶ
2147 4730 2249 4802 τῆς
2271 4730 2549 4802 βασιλείας
2575 4730 2735 4785 αὐτὸν
2758 4727 3007 4795 ὲξεῶσαι.
3043 4726 3245 4781 Τοῦτον
3311 4725 3406 4781 οὖν
3474 4725 3671 4794 ἐξαγα-

407 4810 600 4880 γόντες
625 4812 728 4881 τῆς
759 4812 967 4876 πόλεως
989 4813 1294 4885 ἁπέκειραν
1323 4815 1581 4885 μοναχόν.

481 4928 681 4983 Mensis
708 4940 887 4984 autem
909 4927 1035 4984 Julii
1072 4930 1161 4986 die
1191 4930 1405 4986 decimo
1435 4941 1652 4998 octavo,
1684 4930 1985 4989 indictione

410 5030 583 5087 sexta,
607 5018 917 5089 Stephanus
940 5021 1248 5090 patriarcha
1271 5023 1539 5078 moritur:
1564 5032 1677 5078 tum
1702 5023 1984 5078 Decembri

412 5126 601 5167 mense
632 5110 978 5182 Tryphonem
1007 5114 1359 5178 monachum,
1393 5114 1609 5184 pietatis
1635 5125 1690 5170 et
1727 5114 1986 5169 sanctita-

413 5206 484 5261 tis
529 5203 842 5261 testimonio
872 5203 1165 5274 insignem,
1184 5206 1440 5260 ordinant
1467 5207 1857 5277 patriarcham,
1884 5209 1986 5262 do-

417 5314 518 5355 ncc
544 5298 722 5354 artatis
761 5308 960 5353 metam
993 5297 1339 5368 imperatoris
1366 5296 1596 5355 Romani
1633 5300 1776 5355 ﬁlius
1803 5298 1983 5355 Theo-

416 5393 721 5466 phyiactus,
740 5408 901 5466 quem
916 5386 1416 5462 Constantinopolis
1438 5392 1773 5463 patriaeham
1799 5408 1987 5447 creare

2155 4933 2301 5006 Μηνὶ
2326 4933 2385 4986 δὲ
2424 4930 2628 5002 Ἰουλίῳ
2655 4930 2819 5004 ὀγδόῃ
2853 4930 2947 4983 καὶ
2971 4927 3175 5000 δεκάτῃ
3219 4927 3555 4993 ἰνδικτιῶνος
3581 4932 3675 4985 ἐκ-

2081 5043 2179 5095 της
2212 5024 2439 5095 τελευτᾷ
2478 5023 2746 5090 Στέφανος
2791 5021 3133 5091 πατριάρχης
3160 5036 3174 5050 '
3230 5022 3565 5095 Δεκεμϐρίῳ
3617 5023 3672 5077 δὲ

2085 5115 2215 5185 μηνὶ
2265 5113 2458 5181 ἄγουσι
2514 5110 2787 5181 Τρύφωνα
2854 5110 3089 5179 μοναχὸν
3122 5109 3210 5162 ἐπ’
3263 5110 3527 5183 εὐλαϐείᾳ
3578 5113 3669 5166 καὶ

2085 5205 2336 5276 ἁγιότητι
2362 5200 2832 5275 μαρτυρούμενον.
2864 5200 2958 5254 καὶ⁸
3000 5200 3370 5272 χειροτονοῦσι
3392 5205 3664 5274 πατριάρ-

2092 5314 2215 5366 χην,
2250 5294 2440 5366 μέχρις
2498 5295 2563 5348 ἂν
2592 5294 2672 5357 εἰς
2719 5293 2917 5363 μέτρον
2952 5294 3169 5363 ἡλικίας
3205 5292 3387 5365 φθάσῃ
3408 5295 3439 5346 6
3466 5295 3671 5362 950;;3.

2092 5388 2308 5453 λακτος,
2340 5390 2369 5441 6
2409 5386 2689 5458 Ῥωμανοῦ
2730 5387 2824 5440 τοῦ
2867 5385 3134 5458 βασιλέως
3161 5386 3300 5453 υίὸς,
3353 5385 3414 5439 ὃν
3445 5386 3669 5458 ἔμελλον

1608 5555 1859 5612 FBAHC.
1884 5544 2272 5611 COMBEFISII
2301 5552 2535 5608 NOT/E.

492 5672 602 5743 (iiii
643 5672 941 5743 Anonym"
988 5674 1314 5729 Ἀποσαλὰθ.
1354 5672 1616 5734 Cedren.,
1650 5669 1981 5743 ’Δποσ6).ἀθ,

421 5739 568 5813 quod
601 5739 1257 5800 aliinius'tjontinuatori.
1290 5760 1465 5812 equo
1512 5757 1578 5798 eo
1604 5743 1871 5810 tantiSper
1896 5742 1993 5797 de-

2097 5668 2521 5741 pravatum._Ex
2547 5684 2611 5741 co
2642 5671 2823 5723 statim
2856 5671 3036 5741 suppl.
3088 5680 3208 5741 post
3258 5686 3443 5729 vocem
3502 5670 3645 5738 εξρξ.

2105 5739 2219 5810 νην,
2254 5743 2301 5794 οἱ
2334 5739 2624 5809 Μελιτινην
2653 5740 3051 5806 κατοικοῦντες.
