3986 6232
326 290 459 358 1161

1616 287 1713 349 CH
1726 285 2289 349 RONOGRAPHIA.

3447 287 3584 358 1162

323 405 454 471 μιᾶς
479 402 838 476 προελθόντες
867 401 1308 473 γαστρὸς.ἆρτιοι
1333 402 1432 472 μὲν
1457 401 1634 455 πάντα
1657 400 1727 454 τά
1762 398 1898 470 μέλη

2016 409 2191 454 ventre
2214 399 2507 471 progressi,
2535 409 2590 455 et
2619 400 2685 455 ad
2716 399 2946 458 invicem
2979 401 3354 479 complantati,
3383 419 3414 459 a
3446 420 3583 461 ven-

322 499 418 552 τοῦ
455 499 732 569 σώματος,
767 496 875 550 ἀπὸ
901 496 960 550 δὲ
990 495 1084 549 τοῦ
1116 495 1385 566 στόματος
1411 495 1510 562 τῆς
1544 492 1782 564 γαστρὸς
1806 492 1902 545 καὶ

328 592 495 662 μέχρι
526 590 636 644 τῶν
658 589 764 645 ὑπὸ
783 588 1025 660 γαστέρα
1053 586 1494 659 συμπεφυκότες,
1527 586 1624 639 κα)⁸
1650 584 1902 655 ἀλλήλοις

325 683 667 754 ὑπάρχοντες
693 680 1125 751 ἀντιπρόσωποι,
1153 679 1203 732 οἳ
1228 679 1321 732 ἐπὶ
1356 678 1605 732 πλεῖστον
1629 679 1698 747 τῇ
1749 674 1902 728 πόλει

327 772 788 845 ἐνδιατρίψαντες,
823 773 917 827 καὶ
969 772 1073 825 ὑπὸ
1104 771 1324 825 πάντων
1363 769 1439 833 ὡς
1474 767 1711 836 ἐξαίσιόν
1741 785 1795 820 τι
1816 766 1905 819 τὲ-

325 885 425 938 ρας
477 864 769 937 ὁρώμενοι,
815 865 915 935 τῆς
957 864 1166 927 πόλεως
1202 864 1278 927 ὡς
1318 863 1554 933 πονηρός
1604 879 1690 926 τις
1711 860 1902 925 οἰωνὸς

322 958 688 1029 ἐξηλάθησαν.
739 956 862 1010 Ἐπὶ
918 956 977 1011 δὲ
1006 957 1105 1026 τῆς
1137 956 1572 1027 μονοκρατορίας
1623 952 1903 1025 βασιλείας

325 1042 744 1105 Κωνσταντίνου
790 1049 951 1103 πάλιν
978 1049 1324 1121 είσήλθοσαν.
1377 1047 1530 1102 Ἐπεὶ
1563 1047 1620 1110 δὲ
1651 1049 1680 1101 6
1714 1047 1901 1117 ἕτερος

324 1142 504 1194 αὐτῶν
533 1141 896 1214 [ἐ]τὲθνηκεν,
931 1142 1264 1212 ἰατροίτινες
1300 1142 1556 1212 ἔμπειροι
1597 1140 1660 1193 τὸ
1705 1155 1904 1209 συγκε-

327 1234 659 1305 κολλημένον
720 1234 884 1304 μέρος
910 1234 1158 1305 διέτεμον
1187 1234 1424 1303 εὐφυῶς,
1479 1232 1655 1287 ἐλπίδι
1695 1233 1902 1284 τούτων

327 1327 515 1398 ἕτερον
549 1326 838 1396 ζήσεσθαι·
870 1326 928 1389 ὃς
954 1330 1103 1397 τρεῖς
1145 1327 1359 1396 ήμέρας
1407 1325 1651 1387 ἐπιϐιοὺς
1684 1323 1903 1377 ἐτελεύ-

325 1438 510 1491 τησεν.
535 1421 643 1472 Kal.
676 1422 734 1473 ἐν
765 1419 899 1472 πᾶσι
926 1419 1043 1490 μὲν,
1093 1418 1169 1481 ὡς
1211 1418 1472 1490 ἀνωτέρω
1527 1419 1767 1488 είρηται,
1807 1433 1904 1487 μο-

327 1517 511 1584 ναχοῖς
544 1513 728 1583 πίστιν
755 1513 1021 1584 ὲκίκτητο
1069 1515 1098 1567 6
1133 1513 1404 1583 βασιλεὺς,
1431 1512 1801 1582 διαφερόντως
1836 1511 1914 1588 ,δὲ⁴

327 1607 492 1676 ἐτίμα
535 1605 632 1659 καὶ
687 1606 1022 1678 ὑπερέσεσεν
1076 1606 1303 1676 Σέργιον
1341 1606 1436 1659 τὸν
1488 1607 1546 1658 ἐν
1609 1605 1903 1675 μονασταῖς

325 1699 722 1768 διαλάμποντα,
747 1697 806 1761 ὃς
837 1697 1063 1767 ἀδελφὸς
1096 1697 1195 1768 μὲν
1218 1696 1313 1751 τοῦ
1351 1697 1656 1769 μαγίστρου
1695 1695 1903 1766 ἐπεφύ-

325 1810 412 1846 κει
445 1765 666 1862 Κτοσμᾶ,
704 1791 922 1862 ἀνεψιὸς
938 1765 995 1845 δὲ
1022 1765 1116 1844 τού
1145 1765 1484 1863 πατριάρχου
1510 1765 1714 1845 Φωτίου
1739 1765 1900 1857 ἐτύγ-
1934 1765 1979 1822 Β

322 1900 518 1956 χανεν·
553 1883 612 1938 δν
656 1884 819 1938 πλέον
859 1885 956 1953 τῆς
1016 1883 1291 1955 σαρκικῆς
1345 1883 1627 1951 εὐγένειας
1671 1885 1705 1954 ἡ
1759 1882 1903 1936 κατᾶ

321 1977 503 2048 ψυχὴν
550 1975 713 2046 ἐτίμα
743 1975 1018 2043 ¹εὐγενεία.
1046 1974 1249 2029 Τοῦτον
1277 1975 1334 2028 δὲ
1360 1975 1450 2028 τὸν
1479 1975 1728 2044 ἀοίδιμον
1755 1973 1903 2029 ἀδια-

323 2068 561 2132 λείπτως
593 2068 712 2137 μεθ’
741 2068 935 2123 ἑαυτοῦ
967 2064 1110 2137 εἶχεν
1132 2068 1160 2119 6
1193 2064 1469 2137 βασιλεὺς,
1508 2066 1709 2119 κανόνα
1735 2066 1904 2128 ὅντως

324 2159 422 2213 καὶ
458 2157 704 2228 στάθμην
733 2156 824 2210 τὸν
845 2155 1010 2210 αὑτοῦ
1033 2155 1147 2225 βίον
1174 2155 1263 2209 ἀεὶ
1295 2154 1650 2228 ρυθμίζονταο
1685 2155 1744 2218 ὃς
1771 2153 1902 2210 πολ-

326 2250 396 2306 λὰ
427 2249 662 2321 παρῄνει
707 2248 790 2320 τῷ
829 2249 1041 2319 βασιλεί
1081 2248 1190 2302 τῶν
1241 2249 1452 2303 παίδων
1498 2247 1901 2319 ἐπιμελεῖσθαι,

326 2347 422 2400 καὶ
457 2345 530 2417 μὴ
565 2342 922 2405 ἀπαιδεύτους
966 2343 1061 2413 ὲᾷν
1111 2341 1191 2405 είς
1230 2341 1498 2414 πονηρίαν
1529 2339 1902 2410 ἐγκλίνοντας,

335 2437 412 2507 μή
441 2452 572 2488 ποτε
611 2433 708 2487 καὶ
757 2431 920 2496 αὐτὸς
974 2431 1138 2486 πάθοι
1192 2431 1255 2485 τὸ
1306 2431 1403 2484 τοῦ
1440 2430 1611 2484 Ἠλεί.
1656 2429 1810 2481 Ἐπεὶ
1850 2429 1906 2482 δὲ

325 2527 420 2586 τοῦ
445 2525 710 2580 παλατίου
734 2523 924 2578 τοῦτον
958 2525 1007 2577 oi
1039 2522 1228 2587 παῖδες
1251 2523 1589 2593 κατήγαγον,
1620 2522 1716 2576 καὶ
1754 2523 1812 2577 ὲν
1836 2523 1904 2593 τῇ

328 2619 530 2693 Πρώτῃ
574 2620 722 2688 νήσῳ
749 2616 1038 2685 ἐξώρισαν,
1074 2615 1237 2670 πάλιν
1268 2613 1456 2668 τοῦτον
1482 2610 1596 2686 εἶχε
1619 2614 1728 2668 τῶν
1769 2631 1906 2684 συμ-

329 2712 514 2782 φορῶν
554 2707 922 2780 παραμύθιον,
961 2709 1056 2761 καὶ
1110 2705 1221 2761 τῶν
1271 2704 1504 2774 θλίψεων
1557 2703 1906 2761 ἀκεσώδυνον

330 2806 642 2876 φάρμακον,
693 2796 739 2871 ᾧ
773 2801 938 2872 συνῆν
975 2799 1096 2854 τότε
1147 2798 1242 2852 καὶ
1276 2797 1621 2861 Πολύευκτος
1676 2796 1906 2869 μοναχδς

329 2896 743 2959 εὐλαϐέστατος,
767 2895 863 2948 καὶ
884 2892 1046 2957 αὐτὸς
1067 2891 1135 2945 τά
1166 2891 1353 2945 εἰκότα
1381 2889 1904 2962 παραμυθούμενοςρ

328 2988 389 3054 ὃς
417 2987 512 3042 τοῦ
562 2986 905 3058 πατριάρχου
934 2982 1320 3053 Θεοφυλάκτου
1344 2981 1772 3052 τελευτήσαντος
1798 2997 1908 3035 πα-

328 3081 596 3154 τριάρχης
627 3078 732 3132 ὑπὸ
756 3075 851 3136 τοῦ
876 3073 1142 3146 βασιλέως
1175 3072 1594 3128 Κωνσταντίνου
1629 3069 1907 3142 προχειρί-

329 3124 1291 3240 ξξιξξῖῗ’ίῖιτξέί’δὲ’ᾆοῖᾇᾷέξὲᾎὶπᾷέξ
1313 3124 1505 3227 δ’θεδς
1530 3124 1778 3234 βούλὲταῖ
1809 3124 1915 3213 ἑώ-
1941 3124 1987 3185 ο

328 3265 446 3333 ζειν
493 3264 586 3318 τὸν
631 3262 944 3334 ἄνθρωπον,
988 3255 1372 3329 συνεχώρησεν
1417 3254 1516 3310 καὶ
1565 3253 1657 3308 τὸν
1692 3252 1916 3324 βασιλέα

343 3356 630 3427 ἐωμανὸν
679 3353 940 3425 συμφορᾷ
997 3350 1248 3422 ἀδοκήτῳ
1306 3347 1631 3420 περιπεσεῖν
1651 3385 1665 3411 ,
1705 3346 1795 3400 ἵνα
1846 3343 1915 3398 δι’

327 3451 502 3520 αὐτῆς
550 3445 966 3518 σωφρονισθεὶς,
1015 3443 1112 3497 καὶ
1140 3442 1248 3495 τῶν
1276 3441 1496 3494 οἰκείων
1530 3440 1608 3492 ’ὲν
1651 3436 1909 3509 αἰσθήσει

330 3539 800 3612 παραπτωμάτων
833 3534 1154 3606 γενόμενος,
1189 3532 1468 3602 σωτηρίας
1506 3530 1734 3600 ἀξιωθῇ.
1779 3529 1915 3582 Συν-

329 3633 532 3707 εχώρει
559 3633 669 3701 γὰρ
697 3628 1074 3698 ὲπαναστῆναι
1122 3625 1215 3678 τὸν
1272 3623 1388 3676 υἱὸν
1434 3621 1602 3676 αὑτοῦ
1646 3621 1916 3688 Στέφανον

329 3728 522 3799 ὥσπερ
548 3725 680 3779 ποτὲ
729 3720 1094 3789 Ἀὃεσσαλὼμ
1120 3717 1395 3787 ἐπανέστη
1426 3714 1591 3769 Δαυῒδ
1623 3713 1701 3785 τῷ
1729 3711 1916 3780 οἰκείῳ

330 3819 525 3893 πατρί.
561 3816 894 3888 Συμόούλοις
922 3811 1016 3867 οὖν
1043 3803 1200 3872 οὗτος
1217 3807 1356 3878 πρὸς
1385 3805 1545 3860 τοῦτο
1572 3805 1915 3875 χρησάμενος

330 3915 412 3987 τῷ
439 3931 500 3968 τε
539 3912 648 3976 ἀπὸ
716 3907 968 3981 μοναχῶν
1022 3901 1290 3976 Μαριανῷ
1314 3941 1331 3967 ,
1378 3900 1472 3954 καὶ
1525 3896 1791 3967 Βασιλείῳ
1835 3894 1915 3965 τῷ

315 4004 597 4076 nataturi),
637 4005 733 4057 καὶ
783 3999 1044 4068 Μανουὴλ
1089 3995 1172 4066 τῷ
1218 3991 1535 4066 Κουρτίκῃ,
1594 3988 1913 4043 συνειδότων

334 4098 486 4168 αὐτῷ
504 4097 602 4150 καὶ
619 4095 728 4149 τῶν
751 4093 922 4149 ἄλλων
944 4088 1228 4160 βασιλέων,
1251 4084 1440 4139 τοῦτον
1471 4081 1618 4156 [toﬁ]
1650 4079 1913 4135 παλατίου

334 4191 525 4255 κακῶς
557 4190 894 4258 κατήγαγεν,
920 4183 1016 4237 καὶ
1045 4183 1104 4234 ἐν
1135 4183 1202 4251 τῇ
1249 4177 1450 4250 Πρώτῃ
1484 4176 1636 4248 νήσῳ
1661 4172 1913 4246 ὲξορίσας

335 4285 632 4354 ἀπέκειρεν
659 4279 915 4351 μοναχὸν.

635 4368 1080 4440 Αὑτοκρατορία
1122 4365 1608 4423 Κωνσταντίνου.

416 4465 748 4536 Ὑπελείφθη
778 4459 871 4517 οὖν
901 4460 1266 4531 αὐτοκράτωρ
1291 4456 1706 4516 Κωνσταντίνος
1731 4453 1760 4507 ὁ
1790 4451 1912 4506 τού-
1944 4482 1989 4539 D

337 4580 432 4618 του
471 4559 741 4631 γαμϐρὸς,
778 4556 838 4621 ὃς
868 4553 1186 4626 παραυτίκα
1238 4551 1451 4623 Βάρδαν
1481 4548 1574 4602 τὸν
1619 4546 1715 4601 τοῦ
1750 4546 1945 4604 Φωκᾶ

337 4653 408 4723 τῇ
436 4648 531 4704 τοῦ
564 4647 867 4719 μαγίστρου
910 4643 1040 4715 ἀξίᾳ
1083 4641 1358 4714 τιμήσας,
1410 4639 1472 4702 ὃς
1510 4638 1690 4710 χρόνῳ
1735 4636 1916 4708 πολλῷ

334 4745 437 4814 τήν
472 4744 531 4797 ἐν
556 4744 670 4804 τοῖς
693 4739 953 4809 πολέμοις
998 4733 1370 4807 ἀνδραγαθίαν
1405 4731 1669 4796 πολλάκις
1711 4731 1916 4785 ἐπιδει-

337 4836 591 4906 ξάμενος,
651 4831 970 4903 δομὲστικον
1018 4829 1128 4882 τῶν
1195 4825 1404 4897 σχολῶν
1480 4822 1913 4896 προχειρίζεται.

335 4923 473 4984 Εἶτα
500 4927 592 4980 τὸν
621 4924 925 4989 Βασίλειον,
954 4915 999 4991 ᾧ
1051 4921 1284 4990 ἐπίκλην
1316 4917 1591 4984 ΙΙετεινδν,
1626 4915 1918 4986 πατρίκιον

333 5024 431 5080 ml.
463 5020 636 5093 μέγαν
670 5017 1052 5090 ὲταιριάρχην,
1088 5013 1180 5067 τὸν
1214 5011 1272 5065 δὲ
1292 5010 1386 5064 τοῦ
1416 5011 1608 5079 γένους
1635 5009 1744 5062 τῶν
1789 5008 1916 5080 Ἀρ·-

332 5114 521 5188 γυρῶν
542 5110 826 5183 Μαριανδν
876 5109 946 5162 τά
992 5104 1272 5178 μοναχικά
1307 5102 1587 5166 ἀποδύσας
1625 5100 1917 5172 πατρίκιον

332 5207 432 5262 καὶ⁸
475 5206 690 5280 κόμητα
742 5201 837 5256 τοῦ
895 5199 1128 5272 σταύλου
1156 5198 1484 5270 πεποίηκεν,
1516 5193 1784 5260 ὡσαύτως
1823 5191 1918 5246 καὶ

331 5299 592 5372 Μανουὴλ
641 5299 733 5354 τὸν
792 5293 1184 5366 ἐπιλεγόμενον
1240 5287 1558 5363 Κουρτίκην
1625 5285 1917 5358 πατρίκιον

333 5398 432 5455 καὶ
455 5397 818 5472 δρουγγάριον
848 5396 945 5466 τῆς
975 5393 1188 5465 βίγλας·
1235 5387 1492 5449 οὕστινας
1523 5386 1673 5456 τρεῖς
1707 5383 1824 5454 μετ’
1852 5380 1915 5434 οὐ

331 5491 506 5548 πολὺν
549 5490 743 5563 χρόνον
783 5490 817 5559 ἡ
849 5486 946 5541 τοῦ
986 5482 1126 5539 Θεοῦ
1155 5480 1343 5536 δικαία
1375 5472 1558 5549 κρίσις
1590 5475 1666 5540 ὡς
1690 5475 1770 5538 είς
1797 5489 1919 5544 χρι-

335 5585 464 5639 στὸν
486 5584 696 5657 Κυρίου
751 5581 1215 5653 παροινήσαντας,
1265 5573 1363 5647 καὶ
1391 5572 1583 5642 χεῖρας
1628 5567 1916 5641 ἐπιβαλόντ-

332 5694 455 5742 τας,
515 5679 616 5748 τῆς
683 5672 962 5747 βασιλείας
1018 5667 1382 5742 ὀρεγομένους
1443 5661 1728 5735 μετῆλθεν.
1794 5658 1917 5716 Ἐπὶ

333 5767 662 5826 καθοσιώσει
721 5767 832 5839 γάρ
874 5761 1353 5833 καταληφθέντες,
1414 5756 1674 5828 ἑκάτερος
1735 5751 1917 5810 αὐτῶν

660 5864 934 5925 ΡΑτιιοι..
981 5860 1096 5920 Gn.
1141 5856 1362 5919 CVIII.

2011 491 2190 545 trieuli
2212 506 2306 546 ore
2333 493 2399 547 ad
2417 493 2613 563 pubem
2633 509 2806 564 usque
2825 495 2927 550 sibi
2958 493 3190 552 invicem
3221 498 3580 566 adhaerentes,

2010 584 2298 667 versisque
2323 586 2390 640 ad
2417 586 2652 642 invicem
2684 587 2926 644 vultibus
2952 587 3272 646 visebantur
3297 607 3314 645 :
3341 593 3580 662 quicum

2010 675 2225 731 diutino
2260 679 2524 746 temporis
2573 679 2752 750 spatio
2800 680 2854 735 in
2903 681 3040 737 urbe
3077 682 3276 737 morati
3331 681 3582 750 fuissent,

2011 770 2159 825 velut
2220 769 2524 826 infaustum
2574 781 2886 841 portentum
2921 782 2976 828 et
3009 771 3268 830 infestum
3300 789 3460 830 omen
3493 776 3590 830 ba-

2009 863 2130 928 biti,
2163 865 2299 921 urbe
2327 865 2485 934 ejecti
2510 873 2659 921 sunt.
2707 864 3071 922 Constantino
3111 882 3241 924 vero
3268 869 3384 924 solo
3415 870 3587 940 impr-

2010 969 2166 1014 rante
2196 975 2417 1014 rursum
2452 960 2686 1030 ingressi
2719 968 2868 1016 sunt.
2928 959 3000 1016 Ut
3026 969 3207 1016 autem
3233 977 3423 1017 eorum
3451 963 3588 1017 alter

2012 1061 2262 1106 mortuus
2305 1058 2413 1115 est,
2468 1052 2667 1110 medici
2704 1053 2930 1123 quidam
2964 1053 3296 1126 Tperitissimi
3343 1055 3587 1110 cohaere-

2010 1152 2250 1200 scentem
2284 1154 2490 1214 partem
2530 1146 2755 1201 alteram
2789 1145 3114 1202 incolumem
3151 1145 3438 1217 vivamque
3466 1164 3587 1203 scr-

2009 1246 2232 1292 vaturos
2266 1252 2325 1292 se
2351 1237 2673 1306 praestolati,
2720 1237 2949 1294 solerter
2977 1238 3332 1301 exciderunt;
3372 1241 3589 1309 puellus

2011 1326 2115 1382 iste
2138 1325 2332 1382 diebus
2355 1329 2528 1383 tribus
2554 1341 2832 1399 superstes
2855 1340 3103 1406 mortuus
3133 1338 3236 1385 est.
3284 1328 3348 1383 Et
3377 1332 3430 1384 in
3466 1348 3583 1386 um-

2011 1417 2173 1472 nihus
2199 1419 2442 1488 quidem,
2469 1429 2531 1498 ut
2554 1415 2866 1475 enarratum
2892 1414 3090 1490 supra;
3108 1421 3393 1477 monachis
3423 1406 3584 1476 fidem

2011 1511 2244 1566 habebat
2293 1513 2624 1583 imperator:
2678 1514 2938 1590 privatim
2984 1529 3113 1570 vero
3159 1530 3271 1586 prae
3329 1516 3588 1572 omnibus

2013 1600 2262 1672 Sergium
2309 1605 2629 1680 monasticis
2674 1606 2926 1663 moribus
2979 1615 3328 1678 praestantem
3374 1608 3590 1664 colebat

2011 1702 2065 1748 et
2086 1695 2469 1752 venerabatur.
2519 1695 2618 1752 ilic
2651 1696 2893 1767 magistri
2921 1695 3133 1754 Cosmae
3188 1697 3376 1763 frater,
3418 1714 3589 1770 nepos

2009 1800 2138 1840 vero
2173 1784 2351 1841 Pbotii
2381 1787 2703 1863 patriarchae
2738 1787 2936 1855 fuerat,
2976 1805 3136 1860 quem
3186 1791 3383 1846 animae
3429 1791 3590 1846 nobi-

2010 1876 2332 1948 litas,quem
2351 1879 2533 1952 carnis
2569 1881 2873 1949 ingenuitas
2913 1883 3172 1938 reddebat
3208 1882 3588 1941 illustriorem.

2009 1968 2177 2025 Istum
2228 1970 2413 2042 itaque
2444 1975 2802 2049 revereudum
2853 1974 3033 2046 iugem
3093 1977 3350 2032 comitem
3405 1992 3588 2032 secum

2011 2059 2243 2118 ducebat
2276 2057 2594 2135 imperator,
2629 2067 2786 2137 quasi
2813 2081 2996 2121 veram
3035 2069 3274 2138 regulam
3310 2076 3364 2123 et
3397 2083 3588 2124 amus—

2011 2154 2114 2208 sim
2157 2153 2333 2224 ipsius
2366 2157 2532 2226 vitavm
2569 2157 2909 2228 dirigentem.
2961 2158 3063 2214 Hic
3087 2158 3381 2229 plurimum
3405 2159 3593 2215 horta-

2014 2247 2176 2301 batur
2215 2248 2606 2319 imperatorem
2657 2249 2891 2305 filiorum
2930 2267 3118 2307 curam
3157 2261 3366 2322 ageret,
3412 2266 3592 2320 neque

2013 2342 2135 2395 illos
2162 2343 2216 2415 in
2251 2344 2452 2398 malum
2484 2344 2691 2413 absque
2727 2345 3015 2414 disciplina
3047 2359 3306 2414 proruere
3341 2344 3590 2399 sineret:

2015 2449 2082 2505 ne
2116 2436 2359 2514 quando,
2387 2451 2510 2506 qua
2545 2435 2682 2497 Heli,
2713 2445 3009 2506 pateretur.
3058 2435 3130 2493 Ut
3163 2451 3292 2491 vero
3326 2420 3357 2513 a
3401 2435 3528 2514 tiliis
3561 2451 3592 2491 e

2013 2524 2218 2593 palatio
2252 2509 2497 2593 deiectus
2537 2534 2658 2592 est,
2693 2534 2748 2581 et
2783 2525 2837 2582 in
2867 2524 3071 2599 Proten
3117 2511 3351 2601 insulam
3384 2509 3592 2602 relega-

2014 2622 2123 2687 tus,
2164 2610 2331 2685 509
2380 2614 2532 2670 hunc
2572 2631 2770 2671 rursus
2807 2614 2998 2670 habuit
3024 2614 3398 2693 calamitatum
3445 2613 3591 2670 sola-

2015 2702 2188 2771 tium,
2217 2700 2567 2778 et'angustize
2595 2707 2896 2764 remedium
2938 2707 3222 2780 lenitivum
3251 2724 3264 2762 :
3307 2707 3595 2778 eidemque

2015 2807 2148 2870 tunc
2173 2801 2438 2874 temporis
2467 2800 2794 2872 Polyeuctus
2824 2785 3436 2880 monachus‘piissimus’
3466 2796 3592 2874 ade-

2014 2898 2122 2954 rat,
2156 2891 2365 2946 crebris
2391 2906 2516 2946 eum
2553 2891 2932 2956 hortamentis,
2973 2898 3033 2944 ut
3060 2889 3306 2954 deCebat,
3343 2889 3596 2970 conscia-

2017 2983 2210 3030 turus:
2248 2975 2356 3040 hie,
2402 2975 2715 3046 patriarcha
2742 2973 3150 3050 Theophylacto
3179 2973 3320 3050 vivis
3345 2973 3590 3049 sublato,

2018 3078 2047 3114 a
2074 3061 2435 3118 Constantino
2465 3063 2796 3134 imperatore
2829 3063 3141 3135 patriarcha
3168 3049 3453 3134 promotus
3487 3073 3590 3120 est.

2022 3149 2090 3207 Ut
2111 3167 2240 3208 vero
2270 3152 2412 3209 Deus
2434 3154 2590 3210 miris
2613 3155 2792 3236 modis
2821 3148 3094 3232 hominem
3120 3168 3341 3209 servare
3361 3139 3597 3227 consue-

2019 3244 2116 3306 vit,
2149 3245 2534 3315 imperatorem
2559 3245 2863 3323 Romanum
2896 3245 2951 3300 in
2974 3245 3344 3301 calamitatem
3363 3261 3472 3324 non
3501 3259 3596 3300 ex-

2020 3346 2319 3407 spectatam
2353 3337 2594 3416 incidere
2614 3338 2902 3415 permisit:
2950 3346 3011 3416 ut
3040 3351 3136 3409 per
3169 3352 3289 3417 eam
3323 3337 3595 3419 eruditus,

2018 3437 2073 3484 et
2109 3428 2176 3484 de
2217 3431 2454 3501 propriis
2479 3414 2694 3507 delictis
2745 3414 3082 3505 admonitus,
3134 3414 3365 3487 salutem
3397 3414 3616 3502 conse-_

2018 3520 2114 3591 qui
2149 3522 2347 3592 dignus
2378 3523 2734 3580 inveniretur.
2777 3520 3052 3578 Toleravit
3087 3521 3232 3597 enim
3264 3521 3434 3576 filium
3475 3521 3596 3592 ejus

2021 3613 2382 3690 Stephanum,
2439 3614 2585 3687 velut
2630 3614 2909 3687 quondam
2959 3611 3263 3668 Abessalon
3316 3613 3370 3666 in
3427 3611 3595 3689 David

2017 3707 2301 3777 proprium
2335 3715 2544 3782 patrem
2579 3700 2798 3778 rebellis
2851 3704 2975 3779 fuit,
3037 3705 3111 3757 ita
3164 3704 3218 3758 in
3257 3718 3381 3758 eum
3409 3704 3595 3760 insur-

2017 3813 2163 3869 gere.
2223 3796 2620 3872 Constantinus
2649 3797 2870 3877 quippe,
2906 3793 3151 3855 Mariano
3173 3793 3513 3870 exmonacho
3542 3805 3599 3848 et

2017 3889 2224 3945 Basilio
2270 3887 2466 3964 Petino
2514 3897 2569 3945 et
2606 3886 2856 3943 Manuele
2901 3885 3120 3942 Curtice
3152 3886 3416 3963 propositi
3463 3901 3596 3940 con-

2015 3983 2171 4049 sciis,
2220 3997 2433 4056 necnon
2469 3982 2594 4038 aliis
2645 3978 3072 4052 imperatoribus
3124 3974 3340 4035 facinus
3370 3993 3595 4049 promo-

2014 4075 2266 4133 ventibus
2296 4089 2450 4142 usus,
2485 4082 2695 4145 patrem
2741 4088 2772 4128 e
2807 4072 3007 4144 palatio
3048 4071 3295 4147 improbe
3334 4057 3598 4143 deturba.

2014 4169 2114 4233 vit,
2144 4178 2199 4224 et
2217 4168 2285 4223 ad
2315 4157 2516 4242 Proteu
2550 4167 2786 4242 insulam
2821 4165 3120 4237 relegatum
3149 4165 3481 4239 monachum
3505 4164 3598 4221 de-

2017 4260 2226 4328 tonderi
2254 4260 2442 4333 jussit.
2929 4250 2934 4255 ’

2252 4346 2259 4350 ’
2299 4353 2612 4428 Suprema!»
2650 4350 2988 4423 Constantini
3026 4349 3329 4422 imperium.

2087 4450 2389 4520 imperator
2414 4447 2597 4519 itaque
2637 4443 2865 4500 Romani
2894 4458 3059 4514 gener
3089 4438 3485 4496 Constantinus
3509 4453 3600 4495 re-

2021 4544 2182 4600 lictus
2207 4552 2313 4598 est.
2356 4540 2454 4596 Hic
2510 4539 2693 4596 statim
2747 4525 2977 4595 Bardam
3024 4535 3222 4610 Phocae
3269 4533 3442 4589 filium
3481 4549 3602 4589 ma-

2019 4636 2175 4708 gistri
2217 4636 2478 4708 dignitate
2521 4631 2760 4708 ornavit.
2805 4629 2908 4695 Qui
2960 4643 3086 4701 cum
3138 4627 3314 4702 multo
3356 4634 3599 4698 tempore

2018 4730 2229 4788 bellica:
2275 4726 2498 4783 virtutis
2547 4725 2600 4780 in
2653 4716 2854 4794 prastiis
2901 4719 3202 4799 specimina
3252 4716 3600 4789 frequentius

2019 4803 2382 4886 eihibuisset,
2415 4817 2731 4875 scholarum
2765 4812 3105 4888 domesticus
3154 4810 3440 4868 institutus
3491 4819 3598 4867 est.

2020 4916 2254 4972 Basilius
2295 4913 2482 4978 etiam,
2533 4915 2896 4982 cognomento
2930 4904 3185 4969 Petinus,
3236 4903 3500 4975 patricius
3547 4912 3603 4958 et

2020 5020 2252 5076 magnus
2285 4999 2644 5058 hetazriareha
2672 5004 2963 5066 provectus
2985 5004 3086 5049 est.
3107 4993 3412 5068 imperator
3431 4991 3596 5048 etiam

2022 5095 2324 5153 Marianum
2373 5081 2712 5163 Argyrorum
2761 5087 3028 5158 sanguine
3073 5091 3255 5146 ortum
3297 5082 3600 5138 monastico

2021 5189 2208 5260 habitu
2241 5174 2715 5255 exutum'ereiavit
2751 5180 3046 5252 patricium
3089 5186 3144 5234 et
3183 5174 3382 5243 stabuli
3422 5171 3597 5230 comi-

2021 5293 2130 5338 tem
2163 5299 2177 5336 :
2214 5277 2514 5334 Manuelem
2548 5275 2796 5344 insuper,
2829 5271 3105 5329 Curticem
3146 5269 3378 5330 dictum,
3427 5263 3600 5336 patri-

2021 5377 2166 5432 cium
2227 5381 2281 5428 et
2319 5369 2676 5426 excubiarum
2716 5365 3075 5437 drungarium
3107 5359 3418 5433 promovit:
3458 5372 3600 5429 quas

2022 5469 2245 5540 quidem
2272 5475 2387 5521 tres
2413 5462 2704 5533 interiecto
2744 5459 2892 5515 brevi
2925 5457 3105 5528 spatio
3126 5456 3336 5524 justum
3378 5451 3474 5507 Dei
3511 5449 3602 5519 ju-

2022 5557 2451 5634 dic‘iumhelut
2495 5567 2592 5633 eos
2662 5551 2754 5622 qui
2801 5551 2856 5604 in
2909 5555 3138 5603 unctum
3201 5541 3416 5600 Domini
3472 5557 3602 5613 pee-

2021 5629 2264 5717 cassetit,'
2322 5629 2408 5706 et"
2432 5648 2487 5704 in
2544 5629 2905 5703 eummanus
2957 5637 3275 5710 injecissent
3310 5635 3600 5697 violentas)

2023 5743 2237 5816 imperii
2269 5739 2566 5814 cupiditate
2591 5744 2772 5793 motos
2796 5733 3047 5792 incessit.
3077 5727 3377 5824 Maiestatis
3399 5725 3599 5799 quippe
