3906 6226
246 411 533 437 τρέσαιμ’-η-
545 425 1163 435 MM
1175 424 1325 435 —-——

284 426 533 437 ..μισάνθ-μ’--
545 425 1163 435 MM
1175 424 1445 435 ——.—.—.—
1460 428 1973 436 ,._...__.__‘.__.__.___.____-

786 440 791 447 ι

675 582 1736 761 GODEFRIDI
1843 588 2235 755 ΗΕΝ

2249 584 3083 777 SCHENII,

1074 854 1081 859 ’
1170 872 1610 941 mercenarii:
1649 872 2174 943 ANTWERPIENSIS,
2207 872 2246 915 E
2271 871 2399 915 soc.
2432 870 2599 940 δεδι),

492 1036 672 1175 DE
777 1034 2008 1173 GHRONOGBAPHIA
2127 1034 2245 1151 S.
2364 1034 3279 1165 THEOPHANIS

1508 1275 2336 1391 DiSSERTATlO.
2656 1264 2662 1272 '

1266 1471 1408 1542 (49M
1426 1475 1705 1519 atomorum
1729 1462 1954 1518 Bollund.
1983 1464 2164 1527 Martii,
2187 1472 2224 1516 t.
2253 1465 2342 1529 Ill,
2365 1481 2412 1528 ιι.
2443 1470 2510 1533 τ.)

893 1860 1123 1921 GAPUT
1160 1864 1204 1920 ι.

258 1962 629 2054 Repudiantur
656 1978 849 2054 tabula:
874 1979 1171 2054 chronicre,
1206 1977 1400 2054 saltent
1440 1977 1614 2048 quoad
1672 1993 1840 2033 annos

462 2072 465 2079 ν
519 2058 571 2107 et
597 2051 783 2108 seriem
828 2051 1055 2122 quinque
1100 2050 1586 2120 patriarchatuum.

261 2234 402 2288 Ante
451 2228 639 2287 omnia
691 2228 928 2285 dicimus
985 2226 1223 2284 dubitari
1285 2242 1396 2283 non
1457 2238 1659 2299 posse,
1709 2230 1840 2297 quin

257 2324 331 2391 is,
378 2321 476 2406 qui
504 2321 562 2378 in
608 2321 792 2393 operis
835 2320 922 2378 sui
968 2320 1194 2380 exordio
1238 2319 1405 2375 alium
1456 2320 1679 2375 titulum
1732 2334 1841 2373 non

262 2411 525 2489 sumpsit,
548 2422 712 2481 quam
732 2408 1042 2487 Θεοφᾲνους
1070 2407 1166 2463 τοῦ
1202 2407 1526 2481 ἀμαρτωλοῦ
1546 2410 1627 2479 (ιιι
1645 2409 1847 2465 fatetur

259 2507 520 2579 egregius
571 2505 883 2577 illustratur
931 2504 1053 2575 ejus
1093 2509 1259 2575 atque
1314 2502 1846 2579 interprcslacobus

265 2597 417 2665 Goer
439 2597 563 2669 prd.
594 2596 1029 2673 Praedicatorum
1071 2596 1524 2673 congregationis
1540 2595 1848 2661 reformata!

261 2690 446 2748 sancti
464 2688 727 2766 Ludovici
758 2689 1000 2745 vicarius
1031 2688 1305 2759 generalis
1338 2687 1395 2742 in
1420 2689 1538 2744 suis
1569 2689 1636 2743 ad
1670 2689 1842 2766 νειμ

260 2764 650 2853 notis),,idem
698 2786 853 2837 certo
886 2780 961 2842 sit
992 2794 1154 2851 quem
1189 2770 1507 2851 Magni-agri
1557 2779 1610 2833 in
1645 2764 1851 2849 Sigria-

265 2889 336 2930 na
384 2876 754 2951 begumenum
805 2871 1197 2949 egregiumque
1244 2870 1348 2935 sub
1377 2869 1560 2926 Leone
1611 2871 1851 2926 Armeno

260 2966 647 3039 confessorem
681 2964 881 3020 festive
910 2963 1214 3036 quotannis
1242 2964 1434 3018 colunt
1460 2962 1635 3020 Graeci
1665 2962 1754 3018 die
1784 2955 1854 3042 12

259 3060 474 3137 Martii.
506 3058 682 3131 Hujus
714 3059 861 3114 enim
889 3057 1141 3127 veritatis
1172 3057 1442 3112 habemus
1470 3066 1664 3123 testem
1699 3057 1850 3111 omni

262 3153 598 3225 exceptione
654 3152 943 3221 majorem,
986 3151 1163 3222 ipsum
1192 3149 1547 3221 Theophanis
1579 3150 1852 3221 antiquis-

260 3231 472 3311 simum
500 3246 861 3315 interpretem
907 3256 971 3299 ac
1002 3244 1147 3316 pene
1181 3257 1446 3309 comam,
1499 3244 1849 3298 Anastasium

264 3337 781 3410 Bibliothecarium.
837 3334 1235 3405 Interpret'em,
1295 3335 1517 3405 inquam
1555 3354 1567 3388 :
1600 3335 1729 3405 quia
1785 3350 1853 3389 ex

260 3429 724 3504 ChronOgraphia
760 3430 997 3502 primum
1043 3426 1285 3501 Georgii,
1334 3428 1534 3484 deinde
1562 3427 1856 3501 Theopha-

258 3527 361 3597 nis
403 3522 794 3593 decerpturum
827 3536 889 3578 se
921 3520 1233 3592 proﬁtetur,
1265 3504 1337 3589 iet
1370 3537 1502 3578 vero
1531 3521 1856 3592 plerumque

262 3615 558 3687 decerpsit
593 3614 767 3686 verbo
800 3597 987 3691 tenus,
1017 3612 1284 3688 quidquid
1318 3613 1387 3687 ad
1424 3613 1711 3675 historiam
1761 3629 1854 3679 ec-

258 3708 645 3768 clesiasticam
694 3705 889 3762 Latine
923 3704 1271 3777 condendam
1316 3702 1557 3780 Joannes
1585 3705 1857 3761 diaconus

261 3798 567 3857 videbatur
594 3811 766 3869 posse
802 3795 1120 3852 desiderare
1149 3810 1216 3852 ex
1261 3792 1468 3866 Graecis
1508 3794 1853 3860 auctoribus,

261 3906 418 3966 quos
461 3891 890 3947 nominavimus.
939 3887 1238 3960 Postquam
1268 3897 1450 3941 autem
1487 3885 1705 3963 Georgii
1738 3887 1827 3940 lau

261 3988 371 4046 des
404 3984 668 4041 brevibus
721 3983 921 4054 attigit,
988 3999 1007 4032 ι
1040 3980 1118 4037 De
1166 3980 1362 4040 altero.
1400 3979 1600 4050 inquit,
1650 3977 1859 4043 scilicet

264 4078 638 4149 Theophane,
684 4075 814 4147 quid
862 4075 1082 4131 dicam?
1136 4088 1261 4151 cum
1293 4083 1344 4128 et
1384 4072 1509 4143 ejus
1544 4072 1857 4149 conscripta

264 4172 414 4235 vita,
449 4168 693 4240 qualiter
718 4166 977 4224 videlicet
1009 4166 1208 4237 amplis
1241 4165 1589 4243 patrimoniis
1622 4164 1860 4221 venditis

262 4276 503 4323 crucem
533 4276 689 4317 suam
722 4259 945 4335 tulerit;
978 4260 1284 4333 qualiterve
1309 4265 1534 4327 secutus
1555 4254 1858 4337 Christum,

267 4357 501 4421 abbatis
528 4357 584 4412 in
606 4355 943 4412 monasterio
974 4352 1104 4425 Agri
1139 4354 1363 4419 functus
1406 4353 1602 4419 ollicio,
1635 4351 1861 4427 virtuti-

266 4454 388 4515 bus
440 4451 685 4519 fulserit,
737 4448 1021 4511 miraculis
1053 4447 1453 4514 coruscaverit,
1484 4454 1539 4503 et
1570 4445 1861 4508 confessor

1869 1869 1919 1923 Δ

1885 3210 1928 3265 Β

1962 1861 2073 1916 suit
2105 1878 2118 1915 :
2152 1862 2461 1933 priscorum
2497 1864 2722 1935 insuper
2761 1880 2948 1937 regum
2981 1881 3046 1923 ac
3078 1869 3359 1927 nationum
3409 1875 3527 1931 uni-

1945 1973 2229 2015 versarum
2266 1967 2412 2017 statu
2445 1969 2499 2017 et
2529 1963 2793 2043 regimine
2819 1963 3106 2033 annotato,
3144 1967 3521 2040 singulorum-

1946 2067 2054 2131 que
2086 2063 2352 2124 quantum
2386 2054 2514 2109 licet
2555 2055 2862 2111 observatis
2909 2058 3189 2124 artatibus,
3241 2078 3525 2132 suprema-

1945 2158 2066 2197 rum
2091 2152 2145 2199 et
2171 2143 2564 2200 universalium
2603 2145 2842 2213 sedium,
2877 2145 3062 2220 [totum
3096 2148 3246 2215 dico,
3286 2153 3525 2210 Alexan-

1946 2234 2122 2304 driae,
2180 2236 2485 2295 Antiochiae
2548 2246 2602 2294 ct
2660 2236 3171 2312 Hierosolymorum
3237 2246 3526 2316 pontifices

1946 2328 2312 2397 enumeravit,
2370 2347 2677 2403 eorumque
2729 2348 2903 2391 annos
2936 2350 3001 2389 ac
3028 2342 3276 2405 tempora
3308 2340 3528 2410 egregio

1948 2418 2177 2499 digessit
2229 2424 2442 2482 ordine.
2500 2424 2604 2481 Sed
2651 2430 2911 2497 quoniam
2950 2431 3316 2499 praeveniente
3347 2432 3527 2503 ipsum

1950 2521 2145 2578 morte,
2182 2527 2349 2585 Opus,
2402 2516 2548 2583 quod
2583 2515 2650 2570 ad
2683 2512 3010 2574 Diocletiani
3058 2533 3232 2589 usque
3285 2508 3531 2589 tempora

1950 2601 2274 2670 scribendo,
2311 2610 2371 2658 ut
2401 2618 2592 2659 sumus
2622 2603 2856 2676 prmfati,
2894 2606 3262 2684 perduxerat;
3296 2626 3402 2665 non
3435 2628 3531 2683 po-

1950 2699 2095 2747 terat
2148 2690 2216 2747 ad
2264 2694 2609 2765 propositum
2657 2695 2764 2758 sibi
2818 2693 2979 2765 finem
3024 2700 3321 2775 prosequi;
3371 2703 3534 2759 nobis

1950 2785 2099 2841 velut
2118 2784 2528 2861 'sincerioribus
2552 2787 2748 2851 amicis
2792 2789 2927 2861 illud
2961 2792 3203 2861 reliquit,
3245 2795 3411 2849 multa
3430 2811 3533 2863 cx-

1952 2885 2212 2949 cusantes
2258 2877 2510 2948 pluribus
2564 2877 2852 2947 hortatus,
2921 2891 2979 2936 ut
3036 2898 3103 2938 ne
3151 2882 3531 2956 imperfectum

1955 2965 2391 3036 relinqueremus
2424 2967 2670 3035 laborem
2730 2983 2914 3035 suum,
2974 2979 3141 3045 atque
3170 2974 3237 3026 ad
3274 2974 3530 3030 eumdem

1955 3056 2367 3128 suscipiendum
2400 3059 2600 3132 coegit.
2633 3056 2907 3127 Quocirca
2937 3064 3159 3118 monitis
3178 3062 3299 3135 ejus
3327 3083 3531 3135 morem

1956 3163 2143 3219 gerere
2190 3151 2483 3223 compulsi,
2531 3152 2730 3207 molem
2760 3154 2957 3210 robore
2989 3166 3179 3212 nostro
3212 3158 3369 3230 longe
3412 3178 3535 3232 gra-

1957 3243 2163 3303 viorem
2199 3245 2558 3316 suscipimus.
2611 3244 2800 3301 Multis
2856 3246 3124 3317 siquidem
3164 3250 3536 3317 voluminibus

1958 3335 2273 3408 diligentius
2311 3339 2604 3409 exquisitis
2635 3346 2689 3394 et
2728 3348 2995 3409 quantum
3025 3338 3258 3398 facultas
3288 3350 3342 3398 et
3380 3344 3538 3416 inge-

1958 3427 2109 3503 nium
2140 3428 2658 3494 deditexaminatis,
2680 3442 3005 3505 praesentem
3038 3431 3535 3507 chronograpbiam

1960 3537 1989 3575 a
2024 3520 2347 3587 Diocletiani
2370 3522 2712 3594 temporibus
2742 3525 2808 3578 ad
2846 3524 3129 3580 Michaelis
3159 3534 3214 3581 ct
3242 3525 3537 3601 TheOpby-

1958 3613 2084 3670 lacti
2105 3615 2227 3683 ejus
2254 3613 2347 3673 lilii
2378 3614 2668 3687 imperium
2699 3612 3094 3684 compilamus';
3125 3633 3283 3687 reges
3307 3619 3537 3690 insuper

1958 3709 2013 3757 et
2047 3702 2414 3772 patriarchas,
2448 3717 2661 3758 necnon
2710 3717 2901 3771 eorum
2937 3711 3088 3774 gesta
3112 3713 3167 3759 et
3191 3714 3400 3773 aetates,
3430 3724 3537 3778 qua

1960 3809 2062 3867 par
2102 3799 2188 3848 est
2227 3793 2539 3859 sedulitate,
2590 3792 2979 3857 describimus,
3034 3795 3172 3849 nihil
3220 3810 3286 3851 ex
3318 3799 3539 3868 preprio

1960 3886 2354 3958 adnectentes;
2410 3885 2509 3952 sed
2543 3885 2730 3958 potius
2763 3900 2829 3941 ex
2883 3885 3127 3957 antiquis
3158 3886 3440 3945 historicis
3487 3896 3542 3944 et

1961 3974 2276 4035 oratoribus
2321 3978 2650 4046 colligentes
2715 3978 2938 4045 omnia,
3006 3979 3250 4050 propriis
3311 3995 3542 4054 qumque

1957 4070 2099 4143 locis
2148 4071 2498 4141 digessimus,
2548 4071 2848 4126 secundum
2904 4079 3212 4142 temporum
3265 4074 3538 4130 rationem

1964 4179 2052 4219 res
2086 4170 2272 4236 gestas
2317 4162 2658 4231 ordinantes,
2697 4173 2755 4218 ut
2791 4170 2960 4235 quoto
2997 4178 3141 4220 anno
3172 4164 3302 4235 quid
3332 4163 3538 4222 factum

1964 4257 2035 4321 sit
2072 4257 2126 4312 in
2160 4256 2303 4313 bello
2321 4255 2402 4312 vel
2430 4254 2676 4314 Ecclesia
2697 4297 2710 4323 ,
2731 4255 2785 4311 in
2819 4268 3069 4331 promptu
3106 4257 3339 4327 habeant
3364 4258 3543 4333 legere

1966 4348 2239 4417 yolcntes.
2279 4369 2297 4402 ι

2036 4442 2092 4497 4.
2136 4441 2262 4498 Hac
2290 4440 2387 4509 ibi,
2414 4443 2467 4497 in
2491 4444 2695 4514 quibus
2730 4440 2971 4507 aeristos
3004 4438 3467 4513 συνεγραῷἀμευα
3494 4448 3547 4495 ct

270 4546 508 4612 abierit,
552 4545 691 4611 satis
738 4556 1018 4614 superque
1065 4557 1164 4614 per
1194 4541 1521 4614 Byzantium
1566 4548 1620 4597 et
1648 4541 1858 4607 circum
1888 4558 1931 4615 ε
1967 4530 2315 4607 τετάχαμενξ
2337 4535 2634 4607 maluimus
2669 4550 2763 4606 per
2797 4532 3021 4589 verbum
3056 4535 3342 4605 pra‘sentis
3381 4551 3543 4606 quam

270 4652 533 4712 quasque
574 4637 850 4708 regiones,
898 4635 988 4707 his
1032 4628 1128 4707 qui
1161 4648 1333 4707 prope
1372 4642 1426 4692 et
1458 4635 1546 4703 his
1576 4636 1671 4706 qui
1700 4635 1861 4706 longe

269 4740 437 4802 sunt,
467 4730 683 4800 clamet.
714 4749 732 4784 ι
1162 4712 1167 4721 ’
1264 4738 1273 4743 ·
1578 4726 1583 4731 ’
1800 4712 1807 4715 ⁷

350 4827 479 4885 2-3.
496 4825 616 4894 Quo
640 4838 806 4897 porro
824 4826 880 4881 in
894 4831 1055 4883 statu
1079 4822 1401 4892 inchoatas-
1418 4820 1699 4892 aneorgio
1722 4831 1864 4891 opus

272 4921 653 4993 Theophanes
678 4918 975 4991 invenerit,
1009 4929 1119 4987 qua
1151 4915 1371 4971 ratione
1398 4920 1729 4983 prosecutus
1750 4913 1865 4982 ipse

274 5020 374 5084 sit,
422 5015 581 5085 juvat
609 5028 677 5068 es
712 5012 843 5083 ipso
880 5009 1154 5082 prommip
1190 5018 1548 5079 cognoscere,
1596 5003 1745 5075 quod
1783 5016 1865 5061 cst

276 5107 655 5182 huiusmodi:
722 5125 742 5159 ι
783 5103 1135 5163 Sanetissimi
1174 5099 1732 5168 Constantinopoleos
1769 5112 1866 5170 pa-

278 5203 549 5262 triarcha
574 5200 789 5265 Tarasii
815 5200 949 5256 olim
997 5195 1306 5274 Syncellus.
1350 5193 1617 5264 Georgius
1674 5191 1866 5253 abbas.

282 5300 373 5355 vir
427 5295 666 5373 eximius
715 5301 774 5355 et
828 5290 1257 5355 eruditissimus,
1310 5285 1505 5342 multis
1527 5284 1868 5354 chronOgra-

280 5392 529 5464 phorum
569 5396 625 5444 et
683 5386 1075 5452 historicorum
1121 5383 1277 5441 libris
1308 5381 1568 5445 evolutis,
1605 5392 1868 5448 compen-

274 5481 525 5539 diariam
553 5481 623 5541 ab
642 5480 854 5545 Adamo
888 5476 955 5533 ad
986 5473 1306 5532 Diocletiani
1348 5482 1593 5544 tempora
1623 5469 1871 5537 chrono-

278 5575 496 5647 logiam
549 5571 809 5649 scripsit,
841 5570 1221 5640 discussisque
1271 5566 1521 5622 studiose
1559 5571 1867 5633 temporum

268 5665 605 5730 rationibus
638 5665 708 5720 ad
761 5663 995 5721 invicem
1028 5660 1395 5733 comparavit,
1436 5655 1772 5735 emendavit,
1804 5669 1870 5711 ac

250 5756 682 5831 aoleﬂissime,
722 5762 783 5810 ut
821 5761 948 5811 ante
986 5753 1106 5823 ejus
1133 5760 1347 5808 aetatem
1378 5750 1585 5829 nullus,
1641 5759 1870 5826 compo—

1972 4629 2230 4709 prmtcriti
2262 4629 2526 4698 temporis
2558 4628 2868 4698 explicare:
2903 4627 3031 4707 quia
3056 4625 3384 4695 prooemium
3412 4627 3545 4682 illud

1972 4720 2124 4791 operi
2178 4736 2289 4775 non
2342 4718 2488 4774 facto
2544 4718 2638 4774 sed
2691 4716 2943 4773 faciendo
2987 4716 3243 4789 praemitti
3293 4733 3322 4771 a
3369 4716 3550 4775 Theo-

1971 4814 2170 4885 phane,
2202 4813 2270 4868 iis
2298 4809 2691 4882 persuadcmur
2712 4807 3074 4878 argumentis,
3099 4810 3300 4879 quibus
3322 4811 3550 4867 credere

1973 4898 2224 4977 cogimur
2278 4919 2386 4958 non
2444 4902 2628 4971 omnia
2691 4916 2813 4972 quae
2877 4912 3319 4972 praeconceperat
3366 4903 3550 4956 animo

1977 4999 2150 5055 fuisse
2180 4998 2249 5053 ab
2278 5011 2344 5052 eo
2371 4995 2589 5066 effectui
2622 4994 2931 5065 mancipata
2959 5010 2973 5049 :
3013 5009 3246 5063 quorum
3277 4993 3547 5050 defectum

1976 5108 2099 5151 cum
2138 5091 2346 5148 sciolus
2389 5087 2590 5161 aliquis
2618 5087 3067 5160 praesumpsisset
3103 5087 3378 5155 supplere,
3412 5101 3552 5154 prae-

1974 5183 2292 5252 clarissimo
2332 5180 2543 5249 auctori
2576 5178 2724 5234 haud
2765 5175 3113 5233 mediocriter
3161 5173 3399 5243 iniurius
3425 5173 3548 5228 fuit.

1975 5257 2189 5351 Etenim
2237 5271 2678 5342 chronographia
2731 5267 3107 5337 Theophanis,
3142 5264 3361 5336 qualem
3404 5281 3551 5332 nunc

1975 5367 2263 5443 habemus,
2284 5380 2348 5421 es
2378 5361 2672 5419 collatione
2697 5362 2941 5432 quinque
2963 5358 3213 5427 codicum
3236 5371 3370 5412 mss.
3400 5354 3551 5427 Regii

1978 5461 2213 5526 scilicet,
2256 5456 2597 5530 l’eyreziani,
2644 5453 2953 5520 Barberini,
2988 5449 3237 5506 Vaticani
3291 5456 3344 5503 ct
3394 5447 3552 5502 Palu-

1980 5555 2103 5621 tini,
2139 5552 2354 5615 duabus
2376 5561 2591 5607 constat
2627 5547 2876 5629 partibus
2911 5566 2924 5602 :
2956 5559 3188 5619 quarum
3224 5558 3343 5615 qua:
3377 5542 3556 5613 potior

1981 5657 2147 5706 estet
2179 5662 2306 5704 vere
2339 5660 2505 5701 aurea
2540 5642 2801 5714 omnique
2850 5640 3171 5713 acceptione
3207 5638 3551 5711 dignissima,

1984 5741 2272 5798 historiam
2303 5738 2521 5796 exhibet
2551 5751 2647 5815 per
2692 5751 2869 5793 annos
2904 5735 3175 5808 digestam
3211 5750 3226 5789 :
3267 5732 3434 5786 altera
3468 5727 3556 5783 vix
