3906 6226
438 216 569 281 illi"!

1354 221 1448 281 DE
1473 224 1533 281 S.
1577 220 2071 281 TlIEOPIIANIS
2104 219 2758 282 CHRONOGRAPHIA

3500 223 3605 292 1168

432 334 685 404 plumbea
716 331 823 387 dici
854 339 1109 395 meretur,
1132 330 1497 402 consistitque
1530 332 1582 385 in
1616 332 1815 387 tabulis
1841 331 2005 386 chro-
2034 344 2085 405 Α
2113 330 2382 398 minatim,
2446 347 2554 387 non
2613 330 2818 402 cogitet
2868 328 3035 385 alium
3084 329 3232 387 hunc
3280 346 3390 389 esse
3427 334 3483 389 ab
3520 337 3608 404 illo,

429 426 700 497 nologicis
736 424 1001 496 (Canonia
1035 431 1195 479 vocat
1224 422 1393 493 Goar)
1424 425 1628 495 quibus
1659 439 1754 493 per
1794 424 2004 479 loculos

429 520 641 583 divisis,
678 522 909 587 primum
954 532 1131 571 annus
1168 518 1377 585 mundi,
1414 526 1528 572 tum
1572 517 1777 573 Christi
1822 518 2003 571 incar-

429 614 565 675 nati,
603 610 727 665 dein
762 610 1106 680 imperatoris
1136 611 1373 677 romani,
1423 611 1670 681 proxime
1697 610 1841 682 regis
1873 609 2005 664 Per-

431 719 616 759 sarum
661 710 754 757 aut
785 701 943 755 ducis
985 702 1251 769 Arabum,
1300 719 1487 758 rerum
1548 711 1672 774 post
1714 703 1909 758 Persas
1946 703 2001 756 in

427 796 717 852 Palaestina
751 796 1099 867 potientium,
1136 796 1372 867 denique
1407 812 1472 851 ex
1514 798 1707 852 ordine
1761 796 2003 866 quinque

429 891 809 962 episcoporum
844 892 1246 961 przecipuorum
1280 905 1374 944 seu
1410 888 1871 959 patriarcharum,
1899 887 2003 941 Ro-

427 982 593 1046 mani,
608 978 1225 1049 Constantinopolitani,
1246 976 1745 1047 llierosolymitani,
1766 976 2004 1029 Alexan-

426 1074 571 1129 drini
627 1083 680 1128 et
731 1070 1059 1125 Antiochcni
1116 1068 1252 1124 ordo
1322 1078 1376 1123 et
1431 1067 1559 1124 anni
1622 1068 1997 1123 continentur.

426 1168 665 1224 Tabulas
701 1174 881 1221 autem
933 1166 1066 1219 istas
1097 1176 1290 1232 magna
1342 1176 1466 1216 cum
1514 1160 1837 1216 diversitate
1892 1173 2001 1213 non

426 1267 637 1312 tantum
696 1257 947 1326 prmfixas
996 1255 1155 1309 annis
1186 1269 1294 1308 non
1335 1255 1473 1318 suis,
1510 1254 1603 1308 sed
1636 1254 1799 1306 etiam
1846 1267 2002 1307 men-

425 1351 719 1406 dosissime
766 1348 1111 1417 conscriptas
1160 1360 1306 1410 esse,
1354 1355 1408 1400 et
1442 1345 1694 1415 plurimis
1736 1346 1890 1399 hiare
1919 1344 2002 1399 lo-

422 1445 590 1506 culis,
635 1457 698 1496 ac
730 1440 1064 1512 portentosis
1106 1454 1332 1509 prorsus
1364 1453 1658 1501 annorum,
1695 1436 1998 1509 praesertim

323 1583 335 1590 .
420 1535 897 1608 patriarchalium,
926 1531 1413 1603 supputationibus
1444 1539 1677 1597 scatere,
1702 1544 1824 1584 cum
1848 1529 1997 1599 ipse-

426 1637 537 1683 met
571 1627 717 1683 Goar
765 1632 1027 1696 agnoscat
1089 1623 1471 1693 fateaturque;
1526 1624 1725 1677 mirum
1775 1629 1857 1678 est
1903 1629 1998 1675 aut

424 1717 622 1784 ipsum,
666 1719 760 1766 aut
800 1685 901 1780 qui
933 1711 1175 1766 defuncti
1218 1685 1413 1767 Goaris
1452 1685 1691 1767 laborem
1726 1711 1912 1767 eduxit
1940 1712 1995 1764 in
2024 1685 2075 1749 Β

423 1806 601 1869 lucem
633 1803 1043 1874 Combefisium,
1079 1803 1331 1875 potuisse
1378 1803 1483 1859 sibi
1530 1803 1888 1879 persuadere,
1931 1803 1999 1867 ab

425 1910 647 1953 auctore
699 1898 1033 1974 Theophane
1080 1910 1221 1952 esse.
1286 1916 1304 1947 ‹
1334 1895 1438 1971 Qui
1475 1896 1752 1951 variorum
1800 1904 1995 1960 aucto-

423 2004 545 2044 rum
609 1987 911 2042 sententias
967 1992 1022 2040 et
1076 2000 1336 2040 numeros
1393 1993 1617 2041 secutus
1668 1986 1739 2041 sit
1789 1986 1996 2055 varios,

421 2097 671 2161 opusque
722 2082 1004 2154 proprium
1053 2090 1282 2152 urgente
1318 2082 1720 2152 persecutionis
1759 2080 2001 2137 necessi-

421 2186 534 2231 tate
562 2191 671 2231 non
707 2174 1068 2241 recensuerit,
1110 2174 1449 2245 proindeque
1486 2174 1706 2245 exigere
1732 2188 1760 2229 a
1795 2174 1998 2229 lectore

423 2288 525 2327 suo
552 2272 748 2343 possit,
793 2278 852 2325 ut
893 2269 986 2340 qui
1021 2269 1412 2326 dormitantem
1444 2270 1740 2324 Homerum
1768 2269 1994 2337 patitur,

423 2367 813 2436 Theophanem
860 2378 1081 2436 quoque
1118 2364 1331 2434 lapsum
1383 2362 1557 2434 erigat
1602 2362 1995 2432 corrigatque:

420 2474 545 2517 cum
582 2458 839 2521 nimirum
868 2458 1223 2521 succedentes
1255 2466 1308 2512 et
1345 2454 1412 2508 ad
1444 2455 1677 2509 invicem
1713 2454 1997 2509 cohaeren-

423 2562 505 2608 tes
560 2565 821 2605 numeros
873 2549 928 2612 in
981 2547 1265 2623 segniores
1303 2546 1618 2621 transponit
1653 2559 1851 2609 annos,
1900 2559 1997 2599 seu

420 2644 585 2705 etiam
618 2641 944 2715 conjunctos
976 2654 1152 2695 armos
1188 2640 1241 2693 in
1276 2638 1465 2697 dissita
1492 2636 1724 2692 canonia
1747 2635 1997 2697 desulto-

422 2734 503 2789 rie
556 2731 861 2788 transfert:
930 2737 1025 2783 aut
1083 2727 1260 2782 eidem
1318 2727 1436 2781 viro
1493 2739 1641 2781 nunc
1684 2723 1996 2794 pauciores,

422 2841 549 2881 mox
580 2825 763 2895 plures
794 2821 1027 2877 diversis
1065 2819 1314 2875 canoniis
1348 2818 1595 2889 assignat
1625 2829 1802 2872 annos
1835 2832 1851 2870 :
1912 2813 1998 2869 vel

420 2933 546 2975 cum
571 2897 813 2989 ejusdem
856 2913 958 2975 viri
1017 2912 1308 2984 pauciores
1345 2911 1474 2965 anni
1527 2909 1681 2980 plura
1725 2913 1999 2978 occupant

419 2988 691 3066 canonia:
742 3015 986 3061 autcum
1019 3018 1234 3059 summa
1261 3002 1518 3077 quapiam
1551 3002 1731 3057 aetatis
1757 3000 1997 3072 aequales

420 3102 630 3158 loculos
662 3100 778 3155 sive
808 3096 1041 3161 canonia
1069 3096 1395 3166 quibusdam
1426 3094 1650 3149 omissis
1682 3107 1793 3147 non
1834 3107 1993 3147 acce-

417 3197 499 3268 pit
528 3211 543 3249 :
594 3194 679 3249 .vel
709 3192 944 3265 denique
978 3203 1103 3253 cum
1133 3201 1367 3245 numero
1399 3185 1646 3260 ejusdem
1674 3185 1811 3251 panni
1840 3198 1996 3254 repe-

408 3290 520 3345 tito
557 3284 812 3349 confusio
840 3283 1073 3338 infertur
1104 3296 1223 3343 non
1257 3278 1570 3341 mediocris.
1612 3296 1633 3331 ι

490 3379 545 3435 5.
586 3376 788 3433 Verum
839 3374 888 3431 si
925 3374 1042 3429 hree
1078 3382 1187 3427 tam
1223 3372 1416 3438 multa,
1458 3378 1567 3424 tam
1608 3370 1795 3440 gravia
1841 3367 1997 3425 volu-

418 3485 543 3525 mus
577 3466 902 3538 Theophani
928 3465 1220 3536 imputare,
1271 3462 1571 3519 verendum
1597 3470 1702 3529 est,
1740 3476 1807 3517 ne
1830 3461 1995 3535 plura

418 3578 483 3629 ac
510 3563 761 3636 graviora
807 3564 1101 3616 occurrant
1121 3571 1285 3628 quam
1310 3556 1512 3630 quibus
1543 3555 1788 3622 lectoris,
1818 3567 1993 3631 quan-

418 3658 619 3715 tumvis
668 3654 915 3725 benigni,
953 3651 1149 3708 lenitas
1179 3651 1357 3721 possit
1394 3650 1700 3722 ignoscere.
1756 3649 1894 3705 Nam
1937 3659 1995 3704 ut

415 3751 667 3809 omittam
703 3761 825 3821 quas
873 3745 1021 3801 circa
1062 3743 1241 3800 sancti
1269 3742 1461 3814 Cyrilli
1507 3739 1994 3813 Hierosolymitani

417 3842 883 3909 decessorumque
912 3837 1032 3913 ejus
1061 3850 1137 3898 ~ac
1197 3849 1581 3892 successorum
1626 3834 1992 3896 chronotaxin

418 3932 722 3994 fmdissinte
760 3938 941 3985 errata
994 3927 1521 3993 demonstravimus,
1586 3944 1605 3978 ι
1640 3926 1995 3983 Emendatio—

418 4040 543 4079 nem
577 4030 804 4093 supcrat
846 4034 1087 4084 omnem,
1132 4018 1316 4090 inquit
1350 4018 1466 4089 ipse
1499 4016 1667 4083 Goar,
1708 4015 1991 4080 Romano-

420 4131 540 4169 rum
571 4113 955 4185 episcoporum
1006 4123 1201 4163 nomen
1248 4107 1590 4179 frequentius
1619 4108 1910 4176 omissum,
1940 4116 1995 4164 et

416 4217 549 4263 atas
590 4219 711 4276 pag.
743 4200 849 4255 208
894 4199 1105 4254 auctori
1144 4198 1372 4275 penitus
1411 4198 1629 4269 ignota:
1667 4215 1687 4249 r
1717 4197 1864 4268 quod
1911 4198 1990 4253 uti

416 4318 481 4355 ex
538 4294 864 4353 indubitatis
918 4292 1237 4362 pontificum
1275 4291 1435 4345 annis
1491 4290 1781 4346 manifeSIe
1833 4289 1992 4349 nobis

2024 3050 2067 3109 (Ξ

2106 441 2267 496 quem
2316 428 2369 481 in
2407 426 2588 482 fronte
2621 426 3023 495 expresserat?
3063 424 3155 481 Sic
3189 425 3253 480 ad
3288 440 3469 481 annum
3497 430 3547 484 l0
3569 437 3610 485 et

2107 517 2168 572 11
2226 518 2535 581 Constantii
2601 526 2899 573 narrantur
2950 527 3071 573 acta
3118 519 3259 574 inter
3314 518 3609 575 Athanasium

2105 620 2159 665 et
2191 608 2395 664 Julium
2450 610 2651 681 Papam
2677 652 2692 678 ,
2751 610 2845 680 qui
2901 608 2956 667 in
2995 625 3139 669 anno
3186 609 3469 669 Constantii
3496 611 3551 666 15
3576 623 3616 667 et

2106 700 2223 771 ipse
2258 701 2616 769 pontificatus
2680 702 2766 756 sui
2804 702 2872 757 15
2920 688 3125 757 annum
3170 700 3509 772 ultimumque
3544 719 3617 758 ex-

2106 793 2274 864 plevit
2310 811 2323 847 :
2356 809 2480 848 cum
2518 794 2736 849 interim
2781 794 2837 848 in
2868 793 3071 848 tabulis
3124 801 3271 847 totus
3303 794 3415 863 ejus
3447 798 3621 863 pontill-

2103 894 2263 940 catus
2298 884 2363 938 ad
2390 886 2715 941 sexennium
2746 895 3075 950 retroactus.
3114 888 3234 958 ipso
3261 904 3411 960 quem
3433 890 3622 947 diximus

2107 978 2173 1031 10
2230 992 2377 1038 anno
2434 980 2769 1047 Constantii,
2822 979 3102 1044 Liberium
3166 982 3331 1038 faciat
3380 983 3626 1041 succedere

2104 1067 2271 1125 Julio.

2102 1166 2139 1222 ἓξ
2174 1164 2226 1217 6.
2271 1162 2412 1229 Quid
2459 1173 2639 1222 autem
2667 1166 2916 1224 dicemus
2946 1170 3012 1225 de
3054 1185 3238 1241 regum
3268 1170 3534 1228 Persarum
3558 1188 3627 1227 se-

2103 1257 2229 1312 rie?
2297 1257 2597 1314 Exorditur
2661 1275 2780 1315 eam
2852 1260 3117 1333 Georgius
3184 1264 3455 1334 Syncellus
3513 1278 3627 1319 anno

2103 1355 2301 1417 quarto
2324 1349 2618 1403 Alexandri
2650 1348 2953 1418 ﬂammeae,
3003 1352 3095 1420 qui
3137 1350 3241 1407 fuit
3275 1355 3499 1425 vulgaris
3536 1370 3630 1409 erat

2102 1440 2487 1501 Alexandrina:
2514 1442 2643 1508 2l8,
2682 1452 2739 1499 et
2767 1445 3034 1515 expositis
3062 1446 3401 1517 singulorum
3439 1447 3630 1501 nomini-

2103 1533 2228 1599 bus,
2277 1542 2331 1589 et
2376 1543 2510 1605 quot
2549 1536 2756 1606 quique
2788 1540 3141 1609 regnaverint
3182 1540 3366 1603 annis,
3400 1540 3629 1609 usquead

2100 1624 2309 1682 Persici
2358 1626 2572 1698 imperii
2605 1632 2767 1683 linem
2799 1631 2902 1685 sub
2941 1628 3253 1698 Saracenis,
3299 1633 3529 1701 quintum
3563 1647 3633 1686 re-

2102 1734 2221 1790 gem
2252 1717 2482 1776 Uracem
2520 1722 2915 1791 (Arareuehem
2951 1723 3152 1778 dictum
3179 1724 3235 1778 in
3278 1724 3467 1780 tabulis
3489 1723 3635 1778 Theo-

2101 1807 2270 1879 phani
2328 1808 2548 1881 allictis)
2601 1811 2813 1873 inducit
2857 1813 2913 1875 in
2944 1812 3236 1883 imperium
3270 1827 3411 1868 anno
3438 1813 3635 1867 Alexan-

2101 1901 2272 1957 drina:
2337 1918 2460 1968 aer-aa
2517 1904 2624 1969 264
2672 1905 3036 1961 conformiter
3079 1905 3149 1960 ad
3191 1920 3455 1960 annorum
3496 1906 3637 1976 spatia

2101 1993 2335 2064 singulis
2367 1995 2488 2068 ejus
2534 1996 2925 2055 decessoribus
2961 1998 3015 2053 in
3063 1999 3316 2069 catalogo
3367 1998 3633 2067 assignate;

2100 2101 2337 2157 eumque
2366 2103 2541 2144 annos
2570 2089 2639 2143 l7
2679 2088 2998 2158 regnavisse
3046 2090 3269 2147 scribit.
3331 2089 3534 2144 Tabula
3555 2102 3635 2141 au-

2102 2185 2207 2233 tem
2246 2177 2390 2249 (qua:
2442 2196 2581 2251 pene
2640 2182 2843 2252 ubique
2884 2182 3065 2252 quoad
3106 2197 3373 2241 numeros
3406 2196 3635 2235 annorum

2101 2273 2544 2349 uniuscujusque
2592 2290 2765 2348 regno
2814 2277 3208 2337 attributorum
3263 2292 3384 2332 cum
3434 2270 3639 2342 Georgio

2099 2367 2477 2432 consentiunt,
2531 2367 2625 2425 sed
2683 2367 2931 2429 ordinem
2990 2367 3327 2440 quandoque
3357 2376 3408 2422 et
3448 2365 3641 2421 Domina

2100 2457 2463 2530 commutant)
2499 2474 2624 2515 cum
2660 2460 2887 2517 totidem
2922 2460 3087 2526 annis
3129 2474 3390 2536 regnasse
3428 2458 3643 2511 Arareu-

2100 2551 2256 2611 cbem
2286 2552 2604 2619 admittant,
2636 2554 2890 2608 ultimum
2928 2554 3076 2610 illius
3106 2569 3310 2609 annum
3339 2555 3641 2620 componunt

2099 2658 2224 2701 cum
2279 2643 2459 2714 primo
2522 2644 2901 2711 Diocletiani,
2963 2644 3342 2701 Alexandrinae
3390 2656 3501 2696 atrae
3540 2638 3635 2692 277

2100 2742 2266 2805 atque
2317 2735 2391 2793 ita
2447 2745 2691 2806 quatuor
2742 2751 2919 2792 annos
2981 2736 3254 2798 auferunt,
3302 2733 3425 2799 Quis
3471 2738 3637 2783 autem

2100 2827 2290 2883 credat
2320 2827 2717 2900 Theophanem
2758 2829 3203 2886 eontinuatorem
3233 2823 3460 2895 Georgii,
3505 2819 3643 2875 nulla

2100 2930 2397 2991 apparente
2426 2938 2489 2979 ex
2523 2937 2687 2977 causa
2732 2922 2808 2977 ita
2852 2921 2921 2979 ab
2954 2929 3183 2977 auctore
3230 2936 3329 2977 suo
3362 2918 3521 2972 fuisse
3543 2914 3649 2968 dis-

2101 3026 2424 3077 cessurum,
2477 3013 2523 3068 si
2581 3012 2793 3069 tabulas
2842 3012 2960 3084 ipse
3008 3010 3487 3081 conscripsisset?
3532 3004 3651 3071 Quis

2102 3118 2322 3161 rursum
2380 3104 2569 3159 credat
2619 3105 2956 3161 omissurum
3000 3104 3176 3161 fuisse
3246 3103 3511 3165 Varanis,
3566 3111 3653 3151 seu

2098 3194 2303 3251 Uranis
2334 3196 2367 3251 3
2418 3211 2620 3255 nomen
2675 3206 2729 3253 et
2785 3212 2962 3253 annos
3010 3197 3081 3261 4,
3136 3196 3184 3253 si
3225 3212 3343 3267 pra:
3373 3193 3535 3250 oculis
3564 3190 3653 3242 ha-

2098 3285 2311 3345 buisset
2367 3286 2623 3343 relictum
2679 3286 2785 3343 sibi
2834 3303 2863 3342 a
2909 3286 3145 3360 Georgio
3203 3284 3560 3357 Catalogum:
3604 3293 3659 3332 ac

2098 3378 2299 3436 deinde
2355 3396 2455 3451 pro
2516 3379 2761 3439 Urarane
2787 3381 2819 3437 5
2858 3380 3183 3437 Arsabelum
3215 3420 3233 3446 ,
3276 3394 3373 3452 pro
3419 3375 3659 3442 Samaspo

2098 3472 2531 3545 Pecmasapltum
2585 3474 2759 3538 fuisse
2792 3476 3128 3547 scripturum
3151 3514 3168 3541 ,
3231 3471 3546 3530 nominibus
3576 3464 3662 3522 toti

2099 3564 2423 3638 Georgiante
2450 3568 2613 3624 seriei
2650 3567 2898 3641 ignotis?

2172 3658 2222 3712 7.
2287 3658 2463 3717 Simili
2498 3661 2711 3716 ratione
2742 3661 2927 3716 licebit
2959 3659 3029 3720 ab
3066 3659 3136 3716 iis
3171 3658 3553 3733 argumentari
3582 3671 3661 3730 pa-

2096 3751 2380 3819 triarchis,
2424 3769 2567 3825 quos
2610 3755 2805 3811 ultimo
2838 3754 3025 3824 operis
3056 3755 3144 3813 sui
3174 3768 3332 3813 anno
3363 3756 3447 3810 sic
3481 3754 3660 3809 subne-

2097 3845 2198 3900 ctit
2253 3843 2562 3918 Georgius;
2610 3855 2670 3902 ut
2725 3846 2795 3901 ab
2850 3846 3047 3904 iisdem
3105 3846 3361 3905 exordiri
3427 3845 3665 3902 deberent

2097 3937 2450 4009 Theophanis
2508 3939 2746 4006 tabulae,
2813 3954 2843 3993 a
2898 3942 3079 4012 primo
3135 3939 3482 4000 Diocletiani
3541 3950 3665 3993 anno

2095 4032 2480 4101 exordientes;
2522 4033 2649 4088 licet
2679 4032 2745 4088 de
2795 4032 2891 4088 illo
2931 4048 3103 4097 anno,
3157 4040 3365 4105 utpote
3408 4036 3521 4103 jam
3551 4030 3668 4085 satis

2096 4125 2395 4197 descripto,
2436 4124 2573 4180 nihil
2612 4124 2968 4185 scribendum
2997 4125 3111 4182 sibi
3152 4142 3286 4183 esse
3322 4125 3669 4196 Theophanes

2096 4218 2405 4294 putaverit:
2456 4219 2545 4274 vel
2578 4217 2685 4274 hoc
2730 4220 2850 4289 ipso
2891 4218 3145 4277 indicans
3174 4220 3345 4289 prius
3378 4233 3520 4289 Opus
3549 4230 3580 4271 a
3621 4228 3670 4270 se

2096 4310 2455 4377 continuari,
2522 4326 2631 4365 non
2688 4311 2967 4373 conscribi
3021 4327 3230 4371 novum
3264 4352 3280 4377 ,
3343 4313 3496 4383 quod
3554 4311 3671 4364 alias

417 4395 651 4452 constat,
694 4383 769 4438 ita
801 4381 1055 4438 fortassis
1094 4381 1147 4435 in
1184 4380 1309 4435 aliis
1331 4381 1661 4450 patriarchis
1687 4380 1991 4452 deprehen—
2025 4404 2070 4460 ι)
2100 4401 2380 4472 auspicari
2437 4400 2720 4456 debuisset
2785 4401 2854 4455 ab
2909 4401 3061 4457 illius
3119 4401 3186 4455 ad
3257 4380 3559 4474 “mimum
3600 4399 3670 4453 in,

416 4483 695 4547 deremus,
741 4480 788 4536 si
822 4478 890 4535 de
919 4491 1110 4535 eorum
1144 4475 1589 4531 suceessionibus
1627 4485 1791 4546 atque
1815 4477 1992 4531 aetati-

418 4577 524 4633 bus
577 4576 694 4648 pari
749 4574 907 4631 nobis
955 4570 1172 4627 ratione
1213 4576 1517 4625 constaret.
1568 4566 1754 4639 Neque
1786 4567 1994 4626 dixeris

419 4669 650 4725 vitiosos
690 4667 973 4737 catalogos
1020 4677 1133 4735 prae
1163 4661 1340 4718 oculis
1379 4659 1670 4715 habentem
1706 4657 1996 4729 Theopha-

418 4775 543 4815 nem
589 4768 752 4829 atque
790 4758 958 4813 exiis
1006 4770 1182 4810 annos
1226 4761 1621 4824 supputantem
1667 4752 1722 4806 in
1757 4752 1991 4807 istorum

418 4859 668 4901 errorum
716 4852 925 4921 partem
976 4860 1086 4898 nou
1128 4842 1409 4898 minimam
1460 4841 1670 4913 prolabi
1702 4841 1990 4912 potuisse:

420 4937 754 5015 ubicumque
784 4937 929 4991 enim
966 4935 1021 4989 in
1053 4936 1169 5011 ipsa
1197 4936 1430 4992 historia
1454 4934 1729 5007 pontificis
1758 4933 1993 4990 Romani

418 5028 666 5087 occurrit
704 5026 928 5097 mentio,
971 5042 1079 5081 non
1115 5027 1280 5081 alium
1311 5041 1475 5099 quam
1518 5041 1617 5096 par
1661 5032 1777 5081 erat
1809 5024 1990 5079 nomi-

421 5124 572 5181 navit
629 5122 843 5197 uspiam
867 5136 890 5183 Δτ
955 5119 1231 5190 quomodo
1285 5119 1454 5194 igitur
1504 5120 1745 5191 ignotam
1814 5121 1992 5191 potuit

414 5230 603 5291 eorum
639 5213 837 5274 seriem
869 5219 1198 5287 aetatemque
1230 5210 1475 5269 habere?
1520 5222 1615 5268 aut
1652 5228 1774 5284 quae
1811 5219 1992 5283 potest

413 5320 564 5367 tanta
598 5307 811 5380 concipi
843 5305 1010 5362 ullius
1040 5302 1332 5375 scriptoris
1363 5304 1679 5377 oscitantia,
1718 5312 1776 5358 ut
1820 5319 1990 5359 anna-

415 5406 490 5461 les
544 5405 840 5473 ordinans,
890 5414 1095 5472 eosque
1140 5398 1196 5453 in
1245 5398 1428 5470 capite
1484 5398 1876 5478 imperatorum
1935 5405 1989 5452 et

415 5495 734 5562 pontiﬁcum
773 5495 932 5551 annis
962 5491 1330 5571 prasignans,
1370 5505 1571 5546 nomen
1603 5489 1826 5569 aliquod
1857 5488 1989 5551 scri-

416 5588 507 5635 bat
551 5584 989 5643 diversissimum
1020 5585 1089 5642 ab
1126 5600 1220 5652 eo,
1257 5584 1326 5640 de
1357 5597 1466 5653 quo
1502 5584 1556 5636 in
1606 5582 1722 5652 ipsa
1756 5582 1990 5636 historia

413 5680 635 5732 arturus
667 5687 750 5735 est
784 5696 797 5731 :
836 5690 930 5735 aut
958 5679 1173 5746 saltem,
1205 5695 1329 5735 cum
1360 5676 1429 5733 de
1465 5677 1652 5748 aliquo
1680 5677 1851 5758 egerit
1888 5691 1988 5741 n0—

2099 4506 2315 4564 gressu,
2364 4493 2710 4565 qui'primus
2742 4491 3075 4553 oll‘erebatur
3119 4493 3175 4548 in
3224 4493 3487 4549 historia:
3527 4505 3671 4561 argu-

2096 4593 2364 4651 mentum.
2388 4586 2547 4648 Huuc
2580 4593 2764 4643 autem
2795 4600 3000 4647 annum
3021 4601 3146 4643 cum
3171 4585 3493 4660 descripsit
3513 4584 3668 4642 Geor-

2094 4678 2218 4750 gius
2253 4678 2335 4733 sic
2373 4678 2658 4734 concludit
2685 4696 2701 4735 :

2166 4812 2347 4869 Roma
2377 4814 2649 4884 episcopus
2677 4813 2770 4877 28,
2802 4814 2991 4880 Caius,
3016 4815 3172 4867 annis
3211 4813 3306 4869 l5.

2165 4903 2461 4958 Antiochiw
2488 4904 2761 4972 episcopus
2791 4903 2879 4970 l7,
2915 4902 3170 4973 Cyrillus,
3206 4905 3379 4957 annis
3413 4903 3502 4959 15.

2164 4994 2505 5049 Alexandriae
2530 4999 2805 5064 episcopus
2832 4995 2919 5059 l6,
2955 4994 3212 5057 Theonas,
3244 4997 3418 5049 annis
3453 4994 3541 5049 19.

2168 5085 2440 5142 Hierosol.
2470 5086 2745 5155 episcopus
2781 5085 2869 5149 58,
2910 5084 3261 5156 Hymenaeus,
3294 5089 3467 5139 annis
3502 5083 3583 5137 l2.

2095 5217 2173 5274 Ex
2221 5218 2423 5290 quibus
2477 5216 2634 5288 juxta
2690 5219 2903 5287 priores
2943 5215 3162 5285 Georgii
3204 5217 3496 5279 calculos,
3531 5211 3677 5269 Caius

2095 5311 2316 5382 quidem
2348 5320 2404 5366 et
2443 5309 2981 5381 Theonas'primum
3032 5310 3186 5363 illum
3240 5308 3580 5364 habuissent
3627 5304 3670 5354 in

2093 5405 2410 5474 episcopatu
2451 5416 2657 5457 annum
2698 5419 2711 5456 :
2766 5401 3040 5473 Cyrillus,
3084 5416 3231 5455 anno
3298 5398 3676 5457 Alexandrina

2093 5511 2217 5552 aera:
2263 5494 2370 5550 264
2415 5507 2658 5562 creatus,
2709 5480 2914 5559 annum
2967 5494 3168 5565 egisset
3207 5493 3315 5559 M;
3364 5493 3673 5565 Hymenasus

2094 5604 2224 5645 vero
2255 5589 2530 5656 ultimum,
2583 5587 2689 5642 nisi
2742 5586 2914 5658 (quod
2964 5595 3046 5643 est
3107 5578 3464 5656 verosimile)
3515 5584 3675 5641 dicas,

2094 5681 2445 5751 librariorum
2480 5680 2618 5736 vitio
2668 5678 2874 5736 factum
2906 5687 2964 5733 ut
3000 5676 3297 5735 duodecim
3342 5678 3512 5733 annis
3550 5669 3674 5728 scri-
