3906 6226
263 339 399 406 1169

1276 352 1450 414 GOI).
1475 349 1955 416 HENSCHENII
1994 353 2519 415 DISSERTATIO.

3379 346 3515 415 1170

253 465 480 513 tueretur
521 457 758 526 sedisse,
812 461 900 518 cui
954 463 1158 535 passim
1205 464 1336 521 alibi
1378 467 1507 523 anni
1544 468 1834 539 plusquam
1863 470 1914 531 Α
1941 466 2274 538 Theophane
2320 466 2658 524 continuata:
2700 466 2948 538 praefixa,
2990 465 3308 538 hujusmodi
3342 468 3523 525 Cano-

253 552 323 606 20
363 551 743 620 assignantur.

323 643 379 697 8.
443 643 674 700 Interim
745 647 971 716 tabula,
1021 649 1484 723 chronOgrapbiae
1548 652 1749 708 exhinc
1807 666 1839 706 a

357 815 551 892 Annus
712 889 732 892 _
758 815 948 872 Annus
1083 817 1243 892 hom.
1282 821 1414 892 imp.
1497 822 1611 879 Rex
1647 822 1802 878 Pers.

339 886 545 940 conditi
711 889 983 944 lncarnat.
1092 886 1392 948 Diocletial
1569 895 1705 948 Ara-

383 955 538 1012 orbis
731 957 935 1016 divina:
1100 978 1206 1018 nus
1236 963 1396 1020 annis
1538 964 1760 1019 reutltes

1205 1031 1297 1087 20’.
1519 1035 1679 1091 annis
1705 1034 1792 1089 t7.

356 1148 496 1203 5777
792 1149 897 1204 277
1231 1154 1250 1208 Ι
1615 1146 1682 1209 l5

355 1217 499 1275 5778
785 1212 893 1276 278
1220 1216 1268 1278 ἶ
1609 1221 1676 1278 l6

357 1288 502 1345 5779
787 1291 894 1348 279
1224 1295 1261 1349 3
1609 1297 1632 1349 i
1643 1296 1675 1348 7

355 1361 498 1418 5780
789 1363 895 1419 280
1229 1366 1265 1421 4
1446 1365 1816 1422 Varanisan.l
1829 1403 1843 1418 .

250 1497 370 1552 Non
404 1497 707 1568 quaerimus
742 1507 988 1556 utrarum
1022 1502 1334 1558 tabularum
1361 1503 1556 1559 calculi
1588 1503 1656 1560 ad
1689 1502 1837 1560 veri-

252 1601 423 1645 tatem
480 1593 712 1662 propius
762 1592 1050 1661 accedant,
1090 1606 1142 1652 et
1181 1613 1314 1652 num
1356 1597 1532 1669 major
1564 1597 1701 1654 lldes
1743 1597 1839 1652 ad-

253 1679 491 1735 hibenda
547 1696 655 1735 non
705 1682 778 1737 sit
831 1683 1111 1750 Eusebio,
1165 1687 1447 1758 proximos
1498 1687 1840 1758 temporibus

253 1773 373 1827 suis
405 1773 701 1844 episcopos
731 1775 810 1831 sic
840 1777 1146 1843 ordinanti,
1188 1788 1249 1834 ut
1300 1779 1489 1844 Caius,
1545 1779 1839 1851 imperiutn

253 1867 602 1938 suscipiente
652 1866 1017 1936 Diocletiano,
1067 1873 1242 1942 egerit
1286 1873 1340 1928 in
1377 1873 1698 1942 episcopatu
1741 1887 1844 1928 suo

254 1971 465 2012 annum
519 1957 573 2023 5,
624 1956 950 2031 llymenaaus
1005 1962 1094 2028 i9,
1149 1961 1407 2018 Theonas
1445 1963 1501 2027 4,
1553 1961 1844 2034 Tyrannus

254 2051 481 2106 nonnisi
517 2060 642 2122 post
691 2068 866 2110 annos
901 2063 1027 2112 octo
1063 2056 1399 2114 successerit
1427 2050 1658 2128 Cyrillo,
1693 2057 1843 2111 circa

256 2141 586 2198 Diocletiani
639 2145 794 2200 initia
829 2147 1010 2216 agenti
1057 2163 1258 2204 annum
1292 2147 1562 2203 duntaxat
1586 2144 1640 2202 6'.
1693 2147 1842 2214 Ιίιεε,

258 2236 513 2304 inquam,
573 2251 684 2291 non
730 2240 1077 2308 querimus:
1141 2241 1234 2296 sed
1290 2241 1437 2296 istud
1496 2241 1842 2313 potissimum

255 2326 485 2382 lectoris
511 2329 891 2399 tequijudieio
922 2332 1307 2389 aestimandum
1343 2334 1728 2406 relinquimus.
1773 2350 1843 2389 an

255 2436 385 2474 eum
412 2419 635 2493 Georgii
665 2423 994 2479 chronotaxi
1039 2431 1146 2479 tam
1185 2424 1328 2480 male
1350 2425 1682 2480 cohaerentia
1713 2438 1845 2495 pos-

254 2515 330 2567 sit
363 2515 514 2570 credi
552 2517 842 2586 scripsisse
878 2511 1027 2572 illius
1059 2517 1438 2580 continuator,
1483 2525 1578 2571 aut
1617 2515 1846 2572 omnino

259 2604 468 2674 aliquis
494 2604 587 2674 qui
615 2603 908 2676 Georgium
935 2598 1128 2676 legerit
1153 2605 1188 2659 ?'
1210 2603 1410 2660 nedum
1438 2603 1486 2658 is
1516 2603 1608 2674 qui
1635 2604 1843 2670 omnia,

256 2712 383 2764 qua:
414 2696 520 2750 sibi
555 2697 648 2752 ille
674 2697 739 2752 ad
775 2693 1066 2753 texendam
1108 2692 1526 2769 chronologiam
1560 2692 1846 2768 conquisi-

257 2796 416 2844 verat
443 2788 833 2857 instrumenta,
871 2783 1238 2847 hazreditavit.

877 2924 1107 2982 CAPUT
1146 2925 1212 2982 ll.

259 3038 542 3106 Quomodo
606 3040 802 3094 tabula:
868 3040 1123 3110 confecta:
1185 3041 1484 3096 videantur.
1568 3039 1687 3106 Qua
1737 3057 1846 3096 rem

336 3110 678 3178 Theophanes
715 3127 844 3164 usus
885 3115 976 3166 sit.
1021 3110 1194 3176 Quam
1241 3121 1378 3166 recte
1407 3111 1471 3166 ab
1516 3128 1657 3165 anno
1703 3111 1850 3181 ejusf

1959 561 2109 616 nium
2142 559 2366 617 exhibet
2391 559 2513 633 ipso
2544 559 2600 614 in
2631 559 2824 615 limine
2854 575 2871 616 :

1956 817 2146 872 Romae
2316 816 2590 873 Hierosol.
2706 815 3000 872 Alexandr.
3103 816 3407 873 Antiochia:

1901 890 2195 969 episcopus
2297 888 2608 969 _episc0pus
2709 889 3005 969 episcopus
3110 889 3408 969 episcopus

1961 955 2159 1048 Gaius?
2297 955 2625 1048 Ilytttenieps
2726 956 2982 1048 Tireonla’s
3110 955 3408 1048 Tyrannus

1905 1030 2067 1086 annis
2093 1019 2180 1083 15.
2325 1019 2484 1084 a'unis
2505 1021 2596 1082 25.
2721 1029 2882 1084 annis
2908 1028 2993 1084 19.
3115 1019 3277 1085 annis
3305 1023 3392 1084 l3.

2025 1152 2057 1203 -ι
2390 1150 2458 1216 ts
2809 1151 2870 1204 ll
3233 1149 3271 1203 2

2019 1221 2054 1276 8
2388 1217 2458 1275 tt
2809 1215 2878 1274 τε
3233 1212 3270 1274 3"

2025 1293 2059 1346 9
2391 1288 2460 1344 15
2815 1291 2880 1344 15
3236 1290 3270 1343 4

1993 1362 2061 1418 10
2390 1361 2458 1416 16
2816 1361 2884 1415 Η»
3238 1360 3273 1416 5

1942 1500 2134 1558 xendae
2155 1499 2469 1556 accuratius
2496 1499 2682 1563 serici,
2731 1499 2785 1554 in
2819 1501 2937 1569 ipso
2979 1498 3314 1569 quandoque
3359 1499 3534 1553 histo-

1948 1594 2042 1649 riae
2095 1601 2356 1650 contextu
2393 1593 2689 1650 nonnullos
2721 1593 3106 1664 episcoporum
3150 1606 3217 1648 eo
3265 1607 3410 1648 anno
3443 1602 3532 1648 se-

1948 1685 2197 1742 dentium
2251 1681 2582 1752 nominare,
2643 1685 2976 1756 quandoque
3042 1700 3232 1739 eorum
3304 1685 3526 1739 nomine

1950 1779 2157 1834 certius
2188 1776 2294 1835 sibi
2323 1779 2540 1850 cognita
2569 1779 2879 1836 inscribere
2910 1774 3107 1837 lOculis
3135 1775 3278 1836 adid
3301 1774 3532 1851 praepa-

1879 1858 1920 1913 Β
1946 1871 2084 1927 ratis
2117 1889 2131 1926 :
2169 1870 2317 1927 nnde
2345 1887 2443 1928 eos
2474 1881 2731 1943 acceptos
2757 1877 2811 1928 in
2838 1873 3115 1930 Anastasii
3150 1873 3405 1929 versione
3427 1873 3532 1928 hoc

1947 1962 2111 2018 modo
2140 1962 2386 2033 reperias
2417 1979 2432 2016 :
2490 1980 2509 2014 ι
2547 1954 2732 2018 Mundi
2785 1978 2931 2020 anno
2967 1976 3267 2020 u‘ooxcut.
3324 1955 3533 2019 Divina:

1947 2053 2349 2114 incarnationis
2388 2072 2536 2113 anno
2562 2049 2686 2114 599.
2727 2057 2888 2113 Anno
2915 2073 3044 2113 vero
3076 2056 3294 2127 imperii
3337 2057 3534 2111 l’hocaa

1946 2143 2245 2214 5;lsacius
2301 2139 2860 2221 Hierosolymitanus,
2914 2150 3237 2205 Theodorus
3296 2147 3534 2204 Alexan-

1946 2243 2163 2306 drinus,
2218 2251 2272 2297 et
2302 2242 2628 2300 Anastasius
2655 2243 3036 2299 Antiochenus
3076 2242 3348 2298 habentur
3386 2235 3534 2296 anti-

1945 2335 2124 2390 stites.
2170 2353 2189 2387 ι
2247 2328 2312 2389 Et
2342 2333 2507 2405 paulo
2527 2337 2654 2405 post
2688 2349 2702 2394 :
2743 2355 2762 2388 ‹
2800 2332 2957 2390 Auno
3000 2335 3215 2405 imperii
3251 2335 3448 2390 Pboca:
3475 2336 3532 2403 7,

1949 2425 2177 2499 Sergius
2207 2425 2882 2498 Constantinopolitanus,
2931 2421 3232 2484 zachariae
3274 2420 3535 2484 Hieroswa

1949 2518 2268 2589 lymitanus,
2293 2525 2348 2572 et
2370 2516 2610 2575 Joannes
2645 2519 3056 2573 Alexandrinus
3088 2512 3361 2574 habentur
3387 2520 3534 2572 anti-

1949 2608 2128 2665 stites.
2167 2627 2186 2661 ι
2244 2607 2371 2664 llaec
2417 2610 2564 2665 enim
2607 2607 2828 2678 aliaque
2865 2602 3089 2672 similia,
3141 2610 3197 2664 in
3235 2603 3534 2665 Anastasio

1948 2700 2172 2772 quidem
2226 2717 2335 2758 non
2374 2696 2670 2757 admodum
2731 2717 2876 2767 rara,
2929 2701 2984 2756 in
3013 2693 3364 2773 Theophanis
3404 2717 3535 2757 vero

1949 2801 2100 2848 textu
2159 2793 2247 2849 vix
2305 2809 2548 2864 unquam
2608 2793 2931 2864 reperienda
2964 2835 2979 2859 ,
3043 2793 3190 2849 unde
3229 2793 3536 2863 accepisset

1951 2883 2078 2951 iste,
2111 2886 2155 2941 si
2190 2885 2280 2940 hic
2316 2900 2378 2940 ea
2412 2886 2468 2940 in
2493 2885 2660 2940 dictis
2683 2885 2878 2940 loculis
2909 2899 3018 2940 non
3053 2885 3370 2956 signasset?
3421 2885 3533 2942 lloc

1951 2984 2134 3030 autem
2168 2992 2292 3033 eum
2321 2976 2610 3033 credimus
2645 2977 2697 3031 in
2728 2977 2927 3032 melius
2969 2975 3077 3034 sibi
3111 2977 3348 3048 cognitis
3378 2976 3532 3032 urbis

1950 3065 2581 3138 Constantinopolitanae
2643 3067 2983 3123 Patriarehis
3039 3067 3358 3138 diligentius
3417 3069 3530 3124 l're-

1704 3159 1846 3254 ξίιξδά
1875 3197 1918 3255 C
1952 3161 2326 3230 quentiusque
2388 3161 2610 3226 fecisse,
2669 3175 2794 3216 cum
2853 3159 2957 3230 ipsi
3003 3160 3250 3217 historiae
3274 3177 3387 3217 sua;
3417 3171 3528 3218 tam

332 3250 575 3308 Radere“
612 3251 1036 3307 Alexandrinum
1065 3251 1226 3306 dixit.

333 3367 391 3423 9.
426 3365 570 3434 Quid
608 3365 814 3437 igitur?
852 3366 1092 3437 inquies.
1122 3366 1347 3422 Adeone
1372 3367 1660 3437 impudens
1685 3365 1849 3422 fuerit

262 3462 487 3532 aliquis,
525 3467 587 3515 ut
615 3459 940 3531 Theophani
969 3458 1250 3531 aﬂingeret
1276 3460 1517 3526 tabulas,
1545 3460 1613 3516 de
1641 3460 1847 3531 quibus

261 3555 591 3624 cogitaverit
624 3553 970 3624 numquam?
1008 3550 1126 3608 Non
1160 3553 1264 3608 hoc
1293 3552 1568 3608 dicimus:
1603 3550 1702 3608 sed
1723 3567 1845 3607 oat-

261 3649 402 3701 nino
434 3645 798 3709 arbitramur,
830 3632 1102 3714 ejusmodi
1137 3645 1352 3699 tabulas
1385 3644 1456 3698 ab
1487 3659 1555 3699 eo
1585 3659 1692 3698 non
1723 3652 1849 3698 tan-

259 3750 385 3795 tum
424 3739 771 3810 excogitatas
816 3729 986 3793 fuisse.
1013 3736 1094 3809 (ut
1119 3736 1524 3792 commodiores
1567 3737 1634 3789 ad
1684 3748 1846 3789 usum

251 3833 510 3898 lectoris,
544 3847 710 3902 quam
745 3831 940 3887 modus
996 3831 1087 3886 ille
1125 3844 1288 3901 quem
1342 3828 1520 3884 tenuit
1549 3827 1844 3899 Georgius,

246 3942 442 3984 annos
501 3925 690 3981 mundi
747 3925 1065 3996 Christique
1110 3932 1167 3980 et
1218 3922 1564 3991 imperatoris
1612 3920 1847 3978 Romani

249 4020 560 4093 praefigens
585 4018 831 4074 historia:
858 4019 924 4071 ad
949 4018 1124 4073 instar
1159 4016 1328 4080 tituli,
1367 4013 1435 4070 ad
1477 4014 1684 4070 calcem
1721 4027 1849 4068 vero

248 4111 546 4183 cujusque
573 4109 700 4164 anni
726 4108 1022 4164 Persarum
1051 4123 1210 4178 reges
1231 4115 1285 4161 et
1307 4116 1546 4177 quatuor
1569 4106 1852 4177 episcopa-

249 4217 426 4260 tnnm
455 4201 720 4273 prazsulcs
753 4199 1111 4270 subtexens),
1140 4214 1326 4254 verum
1352 4198 1513 4254 etiam
1543 4199 1737 4265 lineas,
1763 4198 1848 4252 in-

245 4312 349 4355 tra
407 4309 550 4366 quas
601 4302 790 4350 essent
836 4290 1217 4348 describenda:
1255 4307 1349 4362 per
1378 4291 1589 4346 loculos
1618 4291 1846 4357 divisas,

247 4389 330 4442 ab
381 4383 581 4440 eodem
631 4380 965 4453 TheOphane
996 4380 1168 4437 fuisse
1204 4379 1487 4447 deductas,
1545 4382 1738 4437 saltem
1792 4383 1847 4437 in

246 4476 544 4552 principio
579 4475 796 4546 operis,
843 4482 897 4530 et
926 4473 1019 4528 ubi
1056 4473 1108 4529 id
1141 4487 1248 4528 non
1293 4472 1444 4539 fecit,
1474 4474 1750 4531 similibus
1782 4476 1848 4530 li-

1953 3258 2210 3308 accurate
2234 3252 2532 3308 inseruerit
2567 3267 2784 3319 eorum,
2815 3251 2908 3322 qui
2935 3267 3041 3308 suo
3069 3267 3185 3308 aevo
3217 3251 3370 3308 luere
3395 3249 3532 3308 vici-

1951 3346 2159 3414 niores,
2192 3347 2348 3403 initia
2376 3343 2643 3417 ﬁnesque.
2700 3345 2846 3414 Quin
2873 3353 2930 3403 et
2956 3340 3332 3402 Romanorum
3362 3346 3536 3417 ponti-

1951 3435 2114 3492 ficum
2141 3447 2385 3508 tempora
2418 3431 2522 3492 sibi
2557 3435 2956 3508 propinquiora
2987 3436 3042 3494 in
3082 3437 3273 3494 eadem
3303 3435 3537 3494 historia

1949 3521 2377 3600 diligentissime
2407 3529 2682 3598 expressit
2719 3547 2734 3584 :
2787 3539 2841 3586 et
2879 3532 3135 3601 quamvis
3171 3533 3225 3587 in
3259 3534 3536 3603 antiquio-

1951 3611 2106 3673 ribus
2159 3619 2432 3674 aberrarit
2464 3615 2698 3676 subinde
2726 3632 2758 3675 a’
2794 3623 3050 3684 veritate,
3103 3639 3213 3678 non
3239 3624 3533 3680 admodum

1952 3721 2232 3768 correctos
2257 3719 2486 3767 secutus
2516 3712 2838 3782 eatalogos;
2889 3729 3174 3783 nunquam
3220 3722 3402 3770 tamen
3454 3718 3537 3772 sic

1951 3811 2036 3860 est
2081 3802 2459 3858 ballucinatus
2495 3802 2835 3873 (incipiendo
2864 3819 2893 3858 a
2923 3803 3092 3867 Julio,
3139 3806 3298 3874 cujus
3329 3807 3394 3861 ad
3431 3823 3532 3860 an-

1951 3911 2082 3950 num
2125 3910 2249 3950 aera:
2287 3894 2687 3965 Alexandrinae]
2708 3895 2812 3952 554
2849 3895 3141 3968 meminit),
3177 3898 3309 3968 quin
3344 3914 3534 3954 revera

1951 4004 2019 4045 eo
2057 3998 2154 4044 aut
2197 3989 2452 4060 proximo
2485 4003 2632 4044 anno
2677 3988 2724 4046 is
2765 3989 3016 4060 pontifex
3053 3989 3314 4046 Romana:
3335 3990 3538 4048 Cathe-

1953 4079 2067 4136 drae
2113 4080 2461 4153 praesederit,
2509 4079 2670 4152 cujus
2701 4080 2909 4138 factum
2940 4083 3166 4156 aliquod
3198 4084 3254 4139 in
3299 4084 3533 4141 historia

1954 4175 2286 4246 explicatur.

2026 4289 2114 4344 to.
2153 4288 2396 4345 Tabulas
2421 4296 2606 4344 autem
2644 4289 2718 4344 ita
2753 4299 3014 4346 vacantes
3049 4288 3324 4346 imcodice
3355 4288 3536 4347 adhuc

1955 4380 2224 4436 iuvariato
2254 4383 2525 4452 reperisse
2549 4382 2926 4447 Anastasium,
2962 4383 3190 4438 omnino
3216 4384 3492 4438 credimus
3517 4400 3532 4438 :

1955 4481 2145 4542 postea
2178 4484 2360 4530 autem
2391 4473 2596 4530 factum
2645 4488 2798 4540 esse,
2839 4483 2899 4528 ut
2939 4474 3146 4530 sciolus
3196 4475 3416 4542 aliquis,
3465 4490 3534 4529 ex

249 4573 390 4627 neis
431 4567 698 4624 ducendis
734 4565 972 4637 spatium
1010 4565 1065 4620 in
1099 4561 1292 4622 codice
1320 4579 1552 4622 vacuum
1592 4567 1845 4622 relictum
1883 4557 1926 4613 D
1957 4565 2223 4636 catalogis
2260 4565 2316 4620 in
2339 4565 2516 4621 sancti
2553 4563 2844 4635 Nicephori
2866 4564 3194 4634 patriarchae
3215 4564 3534 4619 Constanti-

243 4664 444 4721 fuisse
501 4674 532 4714 s
590 4660 890 4716 scribente.
943 4657 1190 4714 Dicimus
1230 4667 1409 4714 tamen
1468 4659 1616 4729 quod
1675 4674 1850 4716 annos

236 4752 463 4814 mundi
501 4750 820 4821 Christique
842 4758 896 4805 et
916 4748 1153 4803 Romani
1175 4748 1524 4818 imperatoris
1555 4749 1852 4820 scripsisse

233 4850 601 4906 conuentus,
641 4849 696 4896 et
728 4840 1143 4910 episcopatuum
1197 4838 1389 4894 titulos
1429 4837 1630 4908 cuique
1669 4839 1852 4895 loculo

231 4935 661 5013 praesignasse,
705 4931 916 4987 loculos
963 4931 1114 5000 ipsos
1160 4928 1406 4985 omiserit
1458 4930 1725 5018 tantisper
1763 4929 1846 4984 in-

225 5030 495 5101 scriptis
509 5024 824 5081 nominibus
841 5023 1222 5094 episcoporum
1239 5029 1295 5076 et
1322 5020 1664 5092 singulorum
1691 5022 1851 5078 annis

231 5124 526 5194 implere,
559 5120 686 5174 dum
710 5116 859 5189 quod
892 5116 947 5172 in
973 5130 1136 5187 opere
1157 5115 1492 5186 praecipuum
1519 5124 1639 5170 erat
1669 5114 1851 5171 absol-

223 5223 442 5278 visset
467 5230 490 5272 ε
521 5212 721 5270 deinde
774 5219 956 5266 autem
991 5209 1074 5264 vel
1114 5208 1322 5265 morbis
1353 5208 1438 5263 vel
1471 5209 1730 5264 arumnis
1760 5208 1854 5261 im-

223 5309 546 5386 peditum,
569 5303 652 5360 vel
671 5303 838 5359 etiam
866 5301 942 5357 rei
973 5299 1296 5356 dillicultate
1319 5300 1673 5356 absterritum
1703 5300 1849 5370 (cum

216 5398 483 5456 videret
541 5391 821 5463 quomodo
879 5390 1226 5460 episcopales
1287 5389 1520 5457 catalogi
1586 5389 1642 5444 in
1703 5390 1854 5446 desi-

219 5485 502 5565 gnanda
531 5484 970 5554 uniuscujusque
997 5483 1348 5553 pontiﬁcatus
1384 5491 1626 5553 tempore
1656 5484 1738 5538 vel
1770 5484 1854 5538 in-

216 5601 348 5643 ser
369 5597 433 5637 se
448 5579 536 5634 vel
556 5595 681 5634 cum
703 5581 848 5636 notis
866 5577 1195 5634 certioribus
1212 5584 1543 5648 pugnarent,
1562 5585 1616 5632 et
1635 5593 1854 5633 summa

214 5685 552 5736 annorum
604 5670 757 5725 iuita'
803 5670 858 5723 in
910 5668 1176 5723 descensu
1214 5683 1558 5737 ascensuque
1601 5667 1854 5724 faciendo

211 5779 560 5834 nunquam
590 5769 741 5818 recte
772 5758 1042 5830 ﬁniretur)
1093 5757 1419 5830 desperasse
1446 5760 1514 5816 de
1563 5775 1850 5816 successu.

341 5859 497 5913 Satis
528 5872 654 5926 ergo
687 5854 873 5910 habuit
920 5851 1126 5909 omissa
1164 5851 1434 5924 tantisper
1484 5867 1613 5908 cura
1664 5861 1849 5924 perte-

1955 4655 2262 4726 nopolitani
2317 4654 2725 4726 compendiaria
2786 4653 3227 4724 chronographia
3283 4654 3531 4724 repertis,

1953 4747 2249 4818 praedictos
2279 4747 2490 4802 loculos
2521 4745 2749 4816 implere
2785 4745 3100 4808 tentaverit,
3135 4745 3284 4812 inde,
3318 4745 3412 4801 ubi
3440 4745 3534 4802 isti

1953 4838 2008 4892 in
2039 4853 2141 4894 suo
2166 4837 2490 4895 desinebant
2523 4837 2921 4908 manuscripto.
2971 4853 3194 4894 sursum
3224 4837 3534 4896 ascendens

1958 4945 2053 4998 per
2090 4945 2361 4985 annorum
2387 4930 2586 4997 spatia,
2619 4937 2768 4985 recte
2809 4938 2905 4984 aut
2935 4944 3224 5001 perperam
3261 4930 3486 4986 delinita
3514 4949 3530 4996 ;

1955 5019 2092 5075 nihil
2125 5022 2280 5090 pensi
2332 5021 2578 5076 habendo
2603 5029 2739 5090 quot
2769 5020 2977 5090 quique
3033 5035 3251 5077 menses
3302 5022 3535 5090 diesque

1955 5113 2140 5183 plures
2168 5121 2265 5168 aut
2294 5113 2588 5182 pauciores
2619 5113 2868 5170 sederint
2903 5129 3070 5184 quam
3121 5128 3392 5169 annorum
3446 5115 3534 5167 in-

1955 5215 2230 5274 tegrorum
2282 5219 2547 5260 numerus
2601 5204 2896 5275 adjunctus
2946 5203 3242 5272 signiﬁcat.
3306 5204 3386 5258 ita
3439 5220 3534 5260 ne—

1955 5299 2200 5354 cessario
2255 5297 2372 5353 ﬁeri
2421 5296 2634 5360 debuit,
2682 5304 2743 5351 ut
2787 5296 3060 5367 ejusmodi
3109 5297 3532 5366 supputationes

1955 5390 2229 5459 corruptis
2256 5389 2423 5445 etiam
2452 5389 2783 5459 quandoque
2807 5389 2862 5443 in
2892 5402 2997 5443 ms.
3030 5401 3385 5441 numerorum
3434 5405 3537 5442 no-

1957 5485 2030 5540 tis
2070 5482 2382 5538 vitiosiores
2417 5481 2637 5542 redditi,
2681 5495 2790 5534 non
2835 5479 2999 5533 modo
3038 5494 3069 5532 a
3112 5480 3345 5534 veritate
3378 5496 3532 5536 rere-

1958 5575 2151 5631 derent
2185 5573 2503 5644 plurimum,
2535 5572 2628 5626 sed
2657 5587 2758 5626 nec
2788 5585 2915 5626 cum
2967 5571 3322 5638 Theophanis
3357 5572 3535 5627 histo-

1957 5669 2039 5725 ria
2070 5675 2328 5738 sequente
2355 5680 2532 5736 neque
2560 5680 2687 5718 cum
2713 5663 3052 5732 praecedente
3080 5664 3300 5732 Georgii
3334 5680 3538 5734 suppu-

1958 5761 2162 5814 tatione
2214 5765 2438 5831 possent
2488 5757 2823 5813 coincidere.
2876 5755 2949 5812 Ut
3007 5767 3189 5814 autem
3253 5758 3532 5814 Anastasii

1956 5853 2207 5911 versione
2224 5867 2507 5909 movemur
2525 5850 2590 5906 ad
2613 5849 2967 5920 credendum,
2989 5865 3332 5924 nequaquam
3351 5850 3392 5903 Τ
3399 5850 3532 5904 hee-
