3906 6226
485 319 620 387 1171

1401 320 1497 380 DE
1544 321 1604 378 s.
1641 316 2131 379 THEOPHANIS
2176 291 2832 380 crurumcrurum

3543 316 3646 384 1172

485 438 719 506 plranem
771 435 857 490 vel
913 448 1132 502 semper
1209 431 1292 488 vel
1350 434 1420 488 ab
1478 431 1642 489 initio
1698 432 2054 502 inscripsissc
2087 439 2130 496 Α
2161 441 2460 504 utrumque
2515 431 2826 490 detractum
2858 429 3492 500 voiunt,e’xistiruairtque
3524 435 3647 491 etiam

483 527 688 582 tabulis
744 528 1132 595 episcoporum
1191 539 1316 593 qua:
1369 523 1612 578 diximus
1667 525 1891 582 nomina
1931 525 2061 604 :sic

481 619 669 673 eadem
699 616 830 670 moti
866 615 1195 670 auctoritate
1243 616 1658 685 pcrsuademur,
1685 631 1794 670 non
1829 615 2060 687 singulis

480 709 641 762 annis
684 707 1076 777 praesignatum
1131 703 1302 760 fuisse
1340 721 1370 758 a
1401 704 1734 776 Theophane
1773 707 2060 760 mundana

477 814 540 854 ac
589 799 917 854 Christianae
960 813 1085 854 terte
1131 792 1460 862 nutrierunt;
1503 799 1600 854 sed
1639 800 1770 854 item
1818 808 1875 853 ut
1912 792 2061 852 Aus-

478 891 682 947 stasius
733 890 884 956 facit,
917 891 1170 944 adinitia
1222 889 1492 944 duntaxat
1536 889 1956 962 imperatorum,
2008 897 2062 946 et

477 981 810 1051 quandoque
837 981 1013 1036 alias:
1052 979 1180 1034 alibi
1227 979 1358 1035 vero
1391 980 1570 1034 solum
1619 978 1897 1049 signatum
1953 979 2060 1033 itu-

479 1074 614 1145 perii
648 1089 878 1139 annum,
907 1073 1054 1142 quod
1085 1077 1150 1128 eo“
1188 1071 1302 1127 fere
1351 1060 1469 1128 solo
1496 1072 1858 1127 consuessent
1888 1070 2062 1127 histoo

479 1167 577 1222 rici
609 1165 839 1244 publica.
860 1167 1065 1236 scripta
1116 1166 1354 1234 signare.
1406 1157 1544 1219 lli'nc
1581 1180 1744 1236 porro
1796 1165 1910 1219 ﬁeri
1945 1175 2055 1219 non

477 1258 770 1312 diliiculter
805 1257 1004 1328 potuit,
1037 1266 1101 1317 ut
1126 1258 1254 1311 dum
1293 1255 1362 1310 ad
1397 1270 1572 1312 annos
1605 1258 1792 1311 mundi
1826 1257 2060 1313 subinde

477 1353 812 1403 revocantur
865 1349 994 1402 anni
1053 1349 1470 1419 imperatorum,
1514 1348 1698 1418 aliqua
1741 1347 2060 1404 difﬁcultate

478 1439 778 1505 incidente,
809 1455 918 1495 non
949 1456 1164 1511 semper
1201 1439 1342 1496 facta
1377 1439 1547 1497 fuerit
1585 1438 1878 1496 uniformis
1924 1455 2055 1514 pro-

478 1534 711 1602 gressio,
740 1531 1204 1604 quemadmodum
1260 1531 1400 1586 infra
1455 1531 1670 1586 docturi
1705 1535 1916 1593 sumus.
1963 1547 2058 1588 os-

477 1614 804 1694 tensuriqu'e
836 1625 940 1677 nun
975 1630 1081 1676 tam
1141 1622 1316 1694 ipsius
1367 1618 1726 1692 Theophanis
1757 1636 1946 1678 errore
2002 1622 2056 1677 id

479 1717 706 1781 factum,
761 1731 922 1786 quam
965 1725 1198 1786 recepta}
1248 1733 1344 1786 per
1401 1717 1719 1774 universum
1771 1714 2052 1773 Orientem

475 1823 542 1860 ex
577 1821 678 1861 usu
716 1807 1102 1863 Alexandrina:
1136 1807 1398 1864 Ecclesia:
1431 1807 1808 1874 cbronotaxis,
1843 1809 1930 1863 ctti
1964 1825 2059 1881 ap-

476 1907 596 1954 tare
653 1914 713 1954 se
767 1893 962 1955 auctor
995 1900 1271 1956 debtierit.
1315 1899 1413 1956 llic
1469 1909 1756 1956 tamenne
1807 1903 2062 1958 tenebras

478 1991 680 2048 multas
714 1991 984 2056 oii‘undat,
1016 1991 1368 2064 TbeOphanis
1393 1991 1804 2064 chronologiam
1841 1995 1908 2050 ad
1938 2010 2061 2052 terat

477 2084 712 2154 vulgatae
740 2093 917 2141 annos
945 2085 1242 2157 aptaturis,
1281 2087 1420 2140 lianc
1453 2085 1897 2142 dissertationem
1941 2083 2060 2142 vul-

475 2191 605 2246 gare
629 2177 855 2246 placuit.

548 2265 636 2324 11.
671 2269 1057 2326 Alexatnlrirne
1110 2287 1273 2340 porro
1331 2271 1446 2328 sive
1494 2263 1888 2330 ecclesiastica:
1938 2287 2061 2328 tera:

473 2361 860 2429 diﬂ'erentiam,
911 2379 1020 2419 tera
1071 2364 1386 2422 Graecorum
1435 2381 1532 2422 seu
1581 2365 1954 2422 Romanorum
2005 2366 2060 2420 id

473 2463 558 2507 est
587 2451 1350 2525 Constantinopolitannruin,
1381 2459 1495 2528 ipse
1520 2460 1676 2513 nobis
1701 2457 2061 2529 Theophanes

473 2544 715 2614 explicat
742 2545 808 2599 ad
843 2555 1152 2601 extremum
1183 2547 1420 2604 Zenonis
1467 2549 1816 2622 imperatoris
1845 2565 2052 2604 annum

475 2634 562 2688 his
592 2633 818 2690 verbis:
863 2653 880 2685 ς
922 2633 1190 2688 Caeterum
1239 2651 1442 2700 attnus,
1476 2652 1586 2706 quo
1611 2635 1758 2692 Zeno
1806 2643 2060 2691 mortuus

473 2734 559 2782 est
619 2735 674 2782 et
744 2726 1070 2782 Anastasius
1139 2728 1408 2798 imperare
1467 2729 1656 2799 empit,
1723 2729 1790 2784 ab
1850 2719 2060 2783 Adam'o

473 2835 506 2872 ν
531 2839 580 2871 ao
611 2832 893 2874 nccccxctx
929 2819 1070 2890 apud
1099 2818 1377 2877 Romanos
1407 2808 1734 2878 numeratur
1758 2819 1880 2890 ;qui
1905 2821 2058 2888 juxta

473 2907 879 2976 diligentiorem
937 2920 991 2965 et
1019 2911 1292 2966 veriorem
1346 2908 1836 2966 Alexandrinorum
1871 2914 2058 2967 caleuo

477 3009 586 3054 tum
623 3018 728 3052 Voo
773 3015 1162 3064 ncccccxxxtn,
1203 3018 1232 3056 a
1281 3001 1608 3058 Diocletiani
1657 3003 1890 3074 imperio
1923 3003 2054 3070 207,

2166 527 2247 582 sic
2300 525 2480 582 serius
2531 539 2696 595 quam
2731 539 2830 594 par
2877 531 2963 580 est
3001 521 3386 578 Diocletianum
3422 523 3482 579 at
3519 539 3572 580 eo
3609 527 3648 583 in

2165 617 2455 687 imperium
2495 615 2710 672 induci.
2745 615 2884 674 Cum
2915 615 3062 670 enim
3111 613 3414 672 Graecorum
3455 631 3596 674 annus
3629 634 3650 673 a

2168 704 2480 778 Septembri
2515 723 2708 764 mense
2755 722 2918 764 suum
2957 714 3141 785 sumat
3170 707 3460 770 exordium,
3497 715 3542 762 et
3574 716 3652 765 tum

2163 816 2230 856 ex
2259 800 2387 856 aliis
2413 797 2752 864 auctoribus,
2786 799 2902 854 turn
2943 813 3008 854 ex
3033 795 3328 864 Chronico,
3361 798 3492 870 quod
3516 809 3659 856 vacant

2165 874 2560 955 Alexandrino,
2587 887 2912 953 habeamus,
2955 908 2975 942 ι
3008 885 3396 944 Diocletianum
3436 891 3660 961 imperato-

2166 977 2283 1042 rem
2315 982 2404 1048 15.
2435 979 2710 1040 Kalendas
2741 980 3029 1038 Oetrobris
3063 976 3404 1036 Chalcedene
3439 973 3660 1035 renuntia-

2165 1087 2300 1140 tum,
2329 1075 2382 1142 5,
2397 1074 2670 1131 Kalendas
2691 1073 2950 1131 Octobris
2979 1072 3352 1130 Nicomediam
3373 1075 3662 1142 purpuratum

2165 1163 2484 1232 intravisse,
2539 1173 2596 1222 et
2653 1163 2918 1222 Kalendis
2975 1162 3226 1220 Januarii
3274 1164 3528 1220 consulem
3575 1179 3668 1236 pro-

2161 1257 2358 1326 diisse,
2393 1277 2412 1310 ι
2458 1257 2688 1314 evidens
2713 1263 2799 1314 est
2846 1250 3052 1312 nullam
3104 1257 3238 1312 anni
3268 1255 3372 1310 276
3411 1263 3584 1325 partem
3619 1257 3668 1308 ad

2161 1350 2342 1422 ipsius
2369 1349 2660 1422 imperium
2691 1350 3048 1421 pertinuisse,
3087 1345 3198 1404 nisi
3229 1345 3398 1418 ustiue
3422 1346 3482 1402 ad
3520 1337 3671 1402 Kalen-

2160 1442 2262 1499 das
2283 1441 2535 1498 Januarii
2564 1440 2788 1498 diﬂ'eras
2815 1441 2948 1496 anni
2979 1439 3200 1498 initium
3233 1437 3536 1496 numerare:
3561 1437 3669 1509 quod

2161 1535 2270 1589 non
2312 1531 2524 1590 faciunt
2557 1541 2814 1589 auctores
2845 1547 2956 1588 uno
2982 1546 3128 1586 anno
3169 1527 3478 1586 Diocletiani
3505 1528 3672 1583 initium

2162 1625 2575 1698 anticipandutu
2605 1621 2943 1697 iudicantes.
2983 1623 3076 1679 sed
3109 1622 3221 1678 alio
3267 1622 3501 1677 nituntur
3523 1619 3675 1676 funda-

2163 1727 2370 1788 mento,
2409 1716 2658 1789 persuasi
2684 1715 2940 1774 videlicet
2976 1713 3242 1772 Palilibus
3285 1714 3450 1780 festis,
3488 1713 3534 1770 id
3558 1711 3676 1769 est5

2163 1805 2292 1864 ldus
2327 1806 2476 1872 Maii,
2503 1807 2654 1864 illum
2687 1810 2811 1864 ease
2836 1803 3096 1864 exorsum
3129 1823 3379 1878 regnare.
3403 1805 3578 1862 Verum
3603 1807 3678 1859 hoc

2163 1917 2328 1974 quam
2373 1909 2581 1956 temere
2611 1903 2956 1970 assumptum
2997 1895 3165 1954 fuerit
3198 1915 3269 1955 ex
3297 1898 3467 1960 verbis
3511 1895 3680 1953 Claudii

2163 1992 2476 2050 Mamertini
2509 1987 2563 2050 in
2597 1993 2885 2062 chronico,
2913 1993 2968 2048 in
3002 1989 3170 2048 alium
3198 2006 3424 2064 prorsus
3449 2005 3588 2062 quam
3617 1985 3684 2043 ro-

2162 2103 2290 2144 vera
2325 2086 2566 2144 habeant
2613 2101 2838 2143 sensum
2876 2085 3133 2149 detortis.
3192 2083 3427 2142 dilucide
3474 2081 3682 2138 Petavius

2164 2183 2352 2235 noster
2393 2175 2635 2234 ostendit
2668 2178 2761 2234 lib.
2798 2184 2836 2233 ll
2872 2175 2950 2232 De
2987 2176 3238 2232 doctrina
3292 2187 3556 2244 temporum
3584 2187 3683 2240 cap.

2161 2261 2253 2338 30,
2289 2273 2522 2343 ingenue
2571 2277 2895 2335 retractans,
2925 2285 3047 2341 quae
3074 2270 3219 2326 alias
3245 2286 3308 2326 ex
3343 2269 3686 2327 inveterata,ut

2162 2363 2258 2428 ait,
2317 2360 2782 2433 chronologorum
2823 2364 3101 2418 sententia
3143 2361 3456 2433 scripserat.
3494 2356 3688 2414 Eosdem

2160 2465 2344 2511 autem
2394 2470 2622 2525 prorsus
2659 2454 2792 2508 nihil
2838 2461 3021 2526 potest
3061 2451 3260 2524 juvare
3308 2454 3360 2508 11
3413 2450 3691 2506 consulatus

2163 2543 2489 2600 Diocletiani
2524 2559 2648 2598 cum
2687 2543 2740 2598 ll
2774 2559 2919 2598 anno
2963 2540 3295 2606 tribunitiae,
3317 2541 3366 2598 id
3388 2551 3462 2596 est
3489 2541 3695 2608 impera-

2163 2637 2319 2692 toria:
2349 2637 2663 2707 potestatis,
2702 2636 2760 2691 in
2802 2635 3136 2706 quihusdam
3163 2633 3420 2704 lapidibus
3448 2625 3697 2698 composic

2163 2740 2272 2785 tus.
2299 2728 2461 2783 Aliud
2493 2729 2638 2782 enim
2671 2737 2756 2783 est
2783 2727 3070 2797 utriusque
3099 2727 3341 2780 initium:
3380 2732 3568 2778 etcum
3601 2717 3697 2772 hoc

2162 2820 2366 2890 optime
2392 2829 2610 2876 constat
2637 2821 2784 2890 quod
2815 2819 2962 2874 hunc
2993 2818 3334 2875 consulatum
3358 2811 3541 2870 adierit
3565 2824 3700 2864 anno

2164 2911 2381 2982 imperii
2435 2913 2520 2969 sui
2575 2913 2776 2984 primo,
2805 2920 2860 2968 et
2907 2909 3036 2966 ideo
3086 2917 3237 2965 recte
3281 2925 3300 2959 ί
3335 2921 3365 2960 a
3416 2900 3703 2960 consulibus

2163 3003 2504 3060 Diocletiano
2549 3003 2609 3057 ll
2645 3011 2702 3058 et
2747 3001 3069 3058 Aristobulo
3118 2997 3366 3070 ejusdem
3413 2987 3700 3049 Diocletiani

474 3111 503 3148 a
551 3095 734 3150 divina
785 3096 1169 3151 incarnatione
1197 3095 1324 3162 483,
1361 3097 1660 3152 indictione
1699 3097 1781 3164 Η,
1815 3109 2054 3153 notatur.
2082 3123 2126 3184 ρ
2163 3097 2288 3151 anni
2317 3098 2383 3150 ad
2414 3095 2624 3152 Pascha
2653 3093 3026 3184 ordinandum
3069 3088 3276 3164 digesti
3309 3094 3458 3184 sunt,
3484 3105 3510 3140 ι
3540 3097 3704 3156 quem-

479 3187 584 3254 Qni
623 3202 804 3243 annus
865 3187 989 3242 eum
1033 3189 1176 3242 ‘citra
1205 3187 1431 3243 dubium
1462 3185 1631 3243 'ullum
1665 3187 1827 3244 fuerit
1861 3190 2054 3259 vulga-

475 3279 552 3334 ris
577 3295 698 3333 tera:
727 3279 853 3341 Ml,
880 3279 1090 3350 liquido
1116 3291 1340 3350 apparet
1367 3280 1790 3343 Alexandrinos.
1820 3281 1875 3335 in
1899 3295 2060 3336 mun-

475 3373 636 3424 danis
657 3371 878 3442 quidem
913 3371 1152 3425 sedecim
1189 3386 1363 3426 annos
1399 3371 1688 3442 pauciores
1711 3387 2054 3437 numerasse,

474 3477 598 3516 :erze
654 3471 838 3516 autem
898 3461 1229 3516 Christianae
1283 3477 1462 3518 annos
1518 3463 1825 3518 detraxisse
1881 3467 2052 3518 octo:

475 3553 642 3627 idque
673 3555 1068 3610 COlIllllOlel’lS
1107 3555 1518 3626 supputationis
1550 3571 1741 3620 causa,
1784 3567 1840 3610 ut
1889 3570 2055 3626 appa-

477 3657 580 3712 ret,
641 3645 751 3716 qno
794 3655 908 3702 toto
965 3643 1076 3703 uno
1107 3647 1310 3704 sreculo
1343 3648 1614 3702 unitatum
1672 3664 1734 3701 ac
1789 3647 2054 3703 decadum

477 3738 692 3792 muneri
716 3729 1002 3807 aequaliter
1029 3740 1388 3810 procederent
1413 3738 1466 3793 in
1490 3739 1844 3796 recensendis
1868 3741 2054 3796 mundi

475 3830 794 3898 Christique
829 3829 1012 3886 annis.
1067 3829 1220 3886 llunc
1283 3830 1450 3901 igitur
1503 3831 1776 3887 calculum
1838 3832 2057 3888 seczztus

475 3922 862 3999 Theophanes,
883 3931 938 3980 et
965 3923 1462 3997 cltrnnograpbiam
1491 3927 1520 3979 a
1546 3923 1778 3996 Georgio
1805 3913 2058 3998 Syneelio

477 4030 653 4084 usque
684 4016 750 4071 ad
790 4015 1118 4073 Diocletiani
1154 4017 1474 4088 perductam
1534 4013 1688 4070 initia
1738 4033 1902 4088 porro
1933 4025 2054 4088 per-

471 4115 750 4174 texturus,
780 4109 1019 4180 primum
1053 4108 1186 4164 dicti
1222 4108 1572 4180 imperatoris
1601 4107 1804 4164 annum
1837 4104 2058 4180 compo-

475 4181 586 4252 suit
614 4203 738 4253 cum
772 4213 918 4252 anno
937 4197 1142 4253 Christi
1169 4198 1299 4263 277,
1335 4199 1428 4268 qui
1460 4197 1642 4260 nobis,
1675 4197 1940 4252 octe'nnio
1971 4195 2060 4250 ad-

475 4285 615 4353 dito,
651 4295 739 4342 est
789 4285 918 4352 285,
975 4295 1140 4356 atque
1181 4288 1254 4340 ita
1291 4287 1459 4341 tacite
1517 4287 1759 4341 correxit
1811 4299 2055 4341 errorem

474 4379 722 4436 auctoris
748 4379 858 4446 sui,
882 4393 1086 4433 annum
1107 4379 1216 4433 278
1239 4376 1362 4434 sem
1388 4375 1792 4445 Alexandrinae,
1819 4379 2054 4446 primum

2163 3187 2460 3242 admodum
2520 3187 2574 3242 in
2607 3185 2770 3242 faStis
2805 3181 3438 3256 Constantinopolitanis
3487 3187 3705 3247 expresse

2160 3282 2386 3336 dicitur.

2234 3352 2321 3430 ιδ.
2369 3372 3026 3443 Constantinopolitauts,
3071 3383 3328 3441 mquam,
3373 3365 3496 3422 licet
3539 3357 3705 3416 netiori

2154 3465 2268 3536 jam
2324 3470 2548 3522 nomine
2610 3466 2913 3522 cbronicon
2976 3462 3421 3520 Alexandrinum
3463 3461 3706 3515 vocentur.

2159 3573 2222 3612 ex
2268 3558 2528 3628 Opinione
2567 3556 2766 3612 Raderi
2817 3555 2994 3612 nostri
3037 3553 3270 3612 eosdem
3311 3547 3500 3610 Graece
3525 3547 3704 3603 Latine.

2161 3663 2268 3719 que
2295 3651 2548 3706 edentis:
2587 3664 2750 3720 quam
2801 3655 2855 3703 et
2906 3661 3008 3704 nos
3057 3647 3490 3719 appellationem
3531 3641 3604 3712 (ut
3637 3651 3706 3691 re.

2162 3749 2321 3810 cepto
2356 3742 2661 3796 serviamus
2710 3739 2862 3809 usui)
2911 3737 3174 3794 libentius
3213 3749 3567 3806 usurpamus.
3595 3726 3708 3782 Satis

2162 3835 2307 3889 enim
2336 3837 2461 3889 esse
2490 3840 2670 3903 potest
2698 3829 2974 3886 eruditum
3006 3830 3276 3886 lectorem
3319 3827 3410 3882 hic
3450 3822 3708 3882 moeniae.

2163 3927 2309 3996 quod
2373 3926 2674 3982 cbronicon
2724 3924 2856 3979 illud
2899 3933 3094 3978 revera
3147 3922 3292 3976 nihil
3349 3923 3533 3975 minus
3579 3927 3711 3986 quam

2163 4013 2599 4070 Alexandrinum
2631 4013 2744 4080 sit;
2777 4012 2983 4083 quippe
3023 4010 3172 4082 quod
3203 4010 3354 4066 nihil
3403 4009 3591 4064 habeat
3615 4013 3712 4059 eum

2161 4105 2652 4161 Alexandrinorum
2715 4103 3023 4160 rationibus
3069 4118 3396 4159 commune.
3439 4101 3554 4157 Non
3597 4101 3718 4152 tuere

2163 4201 2347 4264 sium,
2410 4207 2521 4253 non
2573 4197 2784 4252 dierum
2837 4197 3096 4262 nomina,
3155 4207 3294 4268 quas
3367 4186 3714 4251 Alexandrinis

2163 4290 2484 4362 Egyptiaca
2515 4297 2673 4344 erant
2699 4288 2908 4352 omnia,
2937 4288 3207 4345 chronica
3249 4295 3442 4343 autem
3475 4286 3598 4340 huic
3622 4294 3718 4352 paro

2162 4388 2258 4441 tim
2291 4386 2479 4443 Graeca
2508 4387 2703 4464 partim
2720 4380 2914 4440 Latina
2931 4392 3078 4450 sunt,
3099 4385 3158 4438 tit
3183 4383 3462 4438 Kalendm
3487 4379 3618 4441 idus,
3631 4384 3713 4430 etc.

478 4468 804 4527 Diocletiani
834 4468 1110 4526 facientis.
1148 4469 1361 4524 Etenim
1419 4467 1508 4523 hic
1559 4467 1856 4522 Alexandri
1891 4466 2057 4522 ilam-
2092 4481 2132 4535 ι)
2164 4472 2286 4528 Non
2345 4473 2560 4528 initium
2613 4475 2766 4538 anni,
2791 4471 2940 4544 quod
2991 4471 3400 4528 Alexandrinis
3455 4467 3670 4527 sumitur
3693 4473 3717 4513 ³

479 4579 614 4620 mete
649 4563 1118 4635 anntistred‘ecim
1151 4570 1300 4616 recte
1331 4560 1386 4615 in
1423 4573 1568 4614 anno
1605 4557 1738 4625 215,
1767 4561 1861 4630 qui
1895 4560 2053 4616 nobis

477 4655 584 4710 223
630 4655 756 4722 fuit,
800 4655 1132 4721 exordiens,
1187 4655 1371 4710 minus
1415 4655 1564 4709 recte
1601 4652 1780 4709 eidem
1831 4653 2056 4708 dederat

479 4763 858 4806 successorem
912 4748 1294 4826 Maximinum,
1356 4762 1500 4802 anno
1546 4745 1676 4813 228,
1711 4745 1807 4817 qui
1859 4745 2055 4818 fuisse}

477 4839 722 4910 vulgaris
748 4855 874 4897 serae
926 4841 1053 4908 256,
1081 4854 1209 4898 eum
1231 4899 1240 4908 ,
1265 4841 1472 4896 dictum
1524 4836 1893 4894 Alexandrum
1923 4852 2056 4893 con-

477 4933 587 4986 stet
622 4931 755 4988 solis
783 4947 980 4987 novem
1013 4934 1209 4990 diebus
1247 4931 1394 4989 ultra
1439 4932 1705 4986 tredecim
1745 4943 1921 4984 annos
1967 4941 2055 4983 re-

484 5035 709 5088 gnasse,
739 5031 905 5091 atque
933 5024 1072 5078 adeo
1101 5025 1280 5094 pridie
1304 5025 1488 5080 Narras
1523 5021 1748 5078 Martias
1785 5021 2056 5076 acclama-

477 5125 618 5182 tum,
639 5115 776 5186 ipsis
799 5114 982 5169 ldibus
1009 5115 1250 5170 obiisse:
1279 5126 1338 5171 ut
1361 5130 1703 5184 consequens
1727 5115 1798 5170 an
1819 5113 2052 5182 primum

474 5205 756 5263 Maximini
805 5220 1009 5261 annum
1059 5205 1224 5260 statui
1276 5207 1534 5264 debuisse
1558 5205 1685 5273 227,
1715 5214 1770 5260 et
1815 5205 2056 5274 reliquos

477 5301 742 5372 deinceps
796 5313 975 5357 annos
1007 5313 1036 5354 a
1071 5297 1306 5370 Georgio
1355 5310 1690 5365 nuuicrutos,
1719 5297 1818 5353 tali
1870 5301 2057 5352 errore

475 5397 644 5452 semel
673 5397 876 5465 posito,
927 5408 1260 5453 excreseere
1304 5407 1470 5464 supra
1529 5397 1815 5448 numerum
1843 5392 2054 5462 justum

473 5503 620 5545 anno
651 5505 778 5545 uno.

554 5581 640 5634 1‘2.
679 5581 896 5651 Optime
925 5585 1092 5657 igitur
1130 5581 1259 5640 fecit
1300 5580 1662 5651 Theophanes
1695 5579 1838 5652 quod
1889 5575 2060 5633 Geor-

477 5672 655 5744 gianae
682 5675 1138 5750 chronographim
1179 5675 1517 5748 superfluum
1543 5673 1705 5728 istum
1732 5685 1936 5725 annum
1967 5668 2060 5724 de-

471 5751 748 5823 traxerit:
781 5778 888 5821 neu
939 5772 1069 5826 item
1105 5771 1163 5834 ii,
1200 5772 1290 5840 qui
1342 5768 1446 5838 ipsi
1491 5765 1813 5837 Theophani
1854 5779 2056 5820 annum

2160 4565 2351 4622 ine‘nse
2378 4560 2582 4632 Tltotb,
2613 4565 2772 4636 cujus
2801 4567 3014 4637 primus
3060 4563 3180 4620 dies
3208 4563 3525 4636 respondet
3545 4559 3610 4614 29
3633 4553 3714 4609 diri

2161 4657 2370 4714 mensis
2432 4657 2790 4730 Augustizin
2845 4657 3107 4714 ἰξὺνοηὶεο
3159 4665 3360 4712 autem
3417 4671 3450 4710 ι
3501 4645 3722 4708 Kalendis

2157 4748 2400 4804 Januarii
2434 4748 2686 4806 Romano
2713 4749 2868 4805 more
2896 4747 3133 4804 ducitur.
3172 4743 3303 4802 Non
3333 4747 3480 4801 anni
3508 4742 3715 4799 titulun.

2161 4857 2322 4914 quem
2379 4821 2619 4914 Egypt"
2655 4847 2688 4898 a
2729 4841 2951 4913 regibus
3005 4839 3522 4910 imperatoribusve
3571 4843 3724 4892 sume-

2158 4935 2313 5002 bant;
2336 4933 2642 4990 Chronicon
2676 4943 2857 4990 autem
2887 4935 3054 4989 Sumit
3085 4947 3114 4986 a
3145 4931 3492 4988 consulibus
3515 4943 3576 4984 ex
3602 4931 3721 4978 mm

2161 5025 2428 5082 Romano.
2484 5019 2605 5080 Non
2650 5027 2814 5080 uram
2846 5025 3089 5090 Christi;
3133 5025 3312 5093 quam
3342 5022 3569 5094 qualem
3591 5025 3723 5071 usu!b

2162 5119 2342 5188 purint
2376 5117 2729 5173 Alexandrini
2765 5117 2876 5186 jam
2913 5115 3172 5179 vidimus,
3223 5114 3550 5170 cbronicon
3573 5114 3719 5164 autem

2161 5217 2390 5282 prOrsus
2438 5225 2546 5264 non
2595 5209 2838 5280 attingit,
2889 5197 3191 5277 procedens
3235 5205 3570 5263 Graecorum
3600 5205 3721 5255 more

2159 5318 2257 5373 "cf
2279 5299 2656 5372 Olympiade“,
2695 5297 2969 5372 Egypms
3001 5299 3054 5352 iu
3080 5297 3249 5352 rebus
3285 5297 3537 5368 publicis
3567 5287 3722 5346 eonsié

2161 5393 2394 5466 gnandis
2421 5393 2732 5449 inusitatas.
2763 5377 2835 5446 Ut
2867 5391 3044 5446 autem
3075 5397 3140 5446 cx
3173 5399 3338 5444 tanta
3368 5391 3722 5445 characteer

2159 5486 2676 5558 chronologicorum
2720 5485 2788 5540 ab
2829 5483 3339 5539 Alexandrinorum
3389 5497 3497 5538 usu
3545 5481 3722 5534 discur-

2160 5580 2346 5648 pantia
2384 5575 2675 5631 manifeste
2707 5575 3060 5630 convincitur
3091 5571 3602 5628 Alexandrinorum
3631 5568 3720 5618 mil

2158 5685 2304 5734 esse,
2337 5669 2392 5722 in
2421 5683 2532 5739 quo
2560 5667 2648 5724 illa
2681 5668 2972 5738 reperitur,
3001 5667 3077 5721 ita
3103 5681 3133 5720 e
3173 5679 3466 5721 converso
3491 5656 3724 5718 indubita-

2165 5770 2278 5815 tum
2320 5761 2534 5816 videtur
2560 5759 2690 5816 ferri
2723 5757 2990 5831 judicium
3025 5771 3205 5828 posse,
3239 5755 3559 5826 pracdicto:
3576 5745 3720 5804 ίιειοθ
