3906 6226
464 316 604 384 1175

1394 319 1492 379 DE
1530 320 1591 378 S.
1618 320 2112 383 THEOPHANIS
2148 320 2810 384 CHRONOGRAPHIA

3541 316 3641 392 lliti

458 446 567 502 que
605 428 740 484 adeo
774 429 839 483 ad
877 429 943 483 l3
970 428 1332 483 lndictionem
1379 430 1677 500 pertinere.
1722 430 1838 487 Tali
1877 449 2039 504 porro
2066 437 2119 499 Λ
2142 436 2268 492 culo
2293 444 2474 491 autem
2508 442 2664 491 sexto
2691 441 2815 505 post
2845 434 3131 491 Anastasii
3163 435 3381 490 mortem
3416 440 3529 507 pene
3546 458 3645 509 quo-

316 542 319 543 ν
392 554 397 559 -
453 536 642 579 errore
671 521 778 591 jam
814 518 1013 590 posito,
1049 521 1425 576 necessarium
1458 521 1581 589 fuit,
1630 538 1727 594 per
1762 540 1941 580 annos
1961 524 2033 581 20

455 626 676 668 sursum
729 625 1066 679 ascensura,
1117 613 1355 683 primum
1421 615 1773 672 Constantini
1828 632 2032 675 annum

454 704 697 783 statuere
725 704 931 759 annum
981 720 1093 760 sua:
1131 718 1255 761 teras
1286 707 1415 762 297.
1450 707 1576 768 .Nec
1607 709 1777 765 ullum
1810 711 1911 766 sibi
1945 728 2041 783 po-

453 780 561 865 tuit
606 810 890 869 reservare
924 812 1154 863 annum,
1206 814 1368 867 quem
1402 800 1731 858 Constantio
1755 780 1963 860 Chloro
1983 814 2039 862 et

456 885 675 943 Galerio
706 887 1038 946 Maximiano
1077 892 1429 956 inscriberet,
1461 896 1619 963 quasi
1658 904 1784 966 post
1814 896 2040 952 abdica-

457 980 662 1035 tionem
699 981 1022 1038 Diocletiani
1051 992 1105 1040 ct
1141 984 1457 1041 Maximiani
1490 985 1746 1043 Herculei
1789 989 2037 1061 (factam.

456 1079 513 1126 ut
579 1072 747 1127 tradit
791 1072 1025 1144 ipsemet
1071 1086 1127 1131 et
1197 1079 1555 1132 consentiunt.
1617 1095 1850 1147 omnes,
1917 1096 2042 1138 terte

456 1163 844 1221 Alexandrinae
897 1178 1044 1222 anno
1088 1168 1214 1235 296,
1262 1171 1320 1225 ll
1354 1169 1628 1227 Kalendas
1670 1172 1871 1243 Martii)
1907 1176 2041 1232 solis

459 1267 699 1327 quatuor
766 1260 1052 1317 mensibus
1103 1262 1331 1318 vixisset
1384 1264 1747 1323 Constantius
1804 1266 2043 1326 Chlorus

460 1347 810 1405 Constantini
838 1360 992 1422 pater
1026 1370 1041 1408 :
1078 1354 1225 1423 quod
1268 1355 1443 1423 ipsum
1479 1357 1770 1414 manifeste
1800 1361 2043 1416 ostendit

460 1453 521 1495 se
574 1439 802 1505 sentire,
860 1455 985 1496 cum
1033 1441 1151 1497 ait:
1210 1462 1227 1495 ι
1266 1444 1426 1499 Anno
1476 1447 1690 1515 imperii
1750 1449 2043 1504 undecimo

465 1532 573 1585 vita
614 1530 904 1600 functum;
940 1551 958 1584 ι
1015 1549 1177 1605 quem
1208 1551 1352 1592 anno
1385 1539 1491 1593 285
1523 1540 1737 1596 dixerat
1772 1540 2041 1598 Caesarem

463 1640 589 1681 esse
622 1625 960 1684 institutum.

535 1717 625 1773 16.
668 1720 830 1790 Atqui
881 1735 991 1775 non
1026 1718 1237 1779 tantum
1272 1723 1702 1782 Alexandrinum
1732 1728 2042 1784 Chronicdn

2147 528 2329 584 tannis
2367 528 2640 599 designat)
2701 537 2850 583 recte
2885 526 3169 598 componit
3203 543 3368 600 usque
3416 531 3474 584 ad
3498 531 3648 590 Phoce

2142 631 2200 677 et
2233 621 2469 678 lleraclii
2526 630 2807 691 tempora;
2862 620 2955 675 ubi
3005 635 3182 676 novus
3224 622 3455 676 occurrit
3498 625 3647 692 nodus,

2143 717 2308 772 etiam
2347 731 2377 770 a
2411 714 2591 770 Goare
2634 713 3052 769 animadversns
3080 731 3097 779 ;
3125 714 3218 769 sed
3244 713 3336 777 ita,
3369 726 3423 768 ut
3461 717 3653 773 animad-

2144 808 2378 864 vertisse
2410 809 2726 871 Contentus,
2749 807 2870 877 ejus
2900 816 3123 860 causam
3156 806 3526 877 exerrandique
3549 810 3657 878 prin-

2141 899 2284 969 cipia
2324 913 2388 954 ac
2416 898 2575 954 linem
2609 913 2718 953 non
2764 896 3001 953 sollicite
3032 896 3337 968 indagarit:
3378 914 3490 953 cum
3519 908 3659 956 tamen

2144 1005 2255 1045 non
2311 989 2530 1046 modice
2580 989 2785 1047 referat
2820 989 2888 1044 ad
2945 989 3353 1060 chronologiam
3412 993 3552 1056 scire,
3580 1000 3662 1061 quo

2145 1082 2268 1136 loco
2300 1086 2588 1152 exemptus
2617 1096 2799 1137 annus
2839 1095 2982 1138 unus
3037 1082 3131 1146 sit,
3178 1094 3287 1151 quo
3339 1081 3515 1136 deinde
3557 1084 3663 1139 alius

2146 1190 2291 1231 unus
2338 1175 2695 1231 substitutus.
2743 1174 2911 1242 quue
2949 1188 3015 1228 eo
3056 1173 3232 1244 magis
3279 1182 3450 1244 opem
3478 1176 3664 1244 pretium

2145 1275 2232 1325 est
2266 1267 2466 1334 facere,
2497 1283 2607 1338 quo
2636 1268 2846 1323 certius
2881 1274 2988 1330 est,
3023 1279 3132 1321 non
3166 1267 3400 1337 aliquam
3434 1266 3667 1336 Τιιεσριιισ

2146 1363 2234 1419 nis
2269 1362 2755 1417 hallucinationem
2788 1361 2944 1415 casui
2995 1361 3377 1423 intervexisse,
3420 1360 3503 1415 sed
3538 1368 3592 1415 et
3619 1376 3668 1415 eo

2147 1455 2294 1525 quod
2331 1454 2629 1524 aliquando
2665 1452 2882 1524 publice
2915 1459 3240 1521 usurpatum
3275 1452 3395 1517 fuit,
3430 1453 3479 1505 in
3517 1468 3669 1506 neces-

2149 1547 2370 1603 sitatem
2419 1546 2705 1602 inddctum
2736 1545 2843 1601 tale
2874 1545 3004 1616 quid
3043 1544 3304 1607 faciendi,
3332 1545 3377 1600 si
3412 1543 3476 1599 ab
3498 1544 3670 1599 usitatis

2146 1639 2377 1695 calculis
2435 1639 2605 1693 nollet
2635 1641 2893 1693 recedere
2924 1642 2979 1693 et
3012 1644 3194 1692 tamen
3230 1636 3510 1707 aliqdando’
3548 1636 3673 1690 vellet

2150 1732 2204 1787 in
2263 1734 2403 1787 viam
2452 1732 2653 1786 redire.
2707 1730 2783 1785 Ita
2839 1740 3001 1799 porro
3058 1744 3146 1786 res
3200 1731 3382 1785 habet.
3430 1724 3672 1797 Pestquatn

464 1808 619 1875 dicit,
654 1811 800 1881 quod
835 1811 1218 1881 Constantius,
1251 1816 1598 1874 COnstantini
1647 1819 1824 1893 Magni
1875 1825 2045 1892 impe-
2079 1802 2119 1859 Β
2150 1820 2535 1876 Alexandrina:
2566 1836 2689 1875 aera:
2734 1829 2887 1875 anno
2915 1820 3022 1875 595
3055 1833 3249 1876 mense
3296 1818 3585 1882 Novembri,
3613 1818 3675 1869 in-

464 1902 669 1958 ratoris
701 1912 874 1972 pater,
903 1919 1028 1959 cum
1066 1919 1242 1961 annos
1280 1907 1348 1961 12
1394 1908 1742 1979 imperasset,
1774 1913 1885 1967 vita
1922 1922 2046 1970 ces-

466 1994 575 2062 sit;
607 2005 661 2051 et
693 1996 868 2065 ipsius
902 1998 1255 2054 Constantini
1285 2014 1491 2056 annum
1549 2004 1787 2071 primum
1825 2014 2049 2075 cumpo-

464 2088 551 2143 nit
574 2092 699 2144 cum
736 2089 897 2161 initio
929 2090 1271 2163 Olympiadis
1297 2092 1424 2157 272,
1460 2094 1554 2149 Sed
1591 2094 1758 2150 etiam
1792 2112 1855 2152 ex
1892 2095 2048 2155 fastis

465 2180 855 2236 consularibus
910 2189 1151 2248 co‘nstat,
1210 2191 1406 2252 praeter
1449 2184 1602 2237 illum
1657 2190 1861 2239 annum
1914 2195 2044 2255 quo,

463 2271 795 2330 cedentibus
827 2272 1060 2344 imperio
1091 2275 1325 2341 soceris,
1352 2276 1585 2345 Augusti
1622 2276 1886 2331 declarati
1916 2286 2047 2333 Sunt

464 2364 720 2424 Galerius
752 2374 918 2436 atque
945 2365 1306 2424 Constantius
1336 2384 1350 2422 :
1387 2369 1552 2423 etiam
1590 2385 1737 2424 anno
1792 2371 2046 2440 sequenti

470 2461 799 2515 censulatus
857 2461 1097 2531 insignia
1155 2461 1400 2530 gessisse
1454 2461 1865 2518 Constantium.
1924 2463 2050 2519 Fuit

465 2552 640 2624 igitur
670 2552 979 2608 Constantii
1014 2554 1305 2624 imperium
1359 2556 1523 2611 unius
1552 2557 1682 2610 anni
1712 2565 1767 2611 et
1811 2565 2050 2626 quatuor

466 2643 781 2701 mensium:
816 2654 939 2713 post
975 2659 1115 2714 quos
1146 2654 1367 2701 mortuo
1401 2654 1557 2717 patre
1589 2648 1678 2703 die
1714 2647 1748 2703 8
1776 2648 2049 2705 Kalendas

465 2736 723 2807 Augusti,
760 2737 1036 2807 reliquum
1091 2736 1311 2808 quidem
1365 2746 1603 2809 tempus,
1641 2741 1787 2811 quod
1844 2740 2049 2798 Graecis

465 2828 737 2884 duntaxat
763 2828 929 2885 unius
960 2829 1167 2884 mensis
1194 2840 1369 2899 usque
1395 2830 1449 2885 in
1482 2831 1610 2885 anni
1643 2830 1723 2886 sui
1752 2832 1855 2888 Sub
1888 2832 2046 2888 finem

465 2927 780 2989 supererat,
818 2933 926 2975 non
961 2918 1141 2991 potuit
1169 2919 1311 2990 apud
1354 2935 1450 2976 eos
1502 2920 1740 2991 primum
1775 2921 2049 2978 Constan-

467 3012 568 3068 tini
602 3027 807 3067 annum
834 3011 1095 3069 efficere:
1125 3012 1302 3082 potuit
1344 3021 1529 3067 tamen
1560 3026 1748 3068 eorum
1793 3025 2049 3084 pcateros

463 3105 752 3177 ambiguos
787 3104 1018 3162 reddere
1051 3104 1376 3181 Latinorum
1407 3108 1748 3176 supputatio,
1786 3106 1853 3161 ad
1882 3116 2044 3178 qtms,

465 3197 650 3253 adhuc
677 3200 921 3269 quinque
945 3214 1164 3254 menses
1188 3198 1253 3252 ad
1284 3197 1605 3253 Ianuarium
1639 3208 2046 3265 numeraturos,

462 3298 709 3357 cmperat
759 3289 1158 3344 Constantinus
1202 3290 1496 3359 imperare.
1529 3290 1807 3360 Quidquid
1862 3292 1954 3356 sit,
1992 3296 2046 3346 et

464 3396 796 3451 quocunque
833 3396 900 3435 ex
935 3380 1117 3450 capite
1177 3380 1213 3435 ii
1268 3381 1535 3447 errarint,
1590 3382 1683 3449 qui
1720 3368 2045 3453 Theophani

464 3474 677 3529 erroris
704 3473 975 3529 dederunt
1003 3470 1379 3539 occaSionem,
1441 3474 1621 3545 potuit
1656 3475 1773 3544 ipSe
1800 3472 2042 3531 errorem

465 3580 764 3639 agnoscere
810 3566 987 3638 atquej
1039 3566 1337 3637 corrigere,
1383 3582 1509 3621 cum
1563 3569 1630 3623 ad
1673 3568 2044 3624 truculentam

466 3660 618 3715 illam
653 3659 850 3716 famem
880 3659 1301 3716 describendam
1352 3656 1625 3729 pertenit,
1656 3666 1778 3731 qua
1812 3662 2044 3730 septima

465 3751 767 3809 indictione
818 3752 1141 3808 imminente
1174 3741 1456 3806 Orientem
1503 3751 1717 3817 alllixit,
1772 3760 2047 3821 Quamque

463 3861 532 3900 cx
562 3844 731 3901 semel
759 3845 936 3915 posita
970 3856 1156 3901 rerum
1188 3842 1287 3914 per
1320 3857 1523 3898 annum
1566 3847 1737 3899 unum
1771 3844 2043 3914 anticipa-

464 3937 616 3993 tione
655 3938 844 3993 retulit
874 3936 942 3992 ad
992 3950 1197 3992 annum
1250 3937 1380 3993 524.
1437 3936 1495 3991 Si
1529 3939 1674 3992 enim
1715 3948 1864 4002 tunc,
1918 3938 2043 3993 cum

465 4028 652 4085 habita
685 4036 771 4085 est
831 4029 1051 4085 Nicaena
1084 4028 1351 4101 synodus,
1412 4029 1817 4085 Alexandrinus
1866 4031 2043 4085 solum

464 4121 733 4193 agebatur
761 4121 938 4177 annus
972 4120 1077 4176 5l6
1106 4130 1160 4177 et
1194 4121 1423 4176 indictio
1456 4121 1557 4189 l2;
1585 4138 1707 4192 quae
1744 4130 1866 4193 post
1892 4130 2048 4178 aesta~

464 4224 574 4271 tem
609 4214 739 4269 anni
766 4214 961 4270 lisdem
990 4213 1379 4270 Alexandrinis
1409 4213 1514 4267 524
1540 4214 1862 4269 imminebat
1900 4215 2045 4270 indi-

464 4308 717 4371 ctio,non
741 4306 1013 4377 potuisset
1042 4304 1148 4360 nisi
1179 4314 1332 4360 sexta
1366 4306 1602 4370 censeri,
1628 4306 1872 4377 adeoque
1901 4307 2047 4363 scire

464 4398 645 4470 potuit
684 4410 810 4453 cum
839 4397 1131 4468 septimam
1162 4398 1323 4463 dixit,
1356 4413 1443 4453 res
1474 4413 1593 4468 qua:
1639 4398 1786 4453 illam
1837 4404 2045 4470 praece-

2150 1914 2388 1969 dictione
2419 1913 2473 1976 6,
2510 1913 2727 1968 decisos
2784 1926 2815 1966 a
2870 1913 3130 1983 Tyranno
3178 1910 3363 1966 Phoca
3411 1906 3675 1964 llauritiunt

2153 2006 2405 2075 filiosque
2439 2010 2748 2067 narrasset,
2781 2005 3021 2074 primum
3060 2004 3300 2059 Hcra‘clii
3349 2006 3533 2057 annum
3580 2015 3677 2055 cum

2150 2097 2523 2153 Alexandrino
2546 2097 2651 2152 602
2674 2096 3014 2168 componens
3050 2097 3121 2149 ita
3153 2095 3371 2150 orditur
3396 2112 3409 2147 :
3440 2092 3540 2147 lloc
3562 2104 3678 2146 anno

2150 2192 2359 2247 mensis
2387 2188 2644 2247 Octobris
2681 2188 2770 2245 die
2804 2190 2860 2254 4,
2898 2189 3202 2243 indictione
3236 2189 3325 2253 Η,
3350 2186 3597 2242 Heraclius
3627 2199 3679 2237 ex

2150 2284 2334 2337 Africa
2400 2282 2613 2353 appulit
2668 2294 2794 2337 cum
2856 2281 3111 2346 navibus,
3144 2282 3317 2350 atque
3358 2280 3428 2332 ita
3470 2293 3529 2332 cx
3579 2280 3681 2329 octo

2150 2374 2346 2430 Phocae
2381 2374 2544 2429 annis
2577 2374 2740 2443 eique
2794 2371 3265 2443 respondentibus
3314 2367 3681 2426 indictiotiibns,

2151 2483 2317 2523 unum
2354 2467 2518 2522 tollit.
2557 2465 2614 2521 Si
2644 2465 2872 2536 quaeris,
2921 2463 3146 2529 Quam?
3178 2462 3571 2532 respondemus,
3597 2456 3680 2510 De-

2150 2562 2375 2627 cimam,
2423 2560 2477 2614 in
2511 2574 2674 2628 quam
2711 2573 2890 2612 annus
2939 2557 3167 2627 qnlntns
3221 2554 3406 2609 Phoce:
3446 2540 3682 2611 eadchat';

2150 2667 2272 2707 cum
2324 2666 2470 2706 anno
2510 2649 2756 2720 ejusdem
2793 2657 2996 2719 quarto
3031 2648 3099 2701 de
3150 2645 3406 2700 industria
3443 2639 3683 2697 conﬂatus

2151 2747 2205 2800 in
2240 2759 2432 2809 unum,
2472 2742 2674 2811 rejecta
2705 2740 2770 2794 ad
2808 2740 3012 2794 calcem
3044 2737 3169 2806 ejus
3196 2745 3358 2790 morte
3378 2730 3571 2803 Cyriacl
3599 2744 3684 2797 pa-

2150 2835 2429 2899 triarchae,
2485 2848 2650 2904 quam
2712 2832 2863 2887 hunc
2918 2850 2937 2884 ι
2975 2830 3183 2883 obiisse
3236 2826 3306 2881 29
3350 2822 3581 2880 Octobris
3610 2820 3687 2873 die

2150 2924 2403 2985 Sabbati,
2454 2938 2519 2979 ac
2554 2921 2721 2977 funus
2760 2929 3015 2976 curatum
3046 2934 3170 2974 esse
3194 2918 3273 2972 50
3309 2914 3531 2986 ejusdem
3557 2925 3689 2964 men-

2151 3018 2229 3073 sis
2263 3016 2354 3073 dle
2386 3015 2696 3080 Dominica,
2735 3033 2752 3063 ι
2803 3011 3075 3067 habemus
3116 3026 3181 3066 ex
3223 3008 3481 3065 chronica
3524 3000 3691 3074 pradi-

2152 3120 2241 3167 cto
2268 3128 2281 3164 :
2311 3110 2403 3179 qui
2438 3116 2747 3178 temporum
2783 3106 3139 3160 characteres
3176 3102 3237 3157 in
3290 3115 3482 3157 annum
3519 3096 3690 3150 dunta-

2152 3208 2245 3256 xat
2295 3199 2423 3262 599,
2454 3213 2580 3253 aera:
2626 3195 3011 3252 Alexandrinae
3061 3201 3116 3248 et
3164 3193 3223 3247 in
3280 3193 3345 3247 l0
3378 3186 3688 3244 indictionem

2150 3292 2392 3348 cadunt:
2425 3289 2619 3360 reliqui
2650 3296 2834 3343 autem
2866 3294 2980 3342 tres
3008 3287 3136 3340 anni
3162 3284 3387 3347 Phocte,
3411 3280 3485 3335 uti
3508 3286 3557 3333 et
3581 3289 3694 3346 prte-

2148 3384 2410 3440 cedentes
2437 3389 2698 3453 quatuor,
2725 3379 2807 3435 sic
2837 3380 2981 3435 inter
3006 3392 3067 3433 se
3088 3377 3413 3432 narratione
3437 3372 3693 3432 cohaerent,

2150 3485 2209 3530 ut
2235 3474 2475 3544 interjiti
2509 3474 2617 3529 illis
2651 3481 2882 3542 prorsus
2910 3470 3048 3524 nihil
3078 3470 3284 3539 possit.

2223 3568 2312 3621 18.
2353 3565 2495 3632 Quid
2566 3573 2749 3619 autem
2811 3564 2991 3633 coegit
3058 3560 3467 3617 Alexandrinos
3524 3565 3689 3609 annum

2150 3675 2319 3714 unum
2380 3656 2793 3713 dissimulatum
2854 3652 3138 3724 praeterire
3168 3650 3466 3705 manifeSte
3518 3640 3693 3700 docebit

2149 3753 2489 3823 praecitatum
2519 3748 2830 3805 Cbronicon
2855 3748 2921 3801 ad
2954 3760 3159 3800 annum
3187 3742 3541 3813 imperatoris
3560 3736 3695 3791 llera-

2148 3844 2240 3899 clii
2294 3844 2531 3914 primum
2584 3842 2736 3896 hisce
2766 3838 2992 3895 verbis:
3037 3856 3056 3887 ι
3096 3838 3142 3892 Α
3191 3837 3435 3907 septimo
3481 3824 3694 3885 Octobris

2148 3936 2443 4007 praesentis
2473 3932 2791 3989 indictionis
2830 3932 2891 3984 l4
2927 3930 3103 4000 usque
3131 3928 3198 3983 ad
3240 3929 3331 3993 l3,
3376 3921 3607 3980 Januarii
3631 3920 3695 3971 in.

2149 4029 2409 4084 dictionis
2446 4027 2718 4097 ejusdem,
2753 4024 3024 4094 scriptum
3049 4031 3132 4077 est
3162 4021 3223 4075 in
3264 4018 3498 4091 publicis
3534 4008 3697 4068 tabulis

2148 4119 2367 4189 imperii
2394 4116 2651 4173 Heraclii.
2680 4116 2747 4171 Et
2778 4133 2807 4168 ιι
2840 4115 2905 4169 14
2935 4114 3184 4183 ejusdem
3222 4110 3546 4167 indit‘tionis
3580 4104 3700 4173 ejus-

2146 4210 2270 4268 dem
2340 4210 2550 4267 mcnsis
2605 4208 2871 4279 scriptum
2929 4215 3013 4261 est
3073 4206 3129 4258 in
3186 4204 3470 4274 reliquum
3520 4205 3699 4263 tempus

2148 4304 2279 4358 anni
2320 4318 2496 4373 usque
2551 4300 2621 4356 ad
2656 4299 3011 4355 Decembrem
3068 4311 3276 4366 nempe
3324 4293 3609 4364 expletum,
3649 4284 3699 4339 l5

2148 4397 2452 4454 indiCIione
2516 4402 2571 4451 et
2634 4393 2924 4467 consulatu
3015 4388 3269 4461 ejusdem
3340 4377 3698 4457 religiosissimi

464 4493 669 4549 debant
698 4492 1053 4548 indictionem
1084 4498 1230 4546 anno
1256 4498 1366 4545 uno
1419 4506 1448 4546 a
1498 4508 1556 4548 se
1610 4493 1941 4563 anticipa‘ri:
1989 4502 2043 4547 et
2073 4495 2118 4554 ι)
2149 4481 2419 4560 principis
2454 4482 2651 4543 nostri.
2692 4504 2711 4538 ι
2766 4472 2958 4553 itaque
3012 4496 3157 4536 unus
3215 4480 3482 4549 idemque
3531 4473 3701 4544 priIIIlIS

464 4592 671 4641 annum
729 4586 836 4641 225
895 4600 924 4639 a
957 4599 1017 4641 se
1063 4583 1342 4639 numerari
1383 4584 1661 4651 debuisse,
1700 4595 1759 4639 nt
1821 4584 2045 4641 haberet

463 4686 704 4742 atatem,
734 4693 899 4748 quam
930 4677 1161 4748 septima
1201 4676 1536 4747 sequebatur
1562 4676 1811 4734 indictio.
1856 4678 2046 4732 Maluit

465 4781 651 4826 tamen
686 4771 897 4841 poSitos
924 4770 1096 4827 semel
1124 4770 1368 4826 calculos
1402 4769 1659 4840 prosequi
1693 4778 1807 4825 toto
1831 4770 2045 4841 reliquo

462 4862 813 4919 Constantini
879 4871 933 4919 et
989 4864 1330 4920 successoris
1388 4863 1700 4919 Constantii
1755 4871 2042 4934 tempore;

463 4962 629 5024 atque
661 4963 718 5007 ut
750 4951 959 5008 hiatum
989 4954 1155 5010 unius
1182 4953 1363 5017 istius,
1396 4953 1526 5007 anni
1558 4952 1775 5007 tandem
1816 4953 2043 5023 Supple-

461 5054 569 5113 νει,
602 5043 804 5101 Juliani
842 5044 1131 5114 imperium
1166 5046 1333 5116 (quod
1371 5062 1557 5123 unum
1581 5060 1783 5099 annum
1818 5053 1872 5101 et
1902 5060 2049 5099 men-

461 5154 552 5195 ses
583 5146 709 5195 Octo
743 5153 849 5193 non
877 5136 1087 5208 integre
1116 5137 1374 5208 explevit)
1411 5149 1506 5209 per
1528 5147 1638 5196 tres
1672 5147 1813 5208 pene
1840 5137 2047 5193 solidos

460 5243 640 5291 annos
674 5232 939 5289 dividere.

532 5328 622 5385 l7.
661 5326 776 5383 Hac
808 5325 973 5383 unius
1012 5324 1143 5381 anni
1177 5324 1243 5380 ad
1275 5322 1479 5379 Julianl
1515 5324 1860 5398 tyrannidem
1889 5324 2045 5393 adje-

462 5421 651 5476 ctl0ne
682 5416 737 5476 in
765 5421 907 5476 viam
937 5417 1639 5493 regressus_'l‘heophanes,
1675 5419 1744 5473 ab
1766 5418 1922 5473 initio
1949 5415 2045 5472 Jo-

463 5511 634 5578 viani,
668 5511 720 5567 id
757 5522 844 5569 est
877 5512 944 5568 ab
966 5511 1114 5569 anno
1145 5510 1530 5567 Aleianilrina‘.
1560 5511 1682 5587 terte
1724 5510 1851 5575 356,
1886 5508 2044 5578 cujus

462 5598 760 5659 Januarius
786 5620 910 5660 cum
945 5617 1134 5664 nostro
1158 5605 1263 5661 564
1287 5602 1569 5667 coincidit,
1606 5602 1878 5659 inOﬂ'enso
1907 5603 2046 5672 pede

463 5682 831 5762 progreditur,
856 5706 912 5751 et
945 5698 1077 5757 suus
1105 5706 1281 5755 annos
1306 5708 1432 5753 cum
1468 5694 1866 5751 indictionibus
1884 5697 2044 5767 (quas

461 5783 678 5860 leliquo
709 5789 905 5851 Quarto
934 5798 985 5844 et
1018 5793 1209 5863 quinto
1245 5789 1447 5847 saeculo
1475 5788 1656 5846 rarius
1689 5788 1916 5856 indicat,
1942 5796 2043 5845 Ste-

2148 4580 2384 4638 Heraclii
2410 4596 2612 4645 annus,
2641 4579 2698 4634 in
2728 4578 2868 4633 duas
2904 4576 3242 4631 indictiones
3287 4573 3601 4629 distractus,
3627 4574 3701 4613 oc-

2148 4675 2424 4729 casionem
2459 4671 2645 4725 attulit
2670 4670 2908 4741 primum
2944 4667 3180 4722 Heraclii
3215 4680 3433 4720 annum
3466 4650 3701 4717 statuendi

2146 4780 2296 4831 eum,
2353 4765 2447 4835 qui
2499 4778 2692 4819 revera
2747 4761 2907 4817 initia
2966 4759 3088 4828 ejus
3138 4758 3458 4830 praécesSit,
3488 4762 3539 4810 et
3585 4756 3701 4802 tollis

2146 4858 2345 4917 Phocea
2366 4858 2692 4916 debebatur.
2722 4856 2841 4913 Hoc
2871 4861 3054 4911 autem
3088 4856 3257 4910 semel
3276 4853 3488 4925 posito,
3518 4854 3703 4903 necesse

2149 4955 2253 5010 fuit
2308 4955 2375 5010 ab
2411 4955 2502 5017 iis,
2552 4954 2646 5025 qhi
2684 4952 2846 5007 talem
2900 4950 3162 5005 tenebant
3214 4949 3502 5009 ordinem,
3552 4934 3699 4993 omnia

2149 5044 2384 5103 Hera'clil
2407 5054 2461 5101 et
2490 5044 2876 5102 suecessorbm
2905 5043 3027 5112 ejus
3060 5048 3211 5111 geSta
3236 5039 3309 5093 ad
3334 5052 3504 5092 unum
3535 5040 3700 5088 annum

2150 5139 2461 5209 anticipari,
2497 5137 2673 5206 magis
2718 5136 2885 5207 quam
2942 5148 3054 5188 aera
3106 5130 3488 5186 Alexandrina
3535 5126 3702 5188 integre

2150 5240 2436 5288 numerata
2473 5240 2634 5303 passa
2685 5229 2921 5285 fuisset:
2953 5228 3100 5299 quod
3154 5226 3428 5297 deinceps
3482 5228 3637 5292 usque
3660 5214 3701 5267 in

2148 5324 2497 5379 Palaestinam
2540 5322 2851 5377 videbimus
2872 5321 3138 5381 valuiSse.
3166 5320 3338 5374 etiam
3373 5318 3519 5371 circa
3572 5311 3700 5364 ﬁnem

2149 5413 2183 5473 9
2217 5416 2431 5481 saeculi,
2485 5415 2697 5470 scilicet
2739 5414 2793 5468 in
2827 5410 3223 5469 ecclesiasticis
3259 5406 3576 5485 scripturis,
3608 5408 3701 5467 qum

2150 5526 2272 5567 sese
2306 5525 2428 5563 atra:
2457 5506 2846 5563 Alexandrina:
2878 5505 3178 5575 aptabant;
3210 5516 3385 5571 quam
3448 5490 3700 5559 Theopha'

2150 5617 2249 5658 nes
2296 5608 2485 5672 utpote
2543 5598 2848 5654 monachus
2880 5612 3139 5667 sequens,
3167 5605 3219 5649 et
3248 5590 3478 5646 tandem
3517 5577 3700 5642 exorbi-

2150 5694 2379 5750 tantiam
2413 5694 2578 5749 istatn'
2611 5692 2697 5748 vel
2726 5689 3172 5746 animadvertens
3214 5686 3464 5755 primum
3492 5678 3565 5732 vel
3602 5684 3699 5769 cur:

2152 5792 2329 5862 rigere
2377 5790 2569 5846 volens
2621 5789 2675 5843 in
2713 5802 2811 5844 sua
2862 5777 3327 5853 chronographia,
3380 5764 3699 5829 (Ξιιιιειεηιῗηί
