3906 6226
281 211 418 275 1177

271 420 616 476 dissimulata
658 437 878 477 rursum
910 423 1482 499 indietione,°ipsique
1503 430 1855 505 Copronymo

272 513 461 584 (quem
524 527 672 570 anno
731 514 1104 574 Alexandrino
1169 520 1288 580 768,
1325 535 1345 574 t
1403 524 1491 579 die
1530 526 1598 580 14
1649 529 1856 586 mensis

273 605 662 678 Septembris,
719 609 1020 666 indicrione
1077 613 1145 668 M
1193 625 1469 672 mortuum
1537 634 1662 675 esse
1719 621 1855 676 dicit

271 709 566 772 postquam
603 701 674 756 ab
719 701 875 757 obitu
933 705 1108 774 patris
1153 707 1478 776 imperasset
1536 726 1713 770 annos
1761 714 1850 782 δι,

270 807 496 848 menses
524 791 584 857 2,
606 792 726 848 dies
743 792 858 863 26),
890 812 909 846 ι
945 804 1086 851 totos
1114 796 1184 852 35
1211 815 1386 856 annos
1421 803 1644 874 reliquit
1669 822 1685 870 ;
1717 822 1854 876 quo-

271 886 420 940 niam
453 885 509 940 in
555 899 700 940 anno
741 887 1119 944 Alexandrino
1148 891 1253 946 755
1285 902 1504 965 propter
1563 912 1748 952 rerum
1799 907 1853 953 et

270 977 636 1033 indictionum
667 977 1118 1048 anticipationem
1144 981 1258 1052 jam
1290 983 1516 1053 dictam,
1546 990 1850 1046 constitue-

272 1079 361 1125 rat
407 1069 738 1141 principium
782 1070 995 1142 imperii
1027 1074 1096 1129 ab
1139 1081 1221 1132 eof
1264 1079 1530 1150 suscepti,
1571 1098 1591 1131 ι
1643 1083 1849 1138 mensis

270 1159 421 1216 Junii
457 1162 546 1217 die
571 1162 643 1216 27
670 1161 737 1217 ad
770 1162 1152 1232 insequentem
1180 1167 1538 1226 indictionem
1576 1172 1639 1226 10
1676 1173 1850 1243 perti-

272 1265 458 1316 nente,
496 1274 515 1305 »
556 1269 680 1308 cum
717 1255 1037 1325 insequens,
1069 1259 1275 1313 dictum
1312 1261 1455 1317 diem
1487 1264 1713 1321 indictio
1741 1281 1849 1321 nu-

269 1348 474 1410 merari
508 1355 722 1402 tantum
751 1349 1032 1404 debuisset
1087 1351 1141 1416 9,
1200 1351 1304 1406 nisi
1356 1369 1452 1423 per
1511 1355 1841 1412 indietiones

266 1439 447 1507 primo
481 1438 714 1494 iieraclii
743 1455 887 1494 anno
922 1443 1247 1510 geminatas,
1278 1459 1448 1501 unum
1490 1461 1693 1502 annum
1738 1462 1846 1503 aera

268 1529 633 1604 Alexandrina
662 1532 962 1590 amisisset.

337 1622 423 1677 19.
461 1621 588 1678 litae
616 1631 796 1680 autem
823 1629 1077 1695 quamvis
1109 1628 1182 1682 ita
1223 1629 1400 1686 solide
1430 1631 1662 1687 deducta
1711 1633 1841 1689 sub-

265 1713 488 1779 sistant,
517 1721 576 1768 ιιι
608 1715 757 1770 clara
789 1717 901 1772 sint
933 1729 1230 1789 utrumque
1263 1723 1555 1777 terminum
1589 1726 1843 1780 conside—
1877 1710 1917 1768 Β

264 1806 543 1870 rantibus,
594 1821 796 1862 annum
826 1808 1041 1864 scilicet
1071 1809 1266 1866 Phoea:
1292 1815 1525 1882 primum
1556 1825 1608 1876 et
1639 1817 1844 1887 Copro-

264 1896 412 1967 nymi
441 1896 716 1962 ultimum,
749 1899 901 1955 lubet
944 1910 1124 1957 tamen
1146 1904 1310 1958 etiam
1343 1908 1608 1977 exemplis
1628 1924 1694 1963 ex
1725 1911 1845 1980 ipso

265 1989 596 2060 Theophane
648 1992 1036 2062 comprobare,
1091 2001 1207 2049 toto
1260 1995 1354 2050 illo
1411 2012 1682 2054 annorum
1714 2003 1843 2060 .175

261 2083 440 2151 spatio
464 2081 818 2140 hebdomadat
848 2083 1034 2150 ferias,
1076 2102 1199 2142 cum
1244 2090 1414 2144 certis
1437 2093 1644 2148 mensis
1672 2094 1844 2150 alicu-

259 2172 348 2242 jus
379 2172 576 2230 diebus
605 2175 688 2232 sic
714 2179 1048 2247 comparari,
1076 2189 1157 2246 ut,
1188 2181 1296 2236 nisi
1335 2184 1400 2236 ad
1433 2199 1637 2240 annum
1671 2187 1739 2242 ab
1777 2203 1845 2244 eo

260 2274 607 2321 numeratum
666 2268 896 2337 adiicias
950 2285 1130 2327 annos
1165 2289 1384 2335 novem,
1431 2291 1713 2346 nunquam
1765 2279 1844 2336 sis

259 2369 449 2413 verum
491 2359 732 2430 vulgaris
756 2376 880 2415 arm
907 2378 1112 2418 annum
1149 2364 1438 2422 habiturus
1470 2368 1555 2422 v'el
1590 2369 1642 2422 in
1671 2368 1847 2426 Theo-

261 2452 442 2522 phane
491 2452 575 2506 vel
607 2453 664 2508 iri
715 2454 825 2509 alio
862 2457 1136 2525 scriptore
1184 2459 1418 2514 similem
1458 2459 1840 2518 ehronotaxim

262 2551 502 2599 tenente.
550 2543 711 2600 Anno
764 2546 937 2616 igitur
982 2548 1352 2604 Alexandrino
1398 2550 1502 2605 615
1529 2552 1611 2608 sic
1647 2554 1843 2610 scribit

260 2632 665 2706 Theophanes:
700 2655 718 2690 ι
744 2636 859 2693 Hoc
889 2654 1054 2705 anno,
1076 2640 1398 2708 indictione,
1436 2641 1502 2696 10
1535 2642 1841 2713 Heraclitus,

260 2738 478 2798 peracta
515 2745 704 2787 mense
733 2731 902 2801 Aprili
946 2732 1035 2788 die
1061 2733 1094 2787 ι
1119 2733 1462 2790 solemnitate
1494 2734 1841 2794 Paschali....

260 2820 314 2877 in
372 2822 657 2878 Persidem
695 2825 971 2894 perréxit:
1012 2845 1030 2877 ι
1081 2827 1173 2896 qui
1227 2826 1512 2882 character
1564 2829 1844 2887 Paschalis

260 2915 314 2970 in
359 2916 394 2971 4
451 2915 685 2986 Aprilis,
719 2916 788 2972 10
819 2917 1120 2972 indictidne
1160 2919 1429 2982 cadentis;
1466 2936 1589 2975 cum
1632 2931 1839 2977 annum

257 3008 502 3078 vulgaris
535 3023 658 3063 rem
691 3007 800 3062 622
835 3009 1034 3090 signet,
1072 3010 1282 3064 clarum
1313 3019 1398 3066 est
1423 3011 1472 3066 ei
1503 3012 1763 3068 debuisse
1785 3013 1839 3067 in

257 3099 625 3156 Aiexandrina
659 3115 771 3154 atra
828 3099 1160 3170 respondere
1186 3116 1390 3156 annum
1432 3103 1538 3158 6M
1582 3103 1688 3158 nisi
1738 3119 1835 3158 an-

257 3207 362 3249 nus
396 3207 564 3258 unus,
596 3201 653 3246 ut
687 3190 954 3256 diximus,
985 3190 1297 3247 excidisset.
1344 3192 1538 3249 Simile
1569 3195 1698 3265 quid
1737 3194 1837 3247 ha-

257 3285 353 3342 bes
381 3285 589 3353 saepius
639 3284 1043 3355 posterioribus
1093 3284 1283 3338 annis:
1334 3284 1430 3339 sed
1484 3294 1542 3338 ut
1594 3286 1831 3341 i‘ieraclii

256 3376 599 3447 temporibus
666 3377 1067 3444 immorentur,
1139 3376 1438 3447 iungamus
1517 3377 1832 3448 Theophani

253 3461 588 3524 Chronicum
626 3467 994 3537 praet-italum,
1021 3474 1076 3522 et
1106 3467 1290 3522 statim
1324 3467 1506 3537 primo
1545 3469 1679 3524 dicti
1731 3471 1834 3524 im-

254 3559 528 3631 peratoris
557 3573 701 3613 anno
733 3559 999 3614 habemus
1031 3577 1050 3611 ι
1090 3559 1450 3629 Epiphaniam
1470 3558 1618 3615 Julio
1645 3576 1834 3618 mense

251 3651 446 3706 eadem
487 3650 810 3713 indictione,
856 3669 874 3703 ι
907 3649 999 3721 (14
1029 3656 1088 3703 ιιι
1116 3649 1428 3719 praefertur,
1465 3650 1569 3705 etsi
1611 3655 1707 3718 per
1732 3665 1836 3704 no-

251 3756 377 3798 vam
407 3741 856 3798 constitutionem
887 3743 1188 3811 imperator
1212 3755 1242 3795 a
1274 3741 1340 3794 11
1367 3740 1616 3795 Januarii
1643 3742 1837 3797 volue-

252 3836 326 3891 rit
353 3835 420 3890 15
445 3833 800 3890 indictionem
838 3833 1134 3902 nominari)
1171 3850 1190 3885 ι
1227 3847 1290 3887 ex
1324 3831 1564 3888 Eudocia
1592 3840 1830 3888 natamn

252 3927 447 3998 idque;
476 3935 538 3981 ut
564 3927 642 3980 ait
673 3925 986 3981 Chronicon
1019 3942 1038 3978 ι
1086 3926 1175 3981 die
1219 3926 1428 3980 mensis
1458 3926 1712 3994 septimo,
1753 3924 1834 3980 fe-

235 4021 336 4076 .ria
377 4018 432 4073 4.
465 4037 484 4071 ι
513 4017 676 4087 Atqui
713 4017 843 4073 talis
867 4017 986 4073 dies
1013 4027 1066 4073 et
1099 4017 1236 4074 feria
1268 4017 1472 4073 cadunt
1525 4017 1580 4071 in
1627 4031 1833 4071 annum

251 4111 501 4182 vulgaris
550 4125 674 4165 atrae
725 4109 854 4174 611,
913 4109 1300 4167 Alexandrinae
1348 4108 1491 4164 605:
1529 4109 1619 4164 hic
1675 4109 1836 4178 igitur

252 4219 381 4258 cum
445 4218 544 4257 sua
599 4203 666 4256 14
717 4201 1022 4256 indictione
1075 4203 1286 4270 primus
1341 4201 1593 4255 Heraclio
1657 4215 1834 4256 anuus

253 4297 309 4351 in
344 4295 578 4365 imperio
631 4294 752 4358 fuit,
781 4294 1035 4364 quamvis
1061 4293 1425 4364 The0pbanes
1466 4307 1672 4348 annum
1728 4292 1836 4348 602

253 4387 550 4444 notaverit.

322 4477 417 4535 20.
439 4477 592 4534 Adde
607 4493 675 4533 ex
696 4476 1094 4547 posterioribus
1127 4476 1286 4532 annis
1311 4475 1581 4546 exempla,
1611 4483 1742 4546 puta
1768 4491 1834 4531 ex

259 4571 385 4637 732,
417 4572 523 4627 sub
571 4569 731 4640 cujus
766 4570 1010 4634 initium,
1060 4586 1079 4619 ι
1110 4583 1298 4623 mense
1333 4567 1587 4623 Octobris
1622 4566 1710 4621 die
1740 4567 1833 4634 26,

254 4664 564 4719 Indictione
597 4661 651 4726 9,
683 4663 819 4718 feria
845 4662 902 4728 4,
929 4671 1090 4715 terrae
1132 4668 1313 4716 motus
1341 4660 1533 4731 ingens
1562 4660 1836 4716 Constan-

254 4759 489 4830 tinopoli
531 4757 804 4826 contigit:
855 4775 873 4808 ι
937 4758 1127 4826 utique
1171 4769 1295 4810 cum
1333 4769 1434 4810 nos
1471 4754 1721 4824 proximo
1743 4752 1836 4809 Ja-

251 4852 456 4906 nuario
485 4848 799 4904 inchoaturi
829 4863 1078 4903 essemus
1105 4862 1313 4901 annum
1349 4845 1473 4909 741,
1506 4857 1669 4914 atque
1699 4846 1836 4901 adeo

255 4943 383 5005 733,
414 4942 698 4998 numerari
737 4941 807 4996 ab
844 4939 1232 4996 Alexandrinis
1259 4939 1564 4994 debuisset.
1591 4937 1723 4993 item
1759 4955 1825 4993 ex

251 5050 404 5092 anno
445 5034 571 5099 735,
617 5042 728 5106 quo
785 5053 804 5085 ι
841 5047 1028 5089 mense
1080 5033 1286 5102 Aprilis
1337 5030 1427 5086 die
1470 5031 1556 5095 16,
1614 5031 1746 5086 feria
1779 5031 1832 5095 5,

253 5127 416 5182 Valid
455 5125 693 5182 Arabum
724 5127 837 5182 dux
885 5141 1112 5181 suorum
1147 5124 1384 5180 factione
1413 5123 1666 5180 sublatus
1706 5140 1831 5178 nar-

252 5230 454 5274 ratur:
520 5238 541 5271 ι
577 5219 668 5273 ubi
701 5225 928 5288 apparet
971 5233 1038 5272 ex
1072 5219 1457 5272 characterum
1511 5216 1835 5271 collectione

251 5327 461 5368 annum
497 5311 602 5365 756
649 5311 856 5382 signari
909 5309 1187 5372 debuisse,
1223 5309 1326 5365 nisi
1360 5323 1493 5363 suos
1521 5307 1833 5378 praecipites

252 5404 500 5460 calculos
529 5409 752 5458 secutus
787 5399 1150 5469 TheOphanes
1185 5400 1400 5456 fuisset.
1445 5398 1690 5469 Denique
1722 5399 1834 5453 cla-

253 5497 499 5553 rissimis
549 5494 692 5550 notis
743 5494 1040 5565 insignitur
1083 5506 1283 5553 annus.
1337 5509 1446 5563 quo
1481 5492 1836 5562 «Imperator

249 5589 661 5659 Copronymus,
692 5585 854 5640 trium
889 5592 1118 5639 tuorum
1155 5587 1257 5650 vir,
1291 5584 1578 5640 Eudociam
1616 5584 1831 5638 tertiam

251 5681 552 5754 coniugem
606 5679 809 5749 Aprilis
863 5678 1072 5736 mensis
1137 5677 1225 5734 die
1275 5679 1473 5750 primo,
1531 5676 1832 5734 indictione

1297 222 1471 284 GOD.
1504 226 1984 293 HENSCHENII
2024 228 2546 306 DISSERTATIO;

272 327 611 406 Copronymi
641 342 849 382 annum
898 331 1260 400 penultimum
1311 336 1573 393 distraxit
1607 340 1661 395 in
1692 345 1854 407 duos,
1888 355 1929 408 Α
1961 351 2189 420 septima
2213 396 2229 421 ,

3405 262 3542 331 1178

2307 356 2396 412 die
2461 356 2726 426 Sabbati,
2783 363 3088 434 Angustam
3153 377 3536 437 renuntiavit:

1965 451 2216 515 sequenti
2251 466 2383 505 vero
2412 453 2554 521 luce,
2579 471 2701 526 qua:
2735 458 2938 528 Aprilis
2975 467 3220 522 secunda
3256 469 3380 536 fuit,
3422 472 3542 531 dies

1962 541 2222 598 nimirum
2255 544 2541 605 Dominiea
2573 555 2756 609 sancti
2795 554 3107 626 Paschalis,
3146 563 3349 623 liberos
3378 586 3443 625 ex
3475 588 3540 628 ea

1961 635 2102 692 duos
2147 639 2392 698 Caesares
2443 643 2765 704 declaravit.
2827 647 2952 708 llaec
2997 655 3141 712 enim
3178 660 3288 713 tam
3332 663 3538 719 diserte

1961 728 2181 799 signant
2230 745 2435 788 annum
2492 739 2735 809 vulgaris
2782 758 2904 799 aera:
2958 745 3094 812 769,
3138 759 3197 804 ut
3250 755 3538 811 manifesto

1960 821 2221 906 appareat
2248 826 2373 894 quis
2405 830 2666 883 oetennio
2701 829 2922 903 dempto
2976 828 3198 895 deberet
3227 847 3527 900 secundum

1959 913 2388 1006 Alexandrinam
2457 925 2786 993 exsurgere,
2844 928 3098 998 quamvis
3175 917 3535 1006 Theophanes

1957 1019 2162 1059 annum
2195 1005 2300 1061 760
2339 1017 2634 1078 notaverit,
2676 1017 2837 1083 paulo
2884 1029 3008 1088 post
3061 1023 3126 1076 ad
3161 1005 3534 1094 aequalitatem

1955 1105 2224 1154 venturus
2264 1106 2599 1172 temporum.
2653 1107 2959 1176 penultimo
2992 1111 3323 1186 Copronymi
3361 1133 3531 1183 anno,

1956 1196 2018 1242 ut
2047 1189 2254 1244 dictum
2277 1201 2385 1256 est,
2422 1195 2476 1248 in
2506 1195 2646 1252 duos
2676 1197 2873 1255 diviso.
2904 1201 3057 1268 Quod
3089 1218 3269 1261 autem
3300 1210 3535 1265 Alexan-

1956 1280 2116 1336 drina
2151 1298 2260 1338 arra
2316 1287 2603 1344 utentibus
2649 1292 2853 1360 passim
2905 1300 3215 1352 communis
3260 1299 3425 1356 fuerit
3467 1299 3535 1358 eo

1955 1382 2199 1446 tempore
2255 1393 2318 1433 ac
2373 1380 2467 1435 diu
2521 1383 2688 1438 etiam
2730 1395 2856 1454 post
2905 1385 3318 1459 Theophanem,
3369 1396 3532 1462 quem

1954 1466 2072 1536 ipse
2099 1463 2278 1524 tenuit
2309 1477 2668 1542 c0mputandi
2704 1477 2921 1542 modus,
2953 1466 3077 1534 vide
3101 1481 3171 1539 20
3196 1463 3372 1550 Martii
3409 1501 3534 1554 pro-

1953 1555 2138 1615 batum
2195 1561 2251 1616 in
2310 1558 2648 1637 mariyriblts
2710 1570 2969 1636 Sabaitis,
3031 1592 3265 1644 quorum
3314 1593 3532 1634 comrus

1953 1654 2316 1725 scriptornisi
2348 1658 2428 1714 sic
2459 1675 2636 1717 annos
2666 1677 3014 1721 numerasset
3046 1675 3100 1723 et
3124 1683 3328 1723 annum
3357 1687 3528 1724 unum

1943 1761 2010 1801 ex
2041 1763 2191 1804 more
2231 1752 2512 1808 omisisset
2547 1764 2884 1826 computare,
2929 1776 3038 1814 non
3080 1763 3350 1830 potuisset
3389 1764 3528 1817 scri-

1945 1838 2076 1894 bere
2115 1855 2210 1896 eos
2244 1853 2471 1900 mortem
2503 1849 2804 1915 oppetiisse
2832 1866 2978 1906 anno
3012 1853 3081 1908 ab
3125 1855 3260 1908 orbe
3297 1854 3529 1910 condito

1943 1946 2052 1986 Vlao
2104 1946 2413 1990 ccuxxvm
2445 1951 2476 1990 a
2507 1937 2709 1993 Christi
2758 1941 3144 1999 incarnatione
3191 1943 3329 2007 788,
3375 1946 3527 1999 indi-

1945 2021 2126 2077 ctione
2148 2023 2201 2089 5,
2235 2039 2360 2079 cum
2397 2027 2590 2096 quinta
2627 2028 2857 2086 indictio
2889 2049 3095 2089 annum
3131 2043 3382 2089 nostrum
3423 2036 3525 2091 797

1946 2114 2146 2184 signet,
2190 2126 2244 2171 et
2275 2118 2419 2174 hunc
2458 2121 2636 2189 ipsum
2673 2124 2867 2192 probet
2911 2134 3127 2195 tempus
3172 2127 3362 2182 mortis
3391 2128 3527 2181 viei-

1946 2207 2240 2262 nissimum
2275 2208 2558 2278 Paschati,
2597 2214 2651 2268 in
2679 2214 2750 2268 25
2777 2214 2957 2270 Martii
2984 2214 3228 2284 cadenti,
3256 2219 3404 2288 quod
3427 2208 3525 2274 alii

1944 2297 2010 2354 et
2043 2300 2370 2372 propinquis
2407 2303 2570 2358 annis
2605 2305 2744 2359 nulli
2781 2292 3061 2362 convenit.

2563 2414 2793 2472 CAPUT
2830 2416 2918 2472 iV.

1943 2521 2185 2576 Ηενατιὶί
2222 2523 2560 2589 imperatoris
2602 2527 2971 2590 rhronotaris,
3012 2527 3221 2582 duobus
3273 2530 3430 2584 annis
3468 2530 3522 2584 in

2015 2606 2177 2661 unum
2223 2594 2467 2661 conﬂatis
2525 2605 2574 2647 et
2629 2597 2800 2649 altera
2845 2599 2899 2649 in
2954 2599 3087 2652 duos
3135 2600 3392 2654 distracto
3443 2601 3528 2652 in-

2017 2656 2235 2727 tricala,
2283 2656 2559 2719 euoluitur.
2615 2661 2974 2721 Indictionum
3019 2668 3114 2723 sub
3163 2669 3343 2723 eodem
3383 2670 3526 2723 ratio

2011 2732 2337 2800 explicatur.

2014 2843 2106 2900 2-1.
2139 2844 2259 2912 Quo
2291 2851 2538 2917 tempere
2569 2848 3080 2921 Chronograpbiam
3106 2867 3260 2906 suam
3299 2849 3525 2922 scripsit

1944 2927 2310 3005 Theophanes
2342 2978 2356 3000 ,
2417 2940 2789 3008 patriarcham
2842 2939 3520 3014 Constantinopolitanum

1944 3035 2170 3081 sanctus
2211 3025 2550 3098 Nicephorus
2587 3032 2780 3095 tenuit,
2840 3032 3000 3102 cujus
3051 3035 3220 3087 vitam
3266 3035 3523 3092 dedimus

1943 3118 2012 3173 14
2043 3118 2229 3172 Martii
2266 3138 2279 3174 :
2337 3123 2430 3189 qui
2461 3131 2516 3176 et
2562 3122 2675 3192 ipse
2705 3124 3038 3179 breviarium
3069 3127 3404 3195 conscripsit
3437 3144 3523 3184 re-

1935 3225 2057 3264 rum
2091 3220 2214 3281 posst
2243 3209 2481 3266 Mauritii
2516 3227 2744 3268 mortem
2777 3225 3052 3286 gestarum
3081 3233 3094 3269 :
3133 3217 3277 3286 quod
3307 3217 3522 3274 Graeco-

1935 3300 2128 3359 Latine
2163 3303 2427 3360 habemus
2461 3305 2668 3360 editum
2702 3322 2826 3362 cum
2863 3309 3229 3364 eruditissimi
3259 3312 3363 3364 viri
3398 3309 3522 3367 Dio-

1937 3393 2080 3464 nysii
2135 3392 2340 3448 Petavii
2409 3394 2820 3467 ehronologicis
2875 3398 3045 3451 notis.
3115 3397 3319 3452 Harum
3370 3399 3521 3456 bona

1937 3499 2064 3552 pars
2095 3499 2160 3538 eo
2184 3495 2420 3554 spectat,
2460 3496 2519 3540 ut
2542 3489 2870 3543 ostendatur
2899 3488 3140 3544 Ileraclii
3177 3492 3522 3559 imperatoris

1937 3588 2142 3627 annum
2177 3575 2414 3643 primum
2464 3575 2639 3632 fuisse
2697 3592 2902 3631 annum
2956 3579 3202 3649 vulgaris
3247 3595 3372 3634 aera;
3392 3579 3516 3644 6H,

1936 3663 2085 3734 quod
2111 3672 2164 3718 et
2196 3679 2297 3720 nos
2325 3667 2726 3734 amplectimur,
2771 3681 3110 3736 prorsusque
3157 3669 3518 3724 conﬁrmatur

1937 3771 2004 3810 ex
2049 3765 2245 3816 morte,
2283 3771 2446 3826 quam
2483 3764 2607 3825 post
2655 3755 2874 3827 imperii
2924 3773 3100 3812 annos
3154 3759 3402 3825 triginta,
3463 3767 3516 3814 et

1937 3861 2159 3902 menses
2193 3847 2405 3918 aliquot
2439 3847 2645 3902 obiisse
2671 3847 2850 3914 illum,
2883 3861 3037 3918 aque
3061 3847 3427 3918 Theophanes
3453 3866 3520 3905 ac

1937 3935 2279 4006 Nicephorus
2331 3937 2604 3993 scribunt.
2655 3935 2803 3992 Obiit
2861 3946 3044 3991 autem
3091 3935 3395 4000 lleraclius,
3461 3947 3519 3992 ut

1937 4026 2016 4080 ait
2047 4025 2160 4092 ille,
2193 4041 2382 4082 mense
2411 4026 2590 4080 Martii
2624 4027 2928 4081 indictione
2965 4026 3052 4091 H,
3087 4027 3334 4097 adeoque
3373 4043 3519 4081 anno

1937 4117 2063 4182 0M,
2106 4117 2202 4187 qui
2243 4117 2622 4174 Alexandrino
2649 4118 2754 4172 635
2787 4119 3172 4188 responderet,
3227 4119 3334 4173 nisi
3391 4119 3518 4173 huic

1936 4222 2079 4272 terte,
2111 4221 2174 4260 ea
2208 4221 2315 4276 qua
2357 4206 2597 4263 diximus
2633 4209 2872 4274 ratione,
2908 4225 3090 4266 annus
3141 4224 3282 4263 unus
3328 4208 3520 4264 fuisset

1938 4299 2175 4354 ablatus.
2209 4297 2322 4354 Nec
2356 4299 2514 4354 aliter
2545 4317 2708 4370 quam
2738 4301 2806 4355 ab
2851 4301 2959 4356 isto
3007 4301 3278 4371 principio
3324 4315 3516 4355 nume-

1866 4393 1909 4448 D
1938 4394 2050 4447 rari
2082 4392 2272 4448 solitos
2298 4407 2472 4448 annos
2501 4392 2761 4458 l-leraclii,
2803 4394 3018 4462 probari
3044 4394 3208 4447 etiam
3241 4401 3423 4462 potest
3452 4409 3516 4448 ex

1940 4484 2118 4538 sancti
2171 4476 2448 4539 Anastasii
2509 4483 2693 4539 Persa:
2731 4483 2890 4548 actis,
2952 4485 3017 4538 ad
3066 4487 3136 4538 22
3174 4484 3418 4538 Januarii
3453 4499 3518 4538 ex

1940 4585 2155 4632 vetusta
2187 4577 2645 4647 interpretatione
2674 4575 2871 4630 Latina
2907 4575 3092 4642 editis,
3138 4577 3230 4632 ubi
3274 4577 3321 4632 is
3374 4592 3520 4630 mar-

1936 4669 2137 4739 tyrium
2168 4683 2360 4737 passus
2381 4667 2583 4721 dicitur
2630 4686 2649 4718 ι
2679 4681 2822 4720 anno
2856 4666 3077 4720 decimo
3116 4676 3312 4722 octavo
3342 4666 3520 4738 impe-

1936 4760 2006 4814 rii
2047 4758 2281 4814 licraelii
2333 4758 2575 4813 Piissimi
2626 4759 2978 4828 imperatoris
3005 4768 3061 4814 et
3100 4759 3320 4816 decimo
3359 4769 3520 4817 sexto

1935 4852 2284 4908 Constantini
2343 4852 2464 4921 ejus
2520 4851 2639 4906 lilii.
2673 4871 2690 4902 ι
2743 4850 2878 4906 Nam
2941 4853 2986 4908 si
3040 4855 3331 4924 geminatis
3377 4855 3520 4910 intra

1938 4960 2104 4998 unum
2131 4959 2336 4998 annum
2371 4942 2768 5000 indictionibus
2812 4943 2956 4999 idem
3002 4960 3183 5002 annus
3211 4948 3378 5000 etiam
3420 4960 3521 5014 pro

1936 5037 2152 5091 duobus
2205 5036 2397 5090 fuisset
2430 5033 2682 5090 Heraclio
2717 5037 3019 5106 imputatus
3072 5038 3126 5092 in
3163 5038 3400 5107 publicis
3441 5044 3522 5088 ta-

1937 5128 2104 5193 bulis,
2131 5138 2183 5182 et
2213 5130 2255 5182 si
2295 5137 2415 5196 post
2441 5127 2506 5182 15
2527 5127 2774 5182 Januarii
2805 5129 2934 5183 anni
2960 5129 3086 5193 611,
3117 5138 3176 5182 ιιι
3205 5135 3385 5196 empta
3420 5124 3522 5180 fuit

1937 5216 2108 5270 scribi
2137 5215 2205 5269 15
2233 5215 2482 5281 indictio,
2515 5216 2597 5271 sic
2627 5212 2794 5271 etiam
2840 5217 3083 5286 scriptus
3119 5215 3312 5268 fuisset
3343 5227 3520 5266 annus

1938 5308 2175 5363 lleraclii
2233 5308 2290 5372 2,
2327 5323 2506 5364 annus
2557 5315 2696 5378 quo‘
2741 5323 2941 5377 passus
3008 5314 3093 5361 est
3153 5304 3518 5370 Anastasius,

1935 5417 2210 5471 quemque
2244 5416 2311 5456 ex
2377 5401 2666 5470 ipsiusmet
2703 5397 2943 5453 Her-aelii
2979 5397 3209 5466 epistola
3243 5396 3520 5450 Constan.

1934 5494 2218 5563 tin0polim
2242 5495 2448 5563 scripta
2473 5492 2538 5546 de
2569 5491 2732 5545 rebus
2761 5507 2790 5543 a
2825 5505 2885 5544 se
2915 5497 3104 5542 contra
3145 5489 3442 5542 (Lhosroem
3463 5495 3518 5542 et

1936 5602 2061 5642 cum
2115 5585 2288 5657 Syroe
2329 5585 2544 5657 gestis,
2615 5589 2839 5637 constat
2900 5580 3099 5634 festum
3157 5578 3513 5637 Pentecostes

1942 5677 2149 5734 tSJlaii
2198 5679 2470 5744 retulisse,
2513 5683 2567 5734 ct
2620 5675 2654 5730 5
2696 5673 2899 5746 Aprilis
2947 5671 3208 5730 habuisse
3261 5671 3511 5727 Domini-
