3906 6226
418 275 556 339 1179

1338 275 1438 336 DE
1463 277 1521 336 S.
1551 275 2044 335 'I'HEOPHANIS
2083 273 2742 335 CHRONOGRAPHIA

3529 280 3651 345 1130

421 405 545 444 eam
591 388 646 442 in
701 386 876 450 Albis,
930 385 1178 454 adeoque
1239 384 1410 443 fuisse
1441 388 1684 457 vulgaris
1725 403 1847 445 atrae
1899 385 2004 440 628
2036 395 2078 447 Α
2106 393 2317 457 spt-etet
2367 395 2480 440 tota
2529 386 2793 442 Chosroae
2834 385 3136 458 Syrotsque
3166 388 3657 463 tragmdia,etqu:e

421 482 541 545 hic,
607 481 866 548 inquam,
923 493 1103 534 anuus
1165 477 1450 536 debuisset
1497 480 1736 536 lleraclii
1792 480 1856 535 19
1899 496 2002 533 nu-

423 570 644 626 merari.

493 657 590 712 22.
650 655 791 722 Quid
834 655 1004 726 igitur
1055 654 1459 727 Theophanes,
1505 658 1741 728 inquies,
1785 669 1839 713 ct
1885 661 2004 728 ejus

423 751 696 820 interpres
731 750 1059 806 Anastasius
1091 765 1178 806 res
1213 767 1407 807 omnes
1453 753 1596 808 inter
1617 751 1920 810 Cbosroem
1951 763 2006 809 et

425 841 652 910 Syroem
686 849 869 910 gestas
904 848 958 896 et
992 841 1341 911 imperatoris
1379 841 1635 898 victorias
1663 843 1832 911 posti
1873 843 2009 897 indi-

429 935 629 990 ctionis
684 935 901 988 initium
962 933 1237 999 obtentas,
1284 936 1337 988 in
1402 951 1602 989 annum
1649 932 1884 990 lleraclii
1939 923 2004 989 17

428 1036 844 1098 compegerunt,
895 1042 1106 1097 suoque
1163 1027 1412 1097 exemplo
1460 1043 1680 1083 morere
1726 1043 1876 1094 eum,
1911 1029 2006 1098 qui

433 1123 611 1180 sancti
638 1123 918 1177 Anastasii
944 1133 1064 1175 acta
1094 1122 1332 1192 politiori
1361 1121 1498 1193 stle
1524 1122 1761 1187 ornavit,
1783 1129 1839 1174 ut
1862 1134 2012 1174 cum-

433 1213 549 1267 dem
577 1227 777 1265 annum
811 1212 975 1264 etiam
1029 1214 1143 1279 ipse
1191 1210 1333 1264 dicto
1366 1209 1628 1279 martyrio
1670 1207 2009 1279 assignaret?

432 1303 548 1357 Iloc
581 1319 773 1370 nempe
803 1317 883 1356 ρει
909 1302 1050 1370 quod
1089 1300 1154 1353 ad
1198 1311 1318 1354 acta
1350 1301 1607 1369 praedicta
1637 1299 1872 1354 diximus
1904 1299 2008 1370 (κ),

430 1406 605 1446 annos
639 1391 702 1444 17
743 1397 796 1444 et
836 1390 921 1454 18,
958 1388 1194 1444 l-leraclii
1246 1390 1510 1445 confusos
1567 1391 1634 1446 ab
1683 1393 2006 1449 auctoribus

429 1498 572 1536 esse.
626 1481 782 1548 Quod
842 1483 979 1536 satis
1028 1483 1247 1552 quidem
1294 1482 1560 1537 intellexit
1595 1485 2007 1540 eruditissimus

432 1573 691 1629 Petavius
739 1589 859 1629 cum
892 1574 1052 1637 dixit,
1101 1574 1329 1627 relatam
1379 1574 1446 1628 de
1471 1573 1674 1628 Razate
1714 1575 2004 1630 Persarum

431 1669 660 1721 ductore
700 1666 990 1721 victoriam
1034 1684 1052 1717 ι
1091 1680 1236 1720 anno
1270 1665 1334 1718 18
1369 1664 1582 1735 imperii
1609 1665 1720 1735 jam
1750 1665 2008 1720 inchoato

433 1778 553 1816 eum
594 1762 616 1814 1
663 1759 1003 1814 indictione:
1070 1779 1088 1811 ι
1124 1775 1236 1813 non
1292 1768 1476 1814 tamen
1532 1759 1817 1829 explicuit,
1876 1757 2006 1828 quid
2037 1739 2084 1799 B

433 1861 578 1907 esset
606 1861 714 1906 tota
746 1853 874 1904 anni
904 1853 1260 1921 prircedentis
1282 1851 1383 1904 6'27
1419 1850 1610 1921 hyeme
1635 1857 1797 1919 atque
1819 1858 2010 1904 testate

435 1955 654 1999 actum:
708 1960 880 2014 quare
913 1945 966 1997 in
996 1944 1220 2013 ancipiti
1250 1957 1348 1998 nos
1385 1942 1605 1996 relictos
1636 1941 2009 2005 crederemus,

435 2040 539 2093 nisi
575 2055 640 2094 ex
673 2039 790 2108 ipso
824 2037 1177 2106 Theophane,
1213 2053 1344 2092 suos
1391 2035 1565 2106 ipsius
1590 2035 1838 2088 calculos
1875 2050 2011 2088 eon-

435 2130 716 2195 fundente,
745 2131 835 2184 lux
867 2130 1022 2184 nobis
1056 2130 1239 2198 aliqua
1270 2127 1578 2198 effulgeret.
1617 2127 1830 2182 Etenim
1865 2143 2011 2181 anno

441 2222 673 2275 Horat-lii
719 2222 806 2284 16,
858 2236 1091 2276 narrans
1140 2228 1324 2275 vastos
1364 2219 1626 2276 Chosrois
1661 2236 1784 2275 cttm
1809 2219 2013 2289 duplici

437 2314 683 2368 exercitu
739 2322 991 2376 conatus,
1033 2312 1192 2367 facile
1237 2312 1482 2365 ostendit
1521 2321 1693 2364 totum
1747 2327 1872 2366 eum
1916 2326 2009 2364 an-

437 2423 592 2467 num,
626 2406 795 2462 rebus
827 2421 948 2470 quae
981 2407 1050 2459 ibi
1088 2405 1480 2462 describuntur
1515 2416 1706 2457 contra
1743 2403 1888 2457 Saim
1916 2420 2012 2474 ge-

439 2499 540 2552 stis
595 2499 764 2553 fuisse
821 2509 1152 2568 occupatum
1189 2539 1204 2560 ,
1267 2499 1501 2566 ideoque
1571 2496 1878 2551 Turcorum
1950 2511 2014 2550 ex

439 2585 663 2641 Perside
714 2603 1023 2658 regressum
1080 2598 1133 2642 et
1181 2602 1306 2642 cmn
1363 2587 1723 2658 imperatorio
1769 2587 2014 2642 exercitu

439 2681 903 2749 coniunctionem,
953 2687 1045 2734 aut
1087 2680 1347 2734 incidisse
1381 2681 1433 2733 in
1489 2689 1810 2733 autumnum
1864 2694 2012 2740 eum,

443 2773 586 2827 unde
623 2774 866 2842 proxime
902 2788 1136 2842 sequens
1169 2771 1483 2826 Graecorum
1518 2787 1697 2826 annus
1735 2771 1884 2825 ducit
1915 2772 2016 2824 ini-

440 2866 615 2929 tium,
673 2873 763 2919 aut
821 2863 961 2918 forte
1017 2866 1181 2918 etiam
1235 2865 1409 2918 multo
1451 2865 1629 2918 serius
1682 2864 2013 2932 contigisse;

443 2957 662 3011 interitu
716 2956 842 3010 dttm
893 2957 1030 3010 alter
1075 2956 1416 3010 Persicarum
1477 2957 1761 3024 copiarum
1823 2955 2018 3008 ductor

443 3050 734 3114 Sarberus,
757 3050 1080 3103 conliuuata
1113 3049 1276 3102 etiam
1307 3063 1400 3117 per
1423 3047 1675 3118 hycmem
1701 3045 2012 3108 obsidione,

443 3141 841 3197 Chalcedouem
879 3141 1098 3211 premit.
1157 3139 1216 3193 in
1251 3155 1360 3210 quo
1407 3139 1724 3208 repeilcndo
1767 3145 1820 3192 et
1862 3138 2018 3191 boste

443 3233 823 3304 persequendo
853 3248 990 3301 Opus
1013 3243 1099 3287 est
1139 3231 1480 3302 insumptmn
1525 3231 1694 3284 fuisse
1722 3229 1866 3299 quod
1898 3245 2018 3284 esse

443 3335 658 3396 poterat
693 3340 757 3377 cx
803 3325 995 3392 hyeme
1032 3322 1328 3391 reliquum.
1378 3320 1516 3376 ilinc
1553 3321 1709 3375 fessis
1752 3321 2020 3376 militibus

446 3421 569 3471 data
609 3418 785 3487 quies,
819 3425 873 3470 et
910 3417 1168 3482 utrinque
1205 3413 1460 3484 parandis
1490 3413 1555 3466 ad
1601 3423 1877 3468 extremos
1923 3430 2018 3468 co-

446 3519 608 3563 natus
645 3508 850 3562 viribus
897 3507 1194 3563 incubuere
1247 3514 1454 3574 partes,
1511 3506 1812 3574 prazsertim
1846 3505 2021 3559 [iera-

448 3605 611 3666 clius,
638 3603 799 3672 idque
823 3602 1104 3673 diligentia
1127 3607 1301 3662 tanta,
1329 3609 1388 3654 ut
1417 3599 1631 3654 hostem
1666 3607 2020 3669 prmvertens,

449 3699 632 3752 statim
670 3710 699 3748 a
731 3709 917 3748 mense
953 3691 1284 3763 Septembri,
1321 3706 1524 3744 annum
1558 3689 2024 3759 ConsrantinOpo-

451 3787 636 3843 litanis
672 3786 776 3840 628
822 3785 1138 3850 inchoante,
1185 3783 1238 3837 in
1275 3783 1489 3838 hostem
1518 3783 1775 3849 moverit,
1817 3797 2024 3851 easque

452 3898 541 3936 res
587 3880 860 3951 gesserit,
907 3894 1067 3948 quas,
1107 3877 1234 3947 quia
1287 3876 1428 3932 duos
1484 3876 1700 3947 priores
1755 3889 1929 3930 annos
1970 3877 2023 3930 in

452 3990 621 4028 unutn
673 3971 1030 4042 Theophanes
1087 3969 1462 4033 conﬂaverat,
1527 3967 1592 4021 ad
1656 3968 1722 4022 17
1788 3966 2024 4021 licraclii

451 4083 654 4122 annum
695 4075 748 4121 et
791 4065 1144 4120 indictionem
1198 4063 1265 4118 15
1303 4077 1496 4117 omnes
1547 4069 1632 4116 est
1668 4070 1892 4116 coactus
1935 4074 2024 4116 re-

453 4159 615 4212 ferre.

519 4247 610 4302 ‘25.
655 4243 856 4300 Verum
915 4241 1044 4295 dum
1105 4255 1200 4309 per
1258 4252 1474 4292 menses
1517 4237 1765 4306 singulos
1800 4251 2025 4306 progre-

454 4340 631 4399 diens,
666 4335 886 4392 tandem
941 4332 1008 4387 ad
1056 4331 1122 4385 1'2
1177 4349 1195 4381 t
1241 4330 1384 4384 diem
1421 4327 1734 4383 Decembris
1757 4327 2024 4396 pervenit,

2108 478 2262 534 missi
2297 478 2444 534 ultro
2470 479 2718 548 citroque
2755 479 2826 534 de
2850 480 3147 536 fwderibus
3188 481 3363 536 nuntii
3398 499 3552 553 egere
3575 503 3657 542 us-

2104 585 2212 639 que
2243 570 2311 625 ad
2352 571 2498 624 diem
2538 569 2602 624 15
2628 569 2752 625 Maii
2787 570 3104 627 indictionis
3136 573 3186 634 1,
3213 588 3323 642 quo
3356 575 3510 629 lectae
3545 590 3660 633 sunt

2105 663 2584 734 Constantinopoli
2630 679 2700 719 ex
2754 672 3016 735 suggestu
3081 665 3134 719 in
3182 667 3535 721 sanctissima
3584 669 3660 725 Dei

2109 751 2306 823 Magna
2331 751 2574 821 ecclesia
2603 751 2892 807 Laureatai
2915 751 3262 822 imperatoris
3285 753 3506 816 liuere,
3546 771 3664 807 nua-

2109 845 2311 899 tiantes
2336 851 2564 898 mortem
2605 841 2867 898 Chosroa:
2891 852 2946 898 et
2978 845 3454 914 inaugurationem
3477 843 3665 915 Syros,

2111 937 2371 1006 pacisque
2431 934 2690 991 stabilita
2749 935 2999 990 ordinem
3051 947 3217 1004 atque
3277 936 3668 991 conditiones:

2108 1043 2250 1099 quas
2277 1028 2493 1082 litteras
2521 1036 2710 1082 astate
2734 1026 2846 1097 jam
2879 1027 3090 1089 adulta,
3125 1027 3441 1082 laetissimus
3470 1028 3672 1096 excepit

2109 1121 2324 1177 reditus
2374 1119 2633 1187 llcraclii,
2669 1135 2893 1175 crucem
2946 1119 3284 1176 Domiuicam
3327 1123 3672 1188 reportantis,

2107 1227 2233 1269 cum
2258 1211 2369 1282 jam
2407 1226 2546 1266 nova
2575 1209 2803 1266 indietio
2826 1225 2952 1266 cum
2974 1225 3122 1266 anno
3151 1211 3430 1266 communi
3461 1209 3676 1266 Gracc-

2108 1318 2231 1358 rum
2265 1312 2443 1371 empta
2472 1311 2639 1359 8858i.

2180 1398 2273 1453 ΞΑ.
2313 1398 2494 1466 Atque
2520 1411 2668 1451 nunc
2695 1395 2767 1450 ita
2794 1396 2941 1450 clare
2963 1395 3220 1451 videntur
3249 1396 3553 1458 elucidata,
3574 1410 3677 1467 quae

2108 1487 2238 1543 olim
2290 1488 2558 1542 duntaxat
2601 1488 2653 1540 in
2704 1487 2943 1542 transitu
2995 1487 3363 1557 perstringere
3403 1487 3587 1550 licuit,
3632 1499 3678 1543 et

2109 1581 2290 1634 omnia
2322 1595 2444 1634 cum
2477 1579 2870 1644 Alexandrino,
2905 1588 2963 1632 ut
2994 1589 3214 1646 vocant,
3242 1580 3551 1644 Chronico,
3592 1596 3678 1634 an-

2111 1673 2198 1727 nis
2246 1673 2411 1744 paulo
2471 1681 2594 1743 post
2648 1672 2856 1728 secutis
2912 1673 3142 1743 scripto,
3193 1675 3542 1728 conveniunt
3594 1690 3679 1744 op-

2113 1765 2264 1819 time.
2320 1763 2474 1820 Nunc
2520 1764 2656 1819 libet
2715 1779 2781 1819 ex
2817 1763 3010 1819 eodem
3049 1764 3326 1820 Chronico
3364 1767 3677 1829 observare,

2114 1854 2390 1925 quomodo
2425 1855 2623 1925 primis
2653 1855 2892 1910 Heraclii
2926 1855 3091 1911 annis
3115 1855 3317 1910 factum
3370 1857 3460 1920 sit,
3503 1872 3566 1912 ut
3601 1873 3684 1928 per

2112 1948 2435 2016 explicatam
2473 1948 2732 2016 superius
2760 1949 3213 2003 constitutionem
3241 1949 3516 2019 iubentis,
3547 1965 3601 2005 ut
3624 1952 3685 2005 ah

2113 2041 2200 2094 die
2240 2041 2310 2095 15
2333 2039 2582 2095 Januarii
2625 2055 2801 2110 usque
2848 2041 2903 2094 in
2940 2041 3068 2094 anni
3101 2040 3260 2095 tinem
3309 2061 3328 2093 ι
3367 2043 3434 2096 15
3466 2045 3685 2098 indictio

2115 2141 2169 2187 et
2195 2133 2516 2188 consulatus
2557 2133 2792 2188 lieraclii
2826 2153 2846 2186 ι
2889 2133 3242 2197 scriberetur,
3301 2135 3518 2190 initium
3570 2136 3686 2204 qui-

2116 2223 2239 2277 dem
2293 2223 2651 2278 indictionum
2706 2239 2736 2277 a
2787 2222 3099 2293 Septembri
3146 2223 3214 2277 ad
3259 2224 3412 2278 aliud
3477 2234 3686 2296 tempus

2117 2315 2442 2370 translatum
2495 2314 2684 2377 fuerit,
2733 2329 2844 2368 non
2893 2321 3076 2369 tamen
3122 2328 3308 2367 earum
3339 2313 3542 2386 Cyclas
3586 2329 3685 2369 uno

2115 2422 2263 2462 anno
2295 2409 2640 2462 acceleratus
2673 2423 2686 2458 :
2745 2407 2876 2476 quia
2925 2421 3122 2476 nempe
3154 2406 3434 2461 secundus
3459 2404 3688 2461 ileraelii

2116 2511 2297 2551 annus
2330 2511 2439 2550 non
2495 2495 2597 2552 iuit
2631 2496 2886 2565 signatus
2923 2495 3230 2549 indictione
3266 2494 3316 2560 1,
3353 2494 3500 2564 quod
3541 2493 3690 2564 Cych

2117 2585 2468 2656 quindenarii
2503 2601 2768 2641 numerus
2801 2587 3105 2655 anticipate
3130 2586 3376 2655 expletus
3417 2586 3692 2654 postuias-

2118 2684 2235 2742 set;
2284 2678 2377 2733 sed
2422 2678 2494 2732 ita
2539 2679 2802 2746 scriptum
2855 2677 2979 2742 fuit,
3057 2697 3077 2729 ι
3114 2677 3219 2732 ind.
3264 2677 3351 2741 15,
3397 2676 3548 2732 ilier.
3592 2678 3683 2743 11,

2119 2781 2241 2840 post
2287 2773 2500 2825 consul.
2558 2770 2797 2824 Heraclii
2853 2771 3138 2841 Augusti:
3179 2787 3198 2821 ι
3261 2779 3318 2824 et
3353 2770 3437 2823 sic
3490 2784 3691 2825 conse-

2118 2869 2349 2930 quenter
2378 2876 2524 2916 anno
2557 2862 2718 2916 tertio
2763 2880 2781 2913 t
2827 2862 2942 2915 ind.
2980 2861 3032 2926 1,
3077 2859 3205 2915 Her.
3241 2861 3338 2915 111
3391 2871 3520 2930 post
3557 2877 3691 2916 con-

2119 2951 2358 3008 sulatum
2411 2953 2648 3007 lleraclii
2691 2954 2919 3022 Augusti
2953 2953 3013 3006 11
3051 2971 3070 3005 ι
3119 2956 3344 3023 quando
3375 2957 3536 3010 etiam
3565 2971 3697 3011 con-

2120 3045 2373 3100 stitutum
2419 3053 2522 3110 est,
2561 3055 2620 3100 ut
2658 3061 2687 3099 a
2721 3046 2807 3102 die
2838 3046 2909 3101 25
2948 3045 3198 3101 Januarii
3233 3049 3318 3102 sic
3349 3050 3694 3116 scriberetur,

2127 3156 2146 3189 ‹
2187 3137 2406 3208 Imperii
2453 3138 2999 3209 religiosissimorum
3041 3149 3363 3196 nostrorum
3393 3143 3696 3213 principum

2121 3239 2176 3285 et
2217 3231 2579 3286 maximorum
2607 3233 2993 3288 beneﬁciorum
3031 3242 3348 3297 auctorum,
3382 3235 3549 3290 Flavii
3593 3234 3695 3290 Ile-

2124 3323 2279 3378 raclii
2329 3324 2586 3393 piissimi,
2639 3338 2786 3378 anno
2821 3325 2964 3390 111,
3009 3336 3132 3396 post
3159 3328 3510 3383 consulatum
3553 3327 3699 3397 ejus-

2123 3415 2245 3471 dem
2304 3431 2450 3471 anno
2508 3417 2593 3479 11,
2632 3426 2686 3470 et
2734 3417 2904 3476 Flavii
2961 3415 3200 3474 lieraclii
3258 3419 3509 3476 Junioris
3563 3422 3697 3476 Com

2124 3508 2372 3574 stantini,
2417 3524 2446 3561 a
2500 3507 2608 3563 Deo
2669 3509 2930 3563 custoditi
2989 3509 3082 3564 ﬁlii
3119 3499 3263 3579 eius,
3303 3527 3453 3568 anno
3506 3516 3692 3583 primo,

2124 3615 2342 3669 semper
2375 3599 2750 3668 Augustorum
2780 3603 3200 3672 imperatorum.
3231 3623 3249 3655 ι

2194 3691 2285 3746 25.
2325 3689 2526 3746 Verum
2553 3693 2618 3746 ad
2653 3694 2797 3762 quod
2828 3703 3042 3765 tempus
3088 3696 3342 3753 dicemus
3373 3697 3688 3752 translatum

2125 3783 2487 3838 indictionum
2547 3784 3214 3855 initium?’l‘he0phanes,
3265 3789 3415 3842 nulla
3475 3789 3690 3843 istarum

2126 3875 2428 3929 novitatum
2463 3876 2646 3930 habita
2678 3879 2914 3941 ratione,
2955 3887 3009 3932 et
3039 3893 3214 3934 annos
3249 3879 3485 3935 lieraclii
3528 3881 3692 3948 impe-

2126 3962 2328 4015 ratoris
2369 3969 2423 4017 et
2456 3963 2789 4020 indictiones
2825 3981 2854 4019 a
2906 3965 3215 4037 Septembri
3257 3983 3448 4024 mense
3493 3969 3690 4024 subdu-

2127 4067 2252 4108 cere
2281 4068 2341 4108 se
2382 4053 2671 4110 manifeste
2715 4056 2943 4121 indicat,
2980 4073 3103 4111 eum
3148 4071 3294 4112 anno
3329 4057 3560 4114 Heraclii
3604 4073 3691 4114 se-

2126 4145 2368 4200 cundum
2397 4146 2669 4200 calculum
2698 4145 2816 4214 eius
2849 4150 3030 4212 tertio,
3079 4151 3172 4205 sed
3210 4151 3510 4206 secundum
3557 4151 3690 4204 veri.

2129 4245 2294 4296 tatem
2369 4245 2422 4291 et
2489 4240 2763 4306 publicam
2842 4241 3118 4297 scribendi
3173 4241 3464 4296 formulam
3525 4243 3688 4296 adhuc

2129 4331 2398 4394 secundo,
2435 4337 2625 4385 narrat
2650 4334 3064 4388 coronationem
3097 4333 3418 4404 Epiphania:
3447 4351 3477 4390 a
3513 4335 3686 4405 Sergio

453 4447 563 4501 quo
588 4429 1026 4501 ipsclmperator
1051 4433 1175 4478 ante
1193 4438 1382 4476 omnes
1421 4420 1712 4490 prosiliens
1734 4419 2024 4476 Persarum
2061 4433 2102 4488 ι)
2133 4423 2448 4492 patriarcha
2484 4422 2680 4477 factam
2720 4442 2738 4474 t
2787 4427 2996 4480 mensis
3043 4427 3302 4482 Octobris
3332 4428 3424 4482 dic
3472 4429 3523 4492 Δ,
3557 4425 3684 4480 ludi-

455 4525 735 4578 ductorem
761 4518 1009 4581 oliendit,
1037 4531 1272 4585 eumque
1298 4513 1389 4569 Dei
1432 4513 1636 4567 virtute
1661 4521 1714 4566 et
1743 4511 1836 4566 Dei
1859 4511 2028 4566 Geni-

459 4617 610 4671 tricis
676 4615 883 4670 auxilio
942 4611 1282 4683 prostravit,
1325 4627 1343 4660 ι
1409 4607 1526 4677 ipse
1571 4621 1728 4661 suum
1784 4621 2025 4660 errorem

458 4711 683 4774 imlicat,
713 4719 764 4764 et
791 4709 998 4779 pariter
1047 4707 1222 4759 facem
1261 4701 1420 4756 nobis
1465 4715 1684 4753 rursum
1722 4696 1900 4763 eﬂ'ert,
1947 4698 2029 4751 di-

457 4820 628 4858 cens:
705 4821 721 4853 ι
756 4801 981 4856 Sahbati
1036 4799 1179 4853 diem
1229 4795 1423 4849 fuisse.
1470 4812 1488 4844 ι
1551 4791 1665 4845 Hoc
1715 4791 1859 4846 enim
1919 4806 2027 4844 non

458 4895 695 4966 quadrat
731 4894 783 4946 in
837 4893 900 4946 15
938 4890 1319 4950 indictionem,
1373 4885 1479 4939 nisi
1508 4886 1680 4952 ipsam
1714 4899 1740 4936 a
1770 4881 2030 4939 Januario

460 4993 512 5046 iu
558 4987 882 5044 Januarium
932 4985 1136 5047 ducas;
1193 4982 1290 5037 sed
1347 4982 1400 5035 in
1449 4979 1800 5033 indictionem
1851 4979 1872 5032 1
1923 4995 2028 5046 qua

458 5083 622 5137 (Ivclo
659 5080 790 5134 solis
827 5077 916 5140 ‘20,
948 5079 1127 5130 littera
1173 5075 1497 5131 Iiomiuicali
1537 5073 1577 5124 D
1618 5072 1736 5126 dies
1773 5072 1836 5126 1‘2
1870 5075 2006 5126 Octo

461 5145 572 5230 bris
595 5167 962 5225 concurrebat
988 5180 1113 5217 cum
1149 5163 1411 5230 Sabbato,
1452 5177 1502 5219 et
1533 5181 1711 5219 annus
1740 5164 1854 5232 (528ζ
1881 5161 2030 5216 ϐιω-

459 5273 541 5324 cis
579 5268 631 5321 in
668 5279 857 5329 cursu,
911 5261 1072 5316 nobis
1113 5269 1293 5313 autem
1333 5259 1385 5311 in
1413 5258 1598 5327 januis
1635 5267 1802 5312 esset.
1847 5257 2033 5325 Itaque

458 5377 583 5414 cum
632 5358 857 5427 reliquis
905 5354 1071 5423 hujus
1105 5351 1232 5406 anui
1280 5349 1442 5405 rebus
1491 5350 1911 5419 coujttugendus
1951 5359 2035 5404 est

459 5455 734 5521 gloriosus
775 5447 1125 5520 imperatoris
1178 5461 1464 5516 regressus
1499 5445 1552 5499 in
1594 5443 1808 5506 urbem,
1852 5453 1903 5496 et
1933 5457 2035 5510 pax

463 5547 695 5613 imperio
731 5555 918 5614 parta;
957 5543 1160 5613 quibus
1194 5539 1327 5596 solis
1355 5536 1571 5592 duobus
1601 5535 1822 5606 punctis
1853 5533 2035 5587 Theo-

461 5635 671 5705 phanes
733 5636 920 5705 implet
970 5649 1174 5690 annutn
1234 5629 1618 5688 Alexandrinae
1681 5643 1836 5688 tera),
1894 5627 2037 5679 sicut

469 5725 709 5784 diximus
760 5727 1129 5796 praecipitatae,
1182 5725 1284 5779 619
1333 5742 1454 5779 tum
1505 5724 1640 5777 alius
1684 5721 1747 5773 ad
1785 5720 2033 5775 cumdcm

2131 4515 2312 4570 ctione
2347 4516 2395 4570 1.
2445 4537 2463 4566 υ
2517 4517 2582 4570 Et
2615 4516 2806 4572 eodem
2839 4517 3098 4588 deinceps
3142 4534 3308 4588 passu
3343 4520 3684 4590 progreditur.

2131 4609 2441 4665 Chronicon
2475 4625 2606 4665 vero
2644 4610 3024 4678 supradictum
3055 4613 3159 4666 sub
3188 4612 3256 4668 15
3290 4613 3583 4668 indictione
3612 4611 3683 4664 ia-

2132 4714 2276 4759 ctum
2306 4703 2436 4758 illud
2467 4703 2647 4758 adhuc
2677 4704 2998 4773 relinquens
3026 4745 3041 4769 ,
3074 4704 3249 4773 ipsam
3288 4705 3503 4759 videtur
3536 4717 3686 4772 usque

2133 4794 2201 4850 ad
2225 4792 2549 4850 Januarium
2602 4794 2957 4862 protrahere:
2989 4791 3189 4847 deinde
3224 4808 3356 4848 vero
3390 4795 3542 4848 clare
3566 4792 3685 4846 indi.

2132 4896 2243 4954 cat,
2282 4905 2390 4943 non
2455 4887 2598 4941 idem
2663 4902 2933 4942 annorutn
2969 4888 3184 4957 imperii
3234 4896 3291 4943 et
3347 4889 3684 4944 indictionum

2134 4981 2348 5036 censeri
2404 4981 2645 5041 inititttn,
2695 4980 2929 5049 ideoque
2986 4993 3132 5034 anno
3184 4987 3316 5049 post
3365 4983 3683 5037 causulatntn

2135 5075 2370 5130 lieraclii
2406 5075 2526 5139 111,
2569 5089 2691 5128 cum
2733 5073 2790 5126 11
2831 5073 3132 5126 indictione
3165 5074 3491 5142 coniuncto,
3523 5077 3685 5128 subne-

2134 5178 2291 5223 ctens
2338 5175 2490 5236 gesta
2525 5165 2614 5220 die
2651 5165 2740 5227 H,
2770 5163 3006 5234 Gorpizei
3056 5165 3283 5228 mensis,
3327 5167 3422 5236 qui
3459 5163 3686 5221 Romanis

2135 5270 2219 5316 est
2252 5260 2591 5330 September,
2619 5273 2880 5328 expresse
2915 5257 2981 5312 iis
3023 5257 3551 5313 additinilictionem
3586 5255 3684 5310 111.

2139 5353 2214 5406 Ex
2249 5367 2358 5420 quo
2393 5358 2580 5420 posset
2609 5364 2960 5417 consequens
3012 5349 3251 5414 censeri,
3279 5349 3393 5416 jam
3441 5358 3552 5402 tum
3586 5360 3686 5414 pro-

2140 5454 2258 5516 pter
2287 5451 2636 5514 emcrgentes
2682 5457 2746 5496 ex
2793 5449 3212 5510 praemonstrata
3245 5443 3546 5495 mutatione
3574 5435 3688 5492 ditii-

2139 5538 2398 5602 cultates,
2457 5533 2720 5590 reductas
2752 5533 2928 5588 fuisse
2973 5533 3044 5588 ad
3097 5533 3314 5587 initium
3379 5530 3686 5604 Septembris

2142 5628 2504 5692 indictiones,
2541 5627 2645 5680 nisi
2692 5626 2744 5679 in
2805 5623 2997 5679 eodem
3051 5624 3352 5688 Chronico,
3405 5640 3526 5679 mox
3568 5632 3687 5674 anno

2145 5723 2393 5791 sequenti
2435 5736 2559 5777 cum
2591 5718 2682 5772 111
2723 5717 3018 5774 indictione
3049 5728 3362 5786 comparato
3395 5717 3681 5774 referretur.
