3950 6234
309 320 439 388 llSl

1327 327 1501 389 eoo.
1545 316 2023 391 HENSCHENH
2066 316 2592 395 DISSERTATIO.

3461 323 3596 389 1182

310 436 443 507 quid
474 449 542 492 eo
597 451 743 492 anno
798 436 1031 508 coeperit
1080 437 1225 495 inter
1284 440 1633 511 psallendum
1688 438 1974 503 senariA
2008 442 2199 512 Πάσχα.
2231 452 2427 516 magna
2478 441 2725 515 paschali
2763 440 3115 498 solemnitate
3156 434 3294 494 feria
3339 433 3393 491 4.
3438 454 3457 487 ο
3513 433 3590 489 fta

313 546 332 579 ι
375 542 408 584 a
441 529 618 598 prima
659 526 1007 597 Jejuniorum
1057 529 1398 587 hebdomade
1442 530 1747 588 indictione
1774 531 1833 587 ιι.
1870 548 1890 583 ι

309 612 501 688 Quid?
533 636 601 674 an
630 616 743 691 jam
774 628 887 674 tum
918 634 1042 675 cum
1088 622 1247 679 initio
1278 621 1463 679 Martii
1493 623 1728 695 (Pascha
1752 623 1902 681 enim

306 712 379 769 20
425 713 630 783 Aprilis
672 712 1125 783 exspectabatur)
1174 716 1393 786 incepta
1434 724 1555 772 erat
1588 730 1730 772 nova
1767 716 1906 771 indi-

309 807 443 873 etio,
504 813 560 863 et
608 822 747 877 pene
794 809 994 862 iterum
1054 807 1389 867 indictiones
1437 808 1563 864 dua:
1628 808 1689 864 in
1735 823 1903 869 unum

312 912 519 952 annum
554 886 1050 968 eompingebantur
1079 892 1102 954 ?
1149 900 1338 955 Potius
1382 900 1673 973 scriptoris
1708 900 1907 957 mendo

313 990 347 1044 ι
382 1003 477 1059 pro
512 988 601 1043 lli
665 989 957 1059 irrepsisse
998 989 1338 1047 credemus?
1386 992 1467 1045 lta
1494 999 1641 1046 certe
1671 990 1908 1051 suadent

316 1096 587 1136 annorum
624 1081 996 1151 posteriorum
1040 1082 1314 1151 exempla,
1350 1081 1561 1137 nullum
1599 1096 1711 1137 non
1753 1095 1902 1137 men—

318 1191 434 1230 sem
482 1173 793 1245 Septembri
825 1175 1070 1245 priorem
1098 1173 1166 1229 ad
1205 1160 1455 1233 eamdem
1499 1174 1792 1232 referentia
1826 1174 1912 1230 itt-

321 1267 649 1333 dictionetu,
688 1282 796 1336 qua
828 1282 1009 1324 annus
1041 1266 1395 1341 imperatoris
1419 1268 1694 1339 signatur.

386 1358 479 1413 26.
508 1357 623 1414 lloc
651 1360 819 1429 igitur
841 1358 1109 1431 przeeitati
1150 1359 1402 1415 chronici
1435 1358 1635 1414 mendo
1664 1357 1911 1415 admisso

319 1458 700 1521 curret-teque,
734 1450 845 1505 dici
890 1457 1094 1520 potest,
1137 1450 1301 1505 tertio
1334 1464 1457 1521 p05t
1496 1448 1735 1504 Heraclii
1779 1459 1913 1506 con-

319 1545 561 1601 sulatum
592 1559 740 1599 anno
755 1543 938 1599 adhuc
970 1551 1229 1599 currente
1259 1559 1432 1614 usque
1459 1542 1523 1597 ad
1558 1540 1911 1607 Januarium,

320 1637 505 1695 denuo
538 1638 774 1705 coepisse
823 1636 1158 1693 indietiones
1187 1653 1217 1692 a
1257 1634 1566 1708 Septembri
1608 1634 1910 1692 numerari.

321 1731 484 1786 Certe
514 1742 710 1799 praeter
745 1730 859 1799 jam
895 1729 1105 1785 dictum
1143 1731 1348 1790 locum,
1387 1744 1545 1798 quem
1588 1727 1911 1783 mendosum

321 1832 443 1879 esse
470 1823 839 1893 suspicamur,
874 1823 1009 1876 nihil
1034 1830 1213 1893 p0test
1244 1819 1449 1889 aﬂ'erri,
1491 1837 1604 1891 quo
1633 1821 1913 1876 sustineas

321 1915 468 1971 ultra
500 1930 626 1971 eum
667 1922 874 1970 annum
919 1914 1095 1972 fuisse
1139 1913 1404 1970 Januario
1456 1913 1780 1967 attributum
1832 1912 1915 1967 iu-

324 2009 584 2065 dictionis
632 2008 974 2065 exordium:
1017 2004 1192 2064 multo
1243 2007 1451 2084 minus,
1503 2007 1672 2084 etiam
1724 2020 1917 2062 mense

322 2098 522 2157 Martio
547 2100 845 2172 aliquando
874 2099 1021 2157 illam
1049 2080 1367 2156 inchoatam
1401 2097 1594 2153 fuisse.
1624 2080 1761 2151 Nam
1790 2096 1918 2152 licet

326 2196 494 2251 verba
523 2194 758 2251 Heraclii
795 2196 849 2250 in
885 2194 1119 2266 epistola
1155 2208 1303 2249 anno
1352 2193 1457 2249 628
1500 2193 1707 2262 scripta
1742 2192 1808 2263 τῇ
1837 2187 1919 2245 κδ’

322 2284 418 2340 to?)
449 2286 809 2359 παρελθόντος
839 2285 1264 2357 Φευϐρουαρίου,
1301 2285 1394 2355 τῆς
1414 2284 1773 2355 ἐνισταμένης
1797 2284 1918 2336 ἐπι-

323 2379 634 2450 νεμήσεως,
652 2378 927 2450 interpres
948 2379 1194 2444 verterit,
1216 2389 1234 2428 ι
1254 2377 1325 2431 24
1348 2374 1630 2433 Februarii
1660 2377 1917 2448 praeteriti

328 2466 837 2536 mensis,’instante
873 2468 987 2540 jam
1016 2470 1194 2540 prima
1227 2470 1551 2535 indictione,
1586 2487 1605 2523 ι
1645 2470 1920 2540 quasiad—

329 2565 439 2621 huc
479 2563 670 2620 futura
722 2571 870 2620 esset
922 2562 1176 2628 indictio,
1226 2579 1351 2635 quae
1401 2563 1612 2634 pridem
1664 2562 1921 2619 inchoata

321 2655 435 2728 jam
474 2654 645 2713 lluere
674 2656 933 2723 debebat,
958 2654 1263 2719 secundum
1287 2654 1629 2711 ordinarium
1658 2652 1883 2723 Cyclum
1907 2668 1920 2704 :

327 2751 532 2805 erravit
590 2758 776 2804 tamen
831 2748 1149 2814 manifeste,
1198 2747 1349 2818 quod
1393 2744 1671 2819 putaverit
1724 2747 1921 2818 ἐπινηο

331 2843 491 2916 μέσιν
538 2841 631 2898 hic
667 2842 983 2913 significare
1016 2841 1396 2897 indietionem.
1446 2840 1733 2911 Nusquam
1774 2839 1921 2897 enim

329 2938 413 2994 vel
445 2937 534 2994 hic
567 2936 651 2993 rei
685 2937 831 2992 alius
870 2945 1065 2993 auctor
1085 2935 1244 2990 aliter
1267 2948 1387 2989 eam
1424 2934 1922 3004 appellavit,quam

335 3032 532 3091 Latino
570 3034 797 3090 nomine
819 3031 1175 3093 ἰνδικτιῶνος
1204 3033 1307 3100 (y).
1341 3030 1531 3101 Igitur,
1578 3038 1638 3084 ut
1678 3026 1915 3085 Heraclii

337 3128 624 3196 epistolam
653 3135 805 3182 recte
833 3124 1130 3195 intelligas,
1154 3124 1253 3193 τῆς
1271 3124 1632 3193 ἐνισταμένης
1656 3124 1916 3191 ὲπξηνιξμήρ
1946 3151 2000 3208 υ

340 3238 480 3283 eam;
516 3218 619 3292 (sic
655 3220 801 3275 enim
848 3216 1157 3289 legendum)
1214 3219 1546 3273 reddendum
1594 3216 1793 3271 Latine
1837 3226 1917 3271 est

344 3318 366 3362 ‘r.
402 3309 639 3364 instante
660 3308 774 3377 jam
804 3307 981 3374 primo
1001 3321 1128 3362 vere
1154 3320 1253 3362 seu
1277 3307 1449 3375 prima
1476 3305 1870 3374 pabulatione;
1894 3323 1914 3357 ο

331 3403 419 3452 est
434 3398 578 3452 enim
601 3394 1159 3467 ὲπινέμησιςνθνῢιιιε
1178 3393 1248 3449 ab
1269 3391 1545 3464 ὲπινέμω,
1562 3391 1926 3449 luxuriantem

334 3492 388 3545 in
424 3490 553 3546 folia
586 3499 888 3545 sementem
923 3489 1218 3559 depaseor.
1245 3507 1266 3541 ι
1299 3485 1414 3542 Hoc
1440 3494 1623 3542 autem
1660 3487 1847 3542 statim
1872 3485 1927 3540 in

332 3580 530 3638 Martio
583 3582 894 3638 iaciendum
931 3589 1012 3637 est
1057 3580 1115 3634 in
1148 3580 1257 3635 illis
1284 3578 1642 3635 calidioribus
1685 3578 1928 3649 regioni-

335 3680 438 3733 bus
474 3695 487 3732 :
540 3686 595 3733 et
642 3677 746 3731 hoc
783 3674 1000 3747 tempus
1036 3674 1135 3741 fuit
1182 3679 1401 3729 metu‘ro
1435 3675 1487 3729 in
1538 3682 1749 3743 patrem
1785 3670 1929 3726 Siroi

335 3769 651 3826 necessario
670 3768 1127 3839 exspeCtanduin,
1162 3766 1230 3823 'ne
1260 3766 1476 3821 defectu
1517 3765 1703 3836 pabuli
1738 3765 1931 3821 delice-

334 3868 456 3916 reut
492 3876 589 3931 per
618 3859 815 3916 hiemis
847 3860 1224 3930 asperitatem,
1251 3858 1378 3929 equi
1405 3858 1459 3913 in
1496 3858 1699 3928 quilms
1733 3856 1931 3927 praeci-

334 3966 502 4021 puum
532 3951 824 4008 Persarum
848 3951 1041 4016 robur,
1075 3962 1127 4007 et
1156 3965 1283 4022 sp‘es
1305 3949 1649 4022 opprimendi
1675 3949 1933 4005 celeriter

333 4042 599 4102 't;hosrois
630 4055 745 4101 tota
779 4050 901 4101 erat
928 4047 1254 4102 constituta.

947 4152 1178 4215 CAPUT
1251 4156 1314 4215 ν.

342 4246 603 4340 Dandum
637 4268 1016 4340 chronologt'ca
1038 4270 1227 4324 menda
1261 4284 1354 4339 per
1385 4267 1730 4323 librariorum
1752 4281 1934 4340 socor-

411 4337 558 4390 diam
621 4337 920 4408 Theophani
972 4356 1216 4408 aspersa.
1264 4337 1409 4397 etab
1447 4340 1570 4394 aliis
1620 4355 1725 4394 non
1759 4337 1936 4391 obser-

413 4420 563 4482 vata.
634 4410 914 4466 Annorum
987 4408 1240 4468 Mauritt’i
1310 4412 1649 4482 imperatoris
1731 4408 1932 4479 duplex

414 4479 633 4548 epocha.

1726 4550 1753 4570 χ»

414 4594 506 4652 27.
545 4595 740 4653 Restat
792 4616 962 4664 nunc,
992 4607 1051 4655 ut
1090 4598 1317 4656 omissis
1363 4597 1598 4652 aliorum
1643 4602 1932 4650 auctorum

346 4686 427 4741 vel
458 4686 818 4759 interpretum
839 4690 1077 4756 mendis,
1106 4705 1342 4762 quorum
1366 4688 1638 4744 correctio
1664 4686 1729 4742 ad
1753 4683 1932 4740 Theo-

345 4778 582 4850 phanem
662 4782 1054 4838 illustrandum
1132 4782 1265 4838 facit
1309 4781 1469 4847 nihil,
1518 4778 1935 4837 observationes

343 4873 639 4929 chronicas
668 4916 681 4941 ,
714 4892 837 4944 quze
870 4878 1114 4947 prinrtttn
1153 4883 1650 4932 commentatornm
1682 4872 1937 4929 videntur

347 4966 554 5038 fugisse
591 4968 955 5038 diligentiam,
989 4970 1261 5039 nobisque
1301 4969 1456 5024 aliud
1509 4968 1802 5039 agentibus
1843 4983 1936 5023 oc»

346 5067 665 5124 currerunt,
704 5060 757 5114 in
790 5061 1023 5130 gratiam
1054 5060 1259 5115 curiosi
1300 5059 1521 5115 lectoris
1557 5059 1886 5113 aduotentus
1918 5100 1934 5125 ,

350 5160 407 5204 ttt
454 5153 497 5206 si
529 5153 655 5222 quis
706 5162 991 5208 auctorem
1041 5155 1337 5223 optimum,
1382 5152 1554 5208 forma
1591 5161 1646 5208 et
1676 5155 1837 5208 modo
1868 5153 1935 5209 ad

348 5259 505 5298 usum
538 5243 816 5311 publicum
844 5244 1200 5298 commodiori
1225 5246 1351 5299 velit
1372 5246 1624 5298 emittere
1653 5246 1706 5299 in
1736 5245 1934 5311 lucem,

348 5336 696 5406 propriisque
723 5338 1175 5393 annotationibus
1219 5353 1286 5391 ex
1331 5352 1431 5391 sua
1463 5349 1517 5391 et
1546 5336 1779 5393 aliorum
1808 5336 1936 5390 dili-

348 5430 534 5499 gentia
586 5429 929 5500 depromptis
972 5430 1270 5492 illustrare,
1320 5428 1463 5485 hanc
1511 5443 1733 5499 quoque
1784 5444 1938 5485 race-

353 5521 653 5577 tuatiouem
692 5530 934 5580 nostram
964 5521 1034 5576 ad
1069 5537 1291 5577 manuni
1327 5523 1545 5577 habeat.

423 5612 611 5667 Primo
639 5629 820 5671 annus
857 5615 1261 5671 Alexandrinus
1301 5615 1407 5669 485
1447 5615 1527 5670 sic
1556 5615 1934 5671 concluditur:

338 5694 377 5757 ἰ
415 5703 726 5763 Coronatus
767 5716 851 5764 est
884 5709 1234 5771 Anastasius,
1280 5706 1511 5778 praefata
1547 5709 1845 5765 indictione
1873 5710 1937 5765 14

349 5798 563 5854 tuettsis
626 5802 876 5871 Aprilis,
939 5800 1122 5873 ἡμέρᾳ
1164 5801 1393 5874 πέμπτῃ
1446 5803 1523 5875 ’τῇ
1590 5803 1800 5875 μεγάλῃ
1839 5801 1935 5856 τοῦ

1952 4481 2009 4543 D

2010 539 2282 607 interpres
2313 554 2327 594 :
2370 551 2562 593 verum
2589 536 2638 593 si
2661 550 2729 592 ex
2763 533 2893 589 anni
2930 530 2987 588 et
3014 529 3338 586 indictionis
3385 528 3596 586 indicio

2010 630 2300 701 requiras,
2361 631 2489 700 quis
2543 630 2665 684 dies
2718 624 2890 682 luerit
2945 625 3015 680 ιι
3064 622 3305 693 Aprilis,
3352 622 3599 693 invenies

2007 720 2179 792 Cyclo
2204 720 2347 777 tm
2376 722 2464 788 ΓΙ,
2502 719 2638 775 solis
2662 717 2759 783 εδδ
2795 716 2971 788 ipsam
2991 712 3334 769 Dominicam
3364 709 3602 764 Pascha-

1998 815 2082 871 'tis
2116 813 2323 871 fuisse:
2366 816 2539 884 quare
2562 823 2888 882 expungens
2939 807 3003 860 τὺ
3038 804 3305 876 πέμπτῃ,
3349 802 3601 874 imperita

1997 908 2420 963 .mauunescio
2474 905 2621 961 unde
2669 905 2968 975 adjectum,
3013 901 3090 957 ita
3129 902 3339 957 clarum
3376 912 3599 953 sensum

2013 998 2206 1087 latine
2237 998 2466 1055 reddes:
2511 998 2855 1055 «Coronatus
2878 1004 2965 1052 est
2997 1035 3013 1050 .
3046 1032 3062 1050 .
3099 1035 3113 1051 .
3139 993 3257 1064 ipsa
3286 992 3375 1048 die
3409 1004 3602 1061 magna

2009 1080 2341 1150 Pascbatis:
2374 1110 2396 1145 ι
2430 1107 2541 1181 quo
2564 1090 2825 1162 loquendi
2857 1088 3021 1146 modo
3061 1087 3202 1143 nihil
3242 1094 3329 1144 est
3360 1080 3602 1139 familia-

2013 1185 2131 1242 rius
2159 1182 2368 1241 Graicis
2389 1185 2456 1241 de
2479 1183 2750 1240 Pasehate
2773 1181 3087 1254 agentibus.

2000 1310 2009 1315 -
2084 1295 2142 1337 ιι.
2197 1272 2391 1335 Annus
2437 1268 2539 1334 536
2593 1279 2670 1333 ita
2714 1273 2954 1344 incipit:
2987 1290 3008 1324 ι
3044 1268 3156 1325 Hoc
3200 1284 3345 1324 anno
3392 1266 3601 1333 mensis

2011 1370 2354 1444 Septembris
2385 1382 2543 1428 sexto
2595 1369 2708 1435 die,
2733 1358 3093 1423 hebdomadis
3126 1363 3303 1433 primo
3332 1358 3603 1413 ἰνδικτιῶο

2013 1483 2104 1529 νος
2147 1465 2409 1536 impne,
2444 1472 2504 1518 ut
2536 1472 2622 1519 est
2661 1461 2716 1516 in
2747 1458 2935 1515 Greco
2966 1474 2983 1512 :
3029 1471 3138 1512 non
3188 1453 3356 1524 igitur
3388 1450 3606 1506 erudito

2017 1558 2308 1628 interpreti
2332 1555 2464 1611 vitio
2489 1560 2757 1617 vertatur,
2802 1548 2949 1622 quod
2993 1544 3209 1603 librarii
3252 1544 3605 1614 praecipitan-

2020 1652 2097 1705 tia
2162 1649 2356 1704 Latine
2411 1647 2725 1703 inveniatur
2793 1640 3149 1698 tindictione
3218 1639 3437 1709 prima;
3512 1634 3609 1690 sed

2020 1745 2233 1816 legatur
2267 1742 2499 1814 septima
2532 1757 2549 1795 :
2582 1749 2603 1792 ι
2646 1748 2702 1795 et
2730 1737 2948 1794 debitus
2982 1735 3128 1789 inter
3148 1732 3526 1786 ‘lndirtionem
3575 1729 3611 1783 5

2022 1838 2151 1892 anni
2183 1835 2309 1897 554,
2344 1841 2402 1888 et
2445 1831 2807 1887 indictionem
2845 1828 2908 1882 ll
2960 1824 3091 1881 an'ni
3120 1823 3226 1878 510
3257 1821 3395 1878 ordo
3422 1832 3603 1876 serva-

2024 1939 2118 1985 tus
2152 1924 2490 1983 invenietur.
2734 1938 2739 1943 ·

2095 2038 2182 2078 ιιι.
2242 2024 2405 2077 Anno
2439 2017 2547 2074 542
2571 2023 2698 2088 post
2725 2013 2991 2077 medium,
3023 2029 3043 2063 ι
3082 2008 3241 2065 IEdis
3277 2004 3609 2062 Sanctorum

2020 2113 2413 2186 Apostolorum
2478 2109 2828 2166 consecratio
2877 2105 3028 2161 facta
3066 2098 3431 2158 dieitur-GP.
3482 2096 3612 2154 Julii

2027 2207 2235 2275 mensis
2275 2203 2367 2259 die
2400 2202 2494 2268 28,
2527 2200 2688 2256 tertia
2734 2198 2909 2252 feria:
2951 2215 2970 2247 ι
3028 2194 3120 2249 ubi
3148 2194 3203 2248 in
3235 2191 3424 2246 Graeco
3457 2202 3616 2259 atque

2024 2314 2090 2355 ac
2115 2296 2313 2353 Latino
2342 2304 2495 2352 textu
2526 2292 2728 2348 Junius
2751 2289 2961 2346 mensis
2992 2296 3140 2344 esset
3187 2284 3614 2342 substituendtts

2024 2407 2124 2462 pro
2150 2389 2321 2456 Julio,
2350 2396 2412 2444 ut
2447 2386 2620 2458 Cyclo
2665 2384 2803 2441 solis
2839 2382 2930 2446 27,
2954 2382 3138 2435 littera
3188 2374 3513 2434 Dominicali
3550 2372 3613 2442 Β,

2022 2486 2168 2551 dies,
2191 2482 2419 2547 mensis,
2442 2488 2500 2536 et
2528 2472 2886 2534 hebdomadis
2915 2474 3050 2530 feria
3073 2478 3224 2528 recte
3246 2469 3576 2526 eomeniant
3596 2485 3616 2524 :

2010 2579 2213 2648 itaque
2243 2573 2574 2629 Anastasius
2608 2568 3067 2626 bibliothecarins
3113 2566 3178 2619 ad
3221 2577 3424 2618 annum
3472 2575 3619 2632 pra--

2027 2671 2195 2726 fatum
2230 2668 2361 2739 legit
2385 2677 2440 2723 et
2475 2664 2659 2729 vertit,
2691 2661 2799 2718 nisi
2830 2658 2979 2732 quod
3023 2660 3080 2715 in
3124 2653 3423 2713 Parisiensi
3466 2651 3617 2739 regia

2026 2761 2266 2816 editione
2284 2728 2787 2830 :typographorum
2844 2728 3060 2807 incuria
3110 2750 3166 2804 itt
3213 2747 3377 2803 annis
3424 2728 3616 2799 Mundi

2025 2866 2083 2909 et
2128 2852 2338 2909 Christi
2391 2852 2462 2906 46
2525 2864 2626 2920 pro
2669 2847 2741 2900 42
2787 2846 3022 2916 legatur,
3056 2856 3124 2897 ex
3161 2835 3618 2896 antecedentibul

2026 2955 2084 3003 et
2124 2942 2599 3014 consequentibus
2632 2940 2779 2994 haud
2820 2936 3120 2993 dilliculter
3157 2929 3486 3004 corrigendo
3525 2943 3617 2983 er-

2035 3052 2183 3093 I‘OI‘B.

2107 3143 2181 3182 iv.
2221 3125 2443 3180 Annum
2482 3121 2727 3192 proxime
2749 3125 3071 3189 sequentem
3104 3115 3160 3169 in
3191 3112 3384 3169 Graeco
3411 3105 3619 3182 pariter

2029 3224 2085 3271 ct
2140 3216 2309 3270 latino
2370 3222 2525 3267 textu
2588 3209 2835 3265 Narsetis
2895 3208 3162 3263 adversus
3216 3201 3448 3259 Gotthos
3494 3212 3621 3270 prs-

2028 3308 2194 3365 l‘ectio
2224 3306 2438 3376 incipit,
2466 3312 2522 3361 et
2560 3303 2819 3375 signatur
2859 3320 2882 3353 r
2915 3299 3226 3355 indictione
3258 3301 3457 3366 quarta
3504 3292 3621 3348 sive

2029 3403 2070 3457 δ’
2104 3419 2120 3456 :
2156 3421 2176 3453 ι
2231 3401 2329 3456 sed
2382 3414 2450 3455 es
2500 3411 2672 3461 anno,
2711 3410 2876 3467 quem
2913 3390 3230 3447 immediate
3254 3396 3376 3459 post
3416 3403 3437 3438 ι
3472 3381 3621 3439 ludi-

2028 3494 2141 3550 etio
2174 3493 2389 3548 decima
2422 3490 2639 3561 quinta.
2673 3507 2693 3539 ι
2730 3485 2789 3541 ιε’
2831 3494 2984 3542 notat
3026 3482 3188 3539 facile
3214 3474 3620 3549 deprehendes,

2026 3587 2384 3657 quantumvis
2414 3584 2561 3640 fores
2589 3582 2713 3636 aliis
2735 3576 3089 3634 adminiculis
3110 3575 3433 3636 destitutus,
3459 3569 3622 3626 unius

2031 3680 2183 3736 eifrte
2246 3677 2523 3732 defectum
2578 3673 2973 3743 supplendum,
3039 3668 3443 3739 legendumque
3496 3675 3623 3718 esse

2039 3791 2056 3822 ι
2097 3770 2402 3826 lndirtione
2440 3767 2650 3821 decima
2680 3772 2903 3835 quarta,
2938 3760 3023 3816 ιδ’.
3056 3779 3074 3812 ι

2105 3879 2161 3916 ν.
2206 3860 2443 3915 Eeontra
2497 3859 2553 3912 in
2614 3871 2762 3910 anno
2802 3853 2930 3917 546,
2990 3851 3085 3906 ubi
3139 3869 3158 3903 ι
3202 3840 3528 3903 Horrendns
3564 3844 3622 3899 in

2035 3958 2171 4011 urbe
2214 3953 2320 4011 (LP.
2373 3961 2536 4007 terra:
2581 3960 2768 4007 motus
2832 3947 3103 4005 accidisse
3162 3945 3368 4000 dicitur
3417 3940 3625 3995 mensis

2032 4049 2263 4120 Augusti
2297 4048 2516 4102 decimo
2545 4044 2760 4113 quinto,
2799 4049 2884 4108 ιε’,
2934 4051 3185 4109 tempore
3247 4035 3627 4092 illucesceutls

2029 4145 2147 4217 jam
2185 4140 2485 4197 Dominieai
2536 4139 2641 4192 diei
2687 4143 2811 4206 post
2864 4132 3098 4188 mediam
3165 4138 3409 4194 noctem,
3451 4148 3469 4180 ι
3504 4127 3627 4198 lege

2035 4214 2180 4290 diem
2212 4229 2422 4285 mensis
2465 4227 2818 4283 solummodo
2869 4224 3167 4289 decimum,
3213 4227 3265 4283 ι’,
3299 4219 3426 4290 quia
3456 4214 3626 4289 (lycio

2036 4327 2172 4382 solis
2197 4324 2254 4389 2,
2272 4322 2461 4375 littera
2489 4318 2814 4374 Dominicali
2840 4316 2904 4384 E,
2931 4318 2988 4372 in
3025 4315 3169 4372 diettt
3202 4312 3290 4382 ιο,
3322 4327 3434 4369 non
3473 4312 3527 4367 in
3556 4310 3627 4366 iii

2038 4416 2323 4472 Dominiea
2364 4413 2663 4469 incidebat.

2106 4524 2184 4563 vr.
2219 4507 2383 4562 Anno
2410 4505 2536 4568 551.
2569 4524 2588 4556 ι
2625 4504 2684 4559 la
2718 4502 2912 4575 Magna
2956 4502 3187 4558 ecclesia
3231 4496 3627 4556 Constantino-

2036 4603 2278 4675 politana
2310 4601 2509 4666 Tralli,
2531 4601 2642 4669 iam
2677 4614 2815 4670 pene
2845 4598 2961 4654 suis
2992 4598 3250 4653 omnibus
3284 4582 3627 4669 ornamentis

2037 4695 2315 4757 instructi,
2355 4709 2483 4765 pars
2525 4691 2874 4756 orientalior,
2903 4689 3212 4745 collabente
3260 4688 3327 4743 ad
3368 4694 3626 4744 sanctum

2038 4789 2211 4844 altare
2244 4788 2539 4851 testudine,
2572 4786 2627 4838 in
2661 4792 2862 4840 terram
2896 4780 3169 4837 decidisse
3199 4781 3421 4853 legitur,
3469 4795 3627 4835 men-

2038 4883 2117 4938 sis
2144 4881 2269 4935 Maii
2300 4881 2393 4935 die
2423 4877 2681 4949 septimo,
2722 4874 3078 4931 hebdomadis
3112 4875 3296 4939 tertio,
3333 4873 3428 4929 tibi
3477 4873 3624 4927 diem

2040 4975 2248 5029 mensis
2284 4972 2609 5043 vigesimum
2669 4968 2968 5041 septimum
3014 4966 3277 5038 utiegas,
3339 4966 3425 5021 vel
3478 4965 3624 5020 diem

2041 5068 2398 5125 hebdomadis
2457 5073 2715 5135 quartum
2776 5064 2932 5141 jubet
2986 5062 3167 5118 littera
3207 5060 3506 5115 Domiealis
3559 5056 3624 5123 E,

2032 5162 2205 5232 Cyclo
2233 5161 2365 5215 solis
2403 5160 2488 5215 l3.
2529 5176 2548 5210 ι
2585 5155 2883 5227 Ρτιιξριιιοει
2913 5164 3098 5210 autem
3132 5155 3281 5224 prior
3308 5150 3579 5208 correctio
3602 5187 3619 5212 ,

2039 5254 2165 5322 quia
2228 5252 2285 5306 in
2339 5252 2487 5308 notis
2534 5249 2914 5305 nunteralibus
2974 5247 3199 5301 facilius
3251 5254 3336 5299 est
3383 5244 3620 5296 litteram

2038 5357 2205 5398 uuam
2248 5341 2449 5404 omitti,
2500 5355 2664 5411 quam
2700 5339 2949 5394 diversas
2981 5339 3123 5390 inter
3178 5348 3237 5388 se
3271 5329 3619 5387 commutari.

2110 5451 2209 5489 vn.
2236 5434 2396 5488 Anno
2426 5432 2532 5487 622
2579 5432 2694 5502 (qui
2729 5436 2957 5501 propter
2985 5422 3417 5481 demonstratam
3457 5433 3622 5491 supe-

2039 5526 2158 5581 rius
2200 5527 2366 5580 unius
2400 5524 2530 5578 anni
2568 5519 2929 5577 Alexandrini
2961 5515 3387 5587 expunetionem
3416 5511 3625 5568 Janua-

2036 5621 2184 5675 riunt
2221 5633 2466 5673 mensem
2498 5631 2623 5671 cum
2659 5622 2849 5668 nostro
2877 5610 2977 5666 6'5l
3030 5608 3195 5664 habet
3249 5604 3622 5673 communem)

2047 5732 2064 5760 ι
2106 5706 2465 5763 indictione!
2509 5701 2836 5759 Novembris
2867 5700 2899 5752 7
2951 5695 3206 5754 lleraclio
3257 5692 3425 5750 David
3476 5692 3623 5749 illius

2036 5813 2204 5858 nutus
2248 5812 2352 5858 est.
2391 5800 2594 5856 Eodem
2641 5811 2861 5870 quoque
2918 5795 3004 5853 dic
3056 5790 3342 5851 lleraclius
3399 5788 3619 5846 llcracli
