3950 6234
328 266 463 332 1183

1241 268 1337 327 DE
1374 269 1432 326 S.
1468 263 1955 326 THEOPHANIS
1994 262 2647 324 CEiBONOGRAPHIA

3457 258 3602 321 1181

326 394 499 447 nepos
530 378 583 432 in
626 378 801 433 lucem
832 377 1003 441 venit,
1028 384 1083 432 et
1113 391 1142 430 a
1175 375 1368 446 Sergio
1397 374 1485 430 die
1511 374 1546 429 ὅ
1577 372 1901 429 Novembris
1930 375 1974 430 Α
2006 373 2026 425 1
2062 371 2207 428 diem
2240 372 2417 427 Martii
2444 388 2461 429 :
2506 378 2563 427 ut
2600 371 2768 442 igitur
2802 385 2912 426 non
2939 368 3604 438 erraverit'l'beopbanes

328 468 653 524 indictionis
686 467 739 533 5,
774 467 1085 537 baptizatur
1132 466 1185 521 in
1215 465 1575 521 Blachernis:
1618 484 1637 517 ι
1690 480 1811 535 qua:
1838 479 1907 520 ne

330 563 475 617 inter
506 576 565 615 se
598 569 859 631 pugnent,
894 560 950 614 in
981 561 1088 615 line
1118 561 1199 615 sic
1240 560 1504 626 mutabis,
1534 559 1631 613 καὶ
1679 558 1909 612 ἐϐαπτίο

338 654 439 722 σθη
487 654 544 705 ὲν
589 652 919 723 Βλαχέρναις
952 653 1059 705 ὑπὸ
1108 652 1334 722 Σεργίου
1366 653 1705 723 πατριάρχου
1763 654 1826 723 τῇ
1867 651 1909 705 δ’

334 743 644 808 ἰνδικτιῶνι,
678 744 810 813 μηνὶ
836 743 1134 815 Νοεμϐρίῳ
1179 743 1270 813 ιγ’.
1320 765 1337 797 ι
1386 746 1453 799 Et
1487 745 1796 815 baptizatus
1825 752 1911 800 est

332 836 384 888 in
439 835 759 890 Blachernis
795 850 823 889 a
871 834 1065 905 Sergio
1118 836 1453 907 patriarcha,
1510 835 1809 891 indictione
1852 836 1907 901 4,

332 927 543 981 mensis
578 927 905 981 Novembris
932 928 1022 982 die
1055 928 1141 982 15.
1182 946 1201 980 ι

406 1034 525 1072 vm.
561 1017 747 1073 Tertio
799 1028 922 1089 post
976 1019 1095 1073 haec
1150 1033 1317 1080 anno,
1369 1018 1754 1074 Alexandrinis
1784 1016 1909 1085 626,

337 1110 497 1164 nobis
526 1108 650 1173 655,
680 1118 937 1163 narratur
974 1110 1241 1180 prmlium,
1280 1110 1349 1163 ab
1383 1110 1719 1180 imperatorii
1752 1126 1913 1165 exer-

339 1202 485 1256 citus
518 1201 659 1256 duce
698 1200 876 1255 Baaue
902 1208 1095 1255 contra
1125 1200 1431 1256 Saracenos
1478 1202 1687 1257 Arabes
1734 1202 1914 1257 infeli-

341 1296 477 1349 citer
506 1293 889 1357 conunissum,
921 1295 991 1364 τῇ
1035 1291 1227 1365 πρώτῃ
1268 1293 1473 1364 ἡμέρᾳ,
1506 1295 1627 1365 ἥτις
1655 1289 1723 1364 ἦν
1756 1294 1913 1367 τρίτη

342 1384 441 1453 τῆς
474 1384 786 1455 ἑϐδομάδος,
817 1383 1027 1465 κγίτοῦ
1066 1385 1289 1439 Ἰουλίου
1323 1386 1489 1457 μηνός
1522 1401 1535 1415 ⁸
1585 1402 1706 1457 quae
1747 1388 1918 1444 nihilo

344 1476 551 1532 saniori
588 1492 753 1531 sensu
785 1476 977 1533 Latine
1031 1477 1356 1543 redduntur,
1397 1497 1415 1531 ‹
1452 1480 1572 1549 ipso
1602 1480 1779 1549 primo
1807 1480 1916 1547 die,

345 1568 436 1637 qui
504 1566 607 1622 t‘uit
668 1569 1024 1626 hebdomadis
1080 1572 1295 1636 tertius,
1338 1572 1469 1627 Julii
1529 1589 1658 1629 vero
1715 1576 1921 1631 mensis

349 1660 545 1717 tertius
576 1677 640 1717 ac
671 1662 1013 1733 vigesimus:
1069 1682 1088 1717 ι
1124 1672 1316 1719 exacta
1352 1674 1533 1719 autem
1578 1667 1644 1721 ad
1679 1668 1921 1724 rationes

348 1751 476 1804 mni
522 1751 764 1820 praedicti
837 1754 1088 1810 habentis
1147 1756 1381 1811 litteram
1424 1756 1819 1815 Dominicalem
1877 1762 1923 1815 Α

349 1839 516 1909 Cyclo
547 1844 680 1900 solis
699 1844 789 1911 28,
816 1846 894 1902 sic
921 1846 1200 1902 reddenda
1226 1857 1356 1903 sunt
1386 1849 1682 1920 integritati
1711 1852 1922 1908 debita:

352 1938 432 2008 Τῇ
449 1938 641 2012 πρώτῃ
667 1942 854 2012 ἡμέρᾳ
874 1942 969 2012 τῆς
991 1942 1308 2012 ἑϐδομάδος,
1332 1943 1452 2012 ἥτις
1473 1939 1540 2014 ἧν
1566 1944 1643 1999 κε’
1671 1945 1765 1999 τοῦ
1800 1947 1929 2001 Ἰου-

353 2030 470 2084 λίου
496 2034 684 2102 μηνός.
724 2053 742 2085 ι
781 2034 965 2090 Primo
1022 2033 1110 2090 die
1166 2034 1541 2104 hebdomadas,
1598 2039 1691 2109 qui
1726 2039 1828 2093 fuit
1860 2038 1930 2093 23

353 2123 481 2178 Julii
516 2126 744 2182 mensis.
777 2146 795 2179 ι

429 2232 504 2271 Ix.
538 2218 698 2272 Anno
732 2218 858 2284 671,
895 2220 1055 2278 nobis
1082 2221 1231 2288 680,
1276 2220 1463 2277 Maviae
1504 2221 1667 2293 primi
1700 2223 1931 2279 Sarace-

357 2325 555 2365 norum
618 2312 760 2385 regis
791 2329 940 2369 mors
993 2316 1297 2371 ascribitur
1340 2336 1358 2369 ι
1402 2316 1692 2373 lndictioni
1746 2318 1935 2387 prima:

357 2402 465 2460 diei
496 2413 651 2460 sexto
684 2408 890 2477 Aprilis
918 2426 932 2461 :
980 2428 999 2461 ι
1031 2410 1124 2465 sed
1152 2418 1395 2464 octavam
1429 2409 1782 2465 indictionem
1814 2424 1936 2465 esse

359 2496 647 2565 legendam
712 2508 985 2554 monstrat
1036 2502 1279 2571 ipsarum
1341 2502 1706 2559 indictionum
1762 2504 1934 2569 ordo,

361 2602 485 2639 cum
515 2602 661 2642 anno
700 2588 826 2652 650,
856 2590 1019 2646 nobis
1049 2591 1174 2655 659,
1206 2594 1447 2648 secunda
1484 2594 1713 2651 indictio
1747 2603 1937 2650 notata

362 2678 565 2734 fuerit:
599 2680 745 2749 quod
777 2683 944 2737 etiam
983 2683 1127 2740 Goar
1162 2687 1574 2742 animadvertit.

434 2787 487 2825 ιο
519 2771 680 2827 Anno
713 2773 835 2835 721,
869 2776 1027 2832 nobis
1065 2778 1167 2834 730
1215 2797 1233 2831 ι
1291 2778 1399 2834 Leo
1444 2783 1717 2836 Armenus
1751 2789 1941 2837 contra

365 2873 587 2921 sanctas
642 2866 909 2937 imagines
961 2869 1243 2925 silentium
1306 2872 1626 2935 celebravit,
1672 2872 1944 2926 σελέντιον

365 2954 699 3025 ἐκρότησε-ι,
740 2976 759 3009 ι
814 2958 867 3012 id
922 2969 1027 3023 est,
1069 2976 1138 3016 ne
1176 2963 1300 3031 quis
1337 2978 1527 3017 earum
1560 2962 1767 3018 cultum
1812 2979 1944 3034 pro-

2012 465 2245 534 ipsomet
2272 478 2440 527 anno,
2477 478 2588 533 quo
2618 464 2792 534 potuit
2838 463 3149 535 scripsisse,
3200 472 3254 515 ct
3294 479 3408 532 quo
3460 462 3607 515 alias

2011 557 2197 627 plures
2231 568 2537 626 temporum
2585 564 2746 611 notas
2784 558 2932 612 recte
2972 556 3326 625 composuit;
3359 554 3607 607 creden-

2012 649 2139 704 dum
2195 649 2545 703 librariorum
2609 648 2819 702 incuria
2874 648 2987 717 jam
3038 647 3166 700 olim
3224 648 3371 716 (nam
3430 646 3609 699 etiam

2012 743 2340 799 Anastasius
2371 744 2445 796 ita
2475 743 2742 812 scriptum
2776 741 3001 812 reperit)
3037 742 3310 797 excidisse
3342 741 3609 795 voculam

2014 851 2203 902 unam,
2262 836 2555 906 ipsumque
2602 834 2990 906 Theophanem
3028 837 3109 892 (ut
3152 837 3287 889 alias
3322 836 3376 888 in
3429 833 3609 889 simili

2014 943 2148 984 casu
2183 928 2250 984 de
2292 928 2588 985 indictione
2615 926 2851 983 vidimus
2880 942 3026 982 anno
3056 926 3406 982 Constantini
3426 926 3522 989 28,
3552 936 3612 981 et

2017 1021 2084 1075 de
2135 1036 2305 1076 verno
2354 1029 2598 1090 tempore
2625 1020 2677 1074 in
2704 1020 2971 1075 chronica
3020 1017 3418 1088 Alexandrino)
3459 1016 3612 1072 scri-

2016 1113 2195 1183 psisse
2227 1113 2531 1183 μέλλοντος,
2548 1112 2663 1167 sive
2698 1111 3045 1181 ἐνισταμένου
3082 1110 3173 1164 τοῦ
3211 1111 3433 1181 πρώτου
3466 1098 3613 1161 Σιϐ-

2019 1205 2184 1259 6άτου
2243 1205 2351 1259 τῶν
2372 1204 2691 1276 Νηστειῶν,
2752 1204 2989 1261 instante
3035 1206 3211 1274 primo
3255 1202 3609 1272 Je’juniorum

2022 1295 2281 1353 Sabbato.

2078 1410 2167 1466 28.
2210 1400 2333 1467 llaec
2383 1422 2533 1476 sunt,
2576 1403 2777 1485 quibus
2809 1400 3115 1471 observatis
3161 1402 3611 1481 cmerndatisque,

2024 1502 2292 1559 inoll'enso
2322 1501 2488 1560 ferme
2520 1506 2653 1576 pede
2685 1506 2901 1562 decurri
2948 1506 3148 1576 poterit
3190 1506 3259 1558 ab
3303 1504 3615 1559 Orientalis

2026 1593 2271 1648 historia:
2322 1593 2591 1651 studiosis
2642 1604 2755 1651 tota
2807 1586 3162 1666 TheOpbanis
3203 1595 3564 1664 cbrouelogia
3600 1613 3617 1648 :

1951 1717 1999 1775 Β
2028 1700 2151 1738 nam
2200 1685 2245 1740 si
2281 1686 2387 1754 q'ua
2424 1685 2657 1740 subinde
2692 1682 2941 1755 pluribus
2975 1695 3123 1754 gesta
3161 1686 3344 1745 anuis,
3399 1700 3468 1739 eo
3502 1699 3621 1754 quo

2028 1780 2206 1841 empta
2243 1778 2372 1829 sunt
2395 1773 2507 1844 geri
2533 1790 2677 1829 anno
2715 1774 3053 1844 conjunctim
3093 1776 3367 1845 lcgantur,
3400 1792 3466 1829 ea
3502 1792 3621 1829 non

2029 1864 2103 1917 ita
2136 1865 2336 1919 morari
2375 1866 2634 1921 lectorem
2688 1877 2965 1937 poterunt,
3018 1880 3076 1923 ut
3122 1879 3413 1939 propterea
3473 1883 3625 1936 opus

2030 1956 2103 2010 sit
2151 1956 2364 2027 singula
2420 1957 2486 2011 ad
2543 1975 2771 2014 exatnen
2806 1975 3087 2016 revocare.
3139 1961 3193 2014 Si
3235 1961 3623 2015 Romanorum

2030 2048 2352 2116 pontiﬁcum
2396 2059 2490 2105 aut
2538 2052 2772 2105 aliorum
2827 2054 3265 2123 patriarcharum
3301 2058 3624 2117 successio,

2032 2140 2368 2210 quandoque
2419 2141 2521 2211 ipsi
2578 2143 2783 2197 inserta
2825 2143 2995 2210 texui,
3035 2145 3162 2197 hinc
3196 2144 3321 2198 inde
3354 2156 3629 2215 appareat

2034 2232 2355 2301 corrigenda
2408 2249 2474 2289 ex
2518 2236 2852 2291 certioribus
2907 2238 3302 2301 monumentis,
3357 2255 3465 2291 non
3512 2238 3625 2309 ipsi

2035 2324 2247 2379 auctori
2280 2324 2470 2380 vitium
2506 2326 2821 2396 imputetur,
2858 2329 2952 2383 sed
2995 2329 3283 2397 catalogis,
3337 2347 3480 2399 quos
3523 2348 3631 2385 nec

2040 2416 2179 2486 ipse,
2216 2431 2317 2472 nec
2357 2418 2449 2486 qui
2479 2418 2642 2473 simili
2679 2419 2732 2473 in
2781 2418 2964 2474 studio
3009 2412 3298 2486 laboravit,
3359 2421 3415 2476 S.
3457 2421 3630 2475 Nice-

2036 2510 2267 2580 phorus,
2295 2512 2435 2566 satis
2471 2523 2749 2569 correctos
2779 2506 2991 2577 habuit,
3037 2526 3093 2568 ut
3125 2514 3251 2569 alibi
3294 2525 3349 2568 et
3380 2516 3632 2568 maxime

2040 2602 2093 2655 in
2156 2602 2215 2656 S.
2276 2600 2480 2670 Cyrillo
2536 2600 3032 2675 llicrosolymitano
3098 2603 3427 2675 episcopo§
3488 2606 3629 2659 52‹Ι

2041 2693 2109 2748 18
2138 2693 2316 2749 Martii
2358 2693 2732 2765 probavimus.
2798 2694 2854 2750 Si
2899 2694 3137 2765 denique
3183 2705 3433 2751 auctores
3483 2711 3633 2765 quos

2041 2790 2219 2860 potuit
2243 2799 2465 2844 secutus
2502 2789 2758 2859 optimos,
2780 2789 3017 2857 aliquem
3049 2789 3311 2859 temporis
3329 2789 3601 2843 cbaracte

2044 2896 2159 2935 rem
2197 2881 2267 2936 ab
2295 2881 2362 2937 iis
2390 2878 2473 2935 vel
2506 2885 2791 2951 perperam
2825 2880 2907 2934 vel
2944 2881 3197 2950 ambigue
3229 2890 3476 2934 notatum
3518 2895 3638 2949 pra:

2046 2974 2220 3029 oculis
2260 2973 2472 3037 habuit,
2525 2973 2706 3027 danda
2737 2977 2822 3028 est
2868 2968 3023 3026 venia
3053 2972 3306 3027 humanae
3338 2961 3635 3026 imbecilli—

369 3059 636 3139 pugnaret
660 3047 848 3113 edixit,
888 3068 906 3101 ι
943 3051 1030 3106 die
1056 3052 1087 3102 7
1121 3053 1326 3108 mensis
1349 3053 1617 3119 Januarii,
1645 3054 1946 3111 indictione
1970 3079 2014 3139 ο
2053 3067 2173 3133 mi,
2208 3067 2296 3123 cui
2339 3068 2485 3122 nulla
2537 3066 2714 3137 possit
2770 3074 3031 3137 prmsrare
3082 3064 3385 3135 diligentia,
3420 3077 3481 3117 ιιι
3516 3081 3633 3119 non

370 3137 459 3201 l3,
490 3137 625 3193 feria
667 3139 1029 3199 hebdomadis
1072 3144 1137 3211 5;
1181 3163 1199 3196 ι
1233 3145 1327 3200 sed
1383 3160 1509 3201 cum
1570 3155 1700 3201 tunc
1760 3146 1943 3203 littera

371 3229 730 3289 Dominicalis
780 3234 947 3291 fuerit
981 3238 1046 3300 Α,
1077 3247 1303 3308 apparet
1330 3239 1473 3294 diem
1521 3240 1727 3295 mensis
1771 3239 1946 3296 fuisse

373 3324 463 3389 17,
506 3325 592 3388 ιζ’.
622 3324 688 3379 Et
720 3326 834 3381 hac
866 3335 1103 3397 quatuor
1132 3329 1200 3383 ad
1232 3336 1479 3399 tempora
1506 3337 1757 3400 spectant
1802 3347 1947 3401 prte-

376 3417 1049 3488 notatmanticipationis:
1087 3435 1211 3491 quae
1248 3430 1581 3492 sequuntur,
1609 3424 1945 3480 ordinariam

377 3518 601 3565 servant
648 3511 937 3583 utriusque
964 3529 1088 3569 tera:
1138 3513 1525 3582 dill‘erentiam,
1559 3526 1685 3572 octo
1740 3519 1951 3574 scilicet

380 3618 675 3661 annorum.

454 3710 531 3748 χι.
562 3695 720 3750 Anno
759 3696 886 3761 789,
940 3697 1240 3754 secundum
1286 3700 1713 3766 Alexandrinos,
1752 3718 1771 3753 ι
1808 3700 1954 3756 Junii

384 3786 592 3843 mensis
623 3787 714 3844 die
746 3788 813 3843 17
839 3788 1143 3846 indictione
1175 3790 1208 3847 5
1244 3810 1260 3842 ι
1303 3792 1443 3861 fugit
1475 3792 1957 3863 ConstantinOpoli

384 3875 682 3947 imperator
726 3879 1125 3937 Constantinus
1155 3899 1169 3937 :
1201 3882 1296 3939 sed
1344 3883 1504 3952 jussu
1552 3884 1745 3939 matris
1776 3884 1959 3941 lrenes

386 3968 818 4037 comprehensus
876 3972 946 4025 ab
1020 3972 1256 4039 amicis,
1318 3972 1604 4028 reducitur
1658 3976 1714 4029 in
1768 3974 1958 4029 urbem

393 4076 412 4110 σ
455 4059 695 4115 Sabhato
722 4063 925 4120 mensis
958 4064 1205 4134 ejusdem
1246 4066 1336 4121 die
1372 4066 1472 4133 15;
1512 4086 1530 4119 ι
1570 4082 1681 4137 quo
1718 4067 1842 4122 loco
1874 4081 1962 4121 er-

388 4165 569 4207 rorem
633 4154 1008 4220 manifestum,
1065 4172 1130 4211 ex
1196 4160 1611 4227 comparatione
1677 4159 1965 4228 utriusque

2049 3161 2343 3232 aliquando
2374 3169 2588 3216 exerret
2628 3175 2656 3212 a
2706 3174 2856 3214 vero.
2906 3157 2981 3211 Ita
3021 3173 3145 3212 cum
3181 3148 3638 3228 Theopbylactus

2053 3250 2353 3305 Simocatta
2396 3250 2587 3305 szeculi
2645 3248 2677 3300 7
2733 3249 2989 3319 scriptor,
3047 3247 3335 3301 historiam
3386 3246 3637 3299 Mauritii

2052 3343 2400 3412 imperatoris
2454 3342 2613 3396 libris
2657 3350 2781 3396 octo
2824 3340 3229 3409 descripsisset,
3279 3350 3332 3393 et
3372 3340 3466 3393 lib.
3497 3356 3553 3401 v,
3582 3356 3639 3392 c.

2054 3436 2120 3490 16
2167 3444 2361 3506 pacato
2418 3434 2785 3505 imperatoriis
2837 3433 3008 3487 armis
3054 3431 3277 3486 Oriente
3324 3431 3390 3485 ad
3445 3446 3539 3487 res
3583 3433 3639 3485 in

2056 3528 2269 3598 Europa
2300 3535 2482 3596 gestas
2517 3527 2793 3581 transiens
2826 3525 3078 3584 dixisset,
3112 3524 3255 3595 quod
3295 3541 3354 3577 eo
3395 3524 3501 3589 die,
3533 3540 3642 3592 quo

2056 3622 2171 3692 ipse
2205 3622 2501 3692 imperator
2542 3618 2813 3674 ducturus
2861 3617 3189 3681 exercitum,
3224 3634 3349 3671 vere
3390 3618 3643 3679 ineunte,

2064 3732 2083 3765 ι
2122 3712 2386 3783 Egressus
2438 3726 2468 3765 e
2528 3710 2697 3780 regia,
2751 3723 3113 3779 parasaogam
3169 3714 3331 3760 uuam
3374 3706 3431 3761 et
3475 3710 3647 3762 semis

2060 3819 2236 3873 usque
2265 3804 2317 3857 in
2356 3802 2657 3872 Septimum
2690 3801 2987 3871 processit,
3042 3800 3123 3854 sol
3172 3816 3307 3868 pene.
3359 3808 3515 3855 totus
3566 3810 3649 3854 est

2060 3893 2426 3955 obscuratus,
2468 3911 2486 3943 ι
2543 3890 3071 3961 subjunxissetque:
3133 3890 3393 3941 Ἕννατον
3432 3890 3489 3941 δὲ
3544 3891 3652 3960 ἄρα.

2062 3983 2221 4037 τοῦτο
2276 3985 2396 4046 ἔτος
2442 3984 2737 4053 ἐτύγχανεν
2775 3981 2836 4035 ὃν
2894 3982 3202 4053 Μαυρικῖου
3243 3981 3340 4034 τοῦ
3375 3982 3651 4052 αὐτοκρά-

2064 4092 2244 4146 τορος,
2304 4074 2357 4128 id
2392 4073 2777 4144 Theophanes,
2820 4088 2976 4143 azque
3006 4087 3069 4126 ac
3095 4081 3281 4143 postca
3330 4074 3653 4127 Simocatta:

2066 4168 2336 4237 interpres
2390 4166 2622 4222 Latinus
2682 4165 2923 4221 Jacobns
2971 4164 3280 4229 Pontanus,
3332 4166 3400 4219 de
3449 4184 3468 4214 ι
3511 4182 3654 4217 anno

388 4245 496 4315 dici
531 4246 923 4316 οοηὶεεηάιιιη,
954 4250 1211 4315 emenda.
1234 4258 1290 4305 ει
1327 4266 1425 4320 pro
1460 4252 1666 4309 mensis
1696 4251 1846 4306 Junii
1878 4251 1969 4307 die
2068 4260 2276 4328 imperii
2322 4275 2459 4313 nouo
2494 4276 2513 4310 ι
2564 4257 2853 4313 intellexit.
2910 4255 3025 4311 Hoc
3076 4272 3237 4327 porro
3286 4257 3330 4311 si
3365 4273 3430 4310 ex
3472 4266 3656 4311 mente

390 4337 456 4391 17
483 4338 619 4407 lege,
658 4340 851 4393 mensis
886 4340 1023 4394 Julii
1074 4341 1159 4395 die
1195 4342 1258 4407 7;
1291 4358 1438 4396 anno
1471 4344 1613 4397 enim
1648 4342 1806 4398 nobis
1840 4342 1965 4405 797,

391 4432 502 4487 dies
533 4432 601 4487 l5
649 4447 758 4487 non
790 4431 961 4500 Junii,
1007 4434 1102 4490 sed
1150 4433 1288 4488 Julii
1327 4435 1615 4491 sabbatum
1658 4434 1783 4489 fuit.
1815 4435 1964 4489 Ana-
1999 4423 2043 4479 Ῑ)
2074 4444 2374 4500 Simocaua
2421 4444 2537 4513 ipse

393 4524 596 4579 stasius
650 4523 1119 4583 Bibliothecarius
1151 4527 1219 4581 l6
1269 4526 1399 4581 Ital.
1443 4526 1581 4599 Aug.
1625 4534 1845 4581 vertens
1873 4523 1965 4579 ubi

394 4613 465 4669 de
498 4614 625 4687 fuga
658 4616 770 4687 agit
807 4616 872 4670 17
912 4615 1050 4670 Julii
1078 4616 1294 4671 videtur
1340 4617 1581 4687 legisse:
1615 4632 1713 4687 pro
1756 4630 1866 4686 quo
1896 4630 1965 4669 an

398 4703 464 4757 l7
484 4705 627 4777 Aug.
671 4708 875 4763 alicubi
901 4708 1171 4763 invenerit
1192 4706 1441 4778 Philippe
1468 4706 1648 4763 Lahbe
1666 4709 1965 4762 nescimus:

398 4804 546 4852 certe
575 4800 630 4853 in
660 4800 900 4870 epitome
928 4800 1320 4872 chronologiea
1350 4800 1701 4858 Constantini
1730 4812 1973 4854 exercea-

399 4890 605 4947 tionem
634 4891 859 4947 ascribit
883 4892 990 4947 diei
1023 4892 1088 4949 19
1104 4893 1244 4964 Aug.
1263 4908 1384 4959 qua:
1410 4891 1663 4947 similiter
1684 4890 1973 4948 sabbatum

398 4984 528 5041 fuit.

472 5090 569 5130 ιιι.
610 5074 771 5130 Anno
797 5073 922 5140 803,
965 5073 1092 5141 Leo,
1128 5076 1575 5132 Armeniacorum
1610 5076 1719 5132 duv
1749 5077 1853 5132 sub
1877 5076 1978 5131 im-

404 5178 657 5242 peratore
704 5167 1035 5239 Nicephoro,
1093 5184 1218 5224 cum
1271 5185 1466 5241 magna
1503 5170 1777 5226 exercitus
1815 5178 1979 5237 atque

407 5261 654 5332 pecunia
717 5270 874 5331 parte
948 5259 1097 5315 venit
1161 5260 1215 5315 in
1269 5277 1463 5316 manus
1523 5259 1979 5325 Sarracenorum,

406 5370 593 5410 mense
674 5352 976 5409 Februario
1046 5353 1364 5409 indictionis
1442 5364 1652 5424 quarta:
1720 5354 1982 5424 (decima:

409 5454 618 5515 quartae
645 5462 935 5518 perperam
965 5448 1108 5518 apud
1134 5446 1483 5502 Anastasium
1542 5447 1783 5517 legitur),
1843 5446 1980 5499 Sab-

410 5538 537 5595 bato
571 5544 748 5612 primo
777 5541 1227 5612 quadragesimae.
1274 5538 1473 5595 Verum
1516 5554 1581 5592 eo
1615 5554 1783 5603 anno,
1816 5536 1983 5607 Cyr-lo

434 5645 558 5684 unae
588 5632 675 5695 M,
708 5633 839 5689 solis
875 5633 930 5695 8,
964 5634 1144 5687 littera
1188 5632 1510 5687 Dominicali
1549 5630 1608 5694 Ε,
1637 5630 1841 5685 l‘ascha
1884 5630 1986 5683 fuit

422 5721 489 5775 15
519 5720 743 5790 Aprilis,
799 5724 1040 5792 adcoque
1089 5725 1294 5781 dictum
1347 5724 1648 5778 Sabbatum
1702 5722 1898 5778 cecidit
1930 5722 1984 5776 in

2074 4352 2314 4407 auctoris
2345 4352 2471 4407 fecit
2501 4359 2749 4422 uterque,
2778 4350 2986 4405 erravit
3006 4365 3159 4411 sane,
3194 4356 3250 4403 ut
3274 4365 3401 4403 mox
3449 4350 3659 4419 patebit

2582 4462 2595 4496 :
2663 4451 2872 4497 certum
2915 4450 2999 4497 est
3025 4442 3193 4502 enim,
3230 4441 3374 4511 quod
3412 4442 3518 4495 iste
3557 4456 3659 4495 an-

2077 4551 2178 4591 nus
2215 4533 2379 4589 fuerit
2409 4532 2663 4587 Mauritio
2694 4532 2907 4603 imperii
2951 4532 3218 4587 decimus.
3275 4530 3333 4584 Si
3371 4540 3659 4585 auctorem

2075 4641 2303 4681 excuses
2340 4636 2577 4694 eumque
2621 4635 2779 4694 putes
2834 4639 2943 4678 non
2996 4638 3199 4676 annum
3235 4622 3333 4693 τῆς
3378 4621 3660 4692 βαςιλεῐας

2077 4713 2313 4782 imperii,
2360 4712 2455 4767 sed
2507 4704 2608 4780 τῆς
2657 4711 2921 4775 ὑπατείας
2966 4711 3286 4766 consulatus
3336 4726 3573 4775 nonum,
3607 4714 3664 4765 ut

2078 4805 2342 4872 scriptum
2378 4803 2629 4859 fortassis
2667 4813 2792 4858 ante
2815 4818 2875 4859 se
2916 4802 3213 4873 repererat)
3246 4802 3658 4858 numeravisse:

2079 4894 2409 4951 excusabilis
2435 4894 2597 4948 etiam
2639 4893 3003 4965 Theophanes
3035 4894 3160 4957 erit,
3191 4894 3335 4962 quod
3369 4895 3548 4962 magis
3580 4895 3663 4949 ob-

2082 4987 2229 5039 vium
2266 4996 2489 5039 secutus
2530 5000 2775 5052 sensum,
2836 4984 2900 5039 ad
2957 4985 3138 5039 minus
3199 4984 3467 5039 usitatum
3528 4986 3665 5038 alti--

2084 5094 2203 5133 rmn
2258 5087 2311 5131 et
2362 5078 2416 5131 in
2470 5077 2575 5132 hoc
2638 5092 2790 5144 casu,
2839 5076 3133 5147 specialem
3193 5089 3299 5130 non
3366 5077 3667 5132 advertmil

2084 5184 2358 5223 anttnum.

2155 5260 2246 5317 29.
2288 5259 2521 5315 Errandi
2556 5270 2718 5327 porro
2740 5257 2960 5314 occasio
3003 5257 3133 5313 huic
3160 5257 3239 5311 vel
3267 5258 3340 5311 illi
3378 5257 3664 5326 l'uit.quod

2088 5368 2234 5408 anno
2274 5352 2543 5408 duntaxat
2588 5350 2831 5406 secundo
2868 5351 3081 5420 imperii
3113 5352 3197 5405 sui
3232 5351 3424 5403 consul
3465 5342 3667 5402 Mauri-

2091 5449 2201 5502 tius
2229 5446 2535 5517 appellatus
2561 5445 2633 5499 sit
2672 5445 2822 5499 solus
2855 5443 3063 5513 absque
3092 5443 3297 5509 collega
3325 5460 3339 5495 τ
3400 5462 3418 5493 ‹
3457 5442 3667 5512 primus

2092 5540 2293 5609 quippe
2328 5539 2476 5593 illius
2534 5554 2712 5592 annus
2758 5536 3079 5591 consulibus
3132 5534 3334 5598 caruit,
3399 5543 3563 5603 atque
3602 5548 3665 5587 ex

2093 5630 2372 5689 communi
2403 5630 2686 5685 hominum
2719 5643 2991 5685 consensu
3022 5628 3283 5695 scriptum
3315 5635 3399 5681 est
3432 5645 3448 5680 τ
3500 5645 3516 5676 i
3542 5624 3667 5677 l‘ost

2096 5720 2444 5778 consulatum
2486 5717 2685 5775 divinae
2737 5717 3014 5772 memoria:
3071 5714 3274 5771 Tiberii
3318 5710 3661 5770 Constantini
