3906 6226
243 221 366 289 1185

1243 226 1417 289 GOD.
1457 227 1929 290 HENSCHENII
1970 230 2494 294 DISSERTATIO.

3343 238 3481 308 1186

236 348 366 387 anno
414 339 641 402 quarto,
675 349 694 383 ι
731 332 811 389 uti
864 333 921 389 in
966 334 1232 392 chronico
1278 337 1648 394 Alexandrino
1706 353 1803 393 ex-
1826 350 1879 410 Α
1903 341 2062 397 annis
2090 341 2330 397 Mauritii
2366 341 2719 414 imperatoris
2744 343 3069 402 ordinandis
3100 346 3314 403 tertiam
3350 366 3482 421 epo-

237 439 413 494 presse
468 424 694 479 dicitur.
774 423 915 481 Hinc
964 437 1147 482 autem
1201 436 1328 482 nata
1383 436 1468 484 est
1521 444 1793 484 annorum

234 514 458 569 Mauritii
497 514 695 584 duplex
720 517 953 586 epocha,
983 519 1154 573 altera
1186 517 1427 588 Imperii,
1458 520 1626 574 altera
1646 520 1795 576 Con-

236 611 458 667 sulatus.
492 610 682 681 itaque
713 612 807 682 qui
844 627 1023 672 annus
1046 614 1366 686 imperantis
1404 617 1503 672 fuit
1525 619 1795 685 decimus,

234 701 466 772 ejusdem
502 702 694 758 novies
723 703 984 760 tionsulis
1016 704 1323 772 dicebatur,
1377 708 1461 763 vel
1508 711 1671 764 etiam
1715 712 1799 781 (ut

237 795 538 850 Chronicon
562 798 992 853 Alexandrinum
1022 801 1295 867 numerat)
1332 820 1350 852 ‹
1395 812 1517 872 post
1551 804 1800 859 consula-

234 896 339 941 tum
367 886 610 941 Mauritii
650 887 855 945 Tiberii
889 899 1118 947 octavus
1153 911 1167 946 :
1205 912 1223 951 ι
1265 909 1372 964 quo
1406 910 1551 950 anno
1586 898 1800 952 eodem,

233 996 332 1049 que
379 981 619 1051 vulgaris
655 996 778 1037 serae
815 981 919 1037 592
979 984 1175 1041 ductas
1221 1002 1342 1043 esse
1394 988 1450 1042 in
1508 990 1796 1045 Thraciam

233 1072 435 1149 copias,
465 1088 574 1137 non
605 1087 735 1128 vero
769 1076 1121 1145 praecedenti,
1146 1078 1382 1148 primum
1407 1095 1476 1143 ex
1497 1096 1563 1137 eo
1587 1083 1798 1153 colligi-

232 1175 350 1232 tur,
400 1166 543 1236 quod
604 1169 819 1223 nonnisi
879 1170 1208 1239 praecedenti
1263 1187 1447 1242 anno,
1496 1177 1797 1231 secundum

230 1256 656 1314 Alexandrinum
701 1261 1046 1327 chronicon,
1108 1265 1397 1320 restitutus
1472 1282 1640 1337 regno
1698 1285 1797 1324 suo

233 1348 497 1406 Chosroes
528 1352 622 1413 sit,
669 1351 852 1422 itaque
893 1363 1117 1424 pacatus
1147 1354 1343 1411 Oriens
1388 1374 1402 1410 :
1456 1359 1798 1427 potissimum

232 1450 404 1497 autem
459 1443 601 1499 idem
656 1444 1081 1507 demonstrative
1134 1449 1406 1505 evincitur
1454 1466 1521 1509 ex
1566 1451 1657 1513 illa
1688 1461 1798 1513 tam

233 1534 417 1604 grandi
470 1535 861 1593 obscuratione
910 1539 1088 1604 solis,
1161 1555 1325 1610 quam
1374 1556 1441 1596 ex
1496 1541 1797 1599 Simocatt'a

234 1627 577 1697 transcripsit
641 1627 1049 1700 Theophanes,
1108 1641 1201 1694 et,
1270 1644 1329 1686 ut
1377 1634 1618 1691 diximus
1677 1652 1800 1706 per—

1906 430 2065 485 cbam
2116 432 2332 496 statuit,
2370 434 2427 487 in
2468 448 2616 488 anno
2661 435 2902 506 vulgaris
2933 450 3057 491 terae
3092 437 3219 501 592,
3263 456 3393 510 quo,
3428 451 3486 495 ut

1904 520 2003 585 ait,
2036 539 2055 573 ι
2092 520 2382 581 Mauritius
2428 526 2720 597 imperator
2755 531 2875 582 sine
2924 528 3134 599 collega
3183 532 3483 587 secundmn

1902 614 2252 670 consulatum
2308 617 2500 688 gessit,
2547 633 2711 687 quem
2748 634 2924 690 usque
2976 621 3045 675 ad
3095 622 3483 678 duodecimum

1904 706 2270 772 continuavit,
2304 718 2365 762 ut
2407 725 2471 764 cx
2523 708 2682 765 fastis
2708 710 2918 767 Graecis
2965 722 3022 767 ct
3056 715 3197 768 libro
3243 714 3485 769 Maﬂ’eio-

1904 811 2026 851 rum
2059 799 2403 871 intelligitur.
2432 799 2630 858 Fastos
2661 803 2883 859 Graecos
2913 805 3001 860 hic
3044 807 3307 876 appellat,
3341 823 3483 878 quos

1903 889 2033 953 alibi
2087 888 2322 956 Siculos,
2376 903 2431 960 et
2492 896 2795 951 novissime
2855 896 3107 955 Raderus
3168 899 3484 957 Chronicon

1902 977 2333 1036 Alexandrinum
2368 988 2706 1055 nuncupavit
2733 1005 2746 1041 :
2775 988 2870 1043 sed
2899 989 2953 1043 in
2987 990 3073 1044 his
3105 990 3387 1062 (idemque
3418 993 3486 1048 de

1904 1070 2047 1126 libro
2071 1070 2411 1129 Maﬂ‘eiorum
2434 1077 2542 1131 dici
2574 1093 2734 1147 posse
2756 1081 3109 1151 arbitramur)
3138 1084 3271 1137 nihil
3303 1085 3486 1140 simile

1904 1159 2129 1227 dicitur,
2161 1172 2218 1219 et
2246 1166 2396 1219 nulla
2432 1167 2576 1222 facta
2619 1170 2824 1225 alicubi
2854 1173 3132 1227 mentione
3160 1176 3483 1231 consulatus

1904 1257 2171 1323 secundi,
2231 1258 2717 1317 indiscriminatim
2782 1276 3162 1321 memorantur
3226 1270 3354 1324 anni
3416 1271 3484 1324 18

1904 1353 2029 1413 post
2058 1350 2405 1405 consulatum
2456 1350 2705 1408 Mauricii
2757 1352 2985 1410 Tiberii.
3019 1354 3253 1413 Unicum
3316 1360 3484 1429 igitur

1905 1437 2081 1496 tertiae
2110 1439 2233 1509 ejus
2281 1443 2504 1513 epocha:
2536 1446 3024 1507 comminiscendaz
3066 1451 3479 1507 fundamentum

1905 1529 2116 1599 accepit
2145 1530 2466 1602 Onuphrius
2505 1551 2572 1592 ex
2603 1552 2689 1600 eo,
2718 1541 2863 1608 quod
2899 1542 3061 1610 paulo
3096 1554 3218 1611 post
3254 1544 3479 1613 allegat,

1905 1622 2143 1691 registro
2188 1627 2547 1696 epistolarum
2581 1630 2638 1685 S.
2675 1630 2923 1702 Gregorii
2972 1634 3012 1688 l.
3062 1634 3153 1700 1X,
3201 1636 3392 1689 lndict.
3423 1637 3478 1700 4,

232 1732 407 1787 perant
464 1734 610 1785 anno
662 1735 809 1776 nono
866 1722 1110 1787 Mauritii
1165 1723 1493 1798 imperantis
1549 1729 1797 1783 attribuit

1902 1712 1991 1766 ubi
2031 1714 2112 1769 sic
2149 1714 2340 1787 incipit
2371 1720 2534 1790 epist.
2562 1722 2674 1777 εὶς
2712 1742 2730 1774 ι
2768 1725 2825 1778 lu
2862 1725 3084 1781 nomine
3134 1720 3343 1781 Domini
3380 1744 3484 1783 no-

233 1825 330 1864 una
389 1825 515 1869 cum
577 1812 742 1875 rebus
783 1823 913 1867 tunc
978 1814 1170 1883 gestis.
1241 1814 1473 1872 Constat
1528 1819 1675 1878 enim
1732 1836 1800 1876 ex

232 1902 613 1957 astronomicis
648 1904 903 1967 calculis,
957 1905 1103 1974 quod
1132 1904 1354 1982 eclipsis
1394 1908 1592 1965 solaris
1615 1950 1629 1977 ,
1680 1926 1802 1980 quae

230 2010 368 2059 anno
408 1994 502 2048 59l
542 1994 761 2062 accidit,
811 1996 900 2050 die
950 1995 1019 2051 50
1068 1995 1271 2064 Martii,
1325 1999 1800 2072 Constantinopoli

230 2091 307 2143 vix
361 2098 456 2142 aut
505 2104 573 2143 ne
629 2090 718 2142 vix
755 2087 974 2163 quidem
1017 2089 1257 2169 potuerit
1312 2092 1596 2163 conspici,
1638 2101 1801 2162 prout

230 2182 281 2236 in
312 2182 486 2239 nostri
516 2183 743 2251 gratiam
775 2181 1207 2245 observaverunt
1254 2185 1351 2238 viri
1404 2187 1802 2241 astronomica-

229 2291 340 2329 rum
377 2289 559 2329 rerum
596 2273 914 2344 peritissimi
962 2272 1073 2328 duo
1128 2274 1359 2335 Michael
1402 2276 1701 2337 Seneschal
1738 2278 1797 2332 S.

225 2366 273 2424 Ι.
302 2376 359 2424 et
389 2366 557 2421 David
606 2366 823 2422 vanden
867 2364 1329 2425 Nieuu’enborcht
1384 2367 1802 2438 Antuerpiensis

228 2461 531 2531 presbyter.
608 2457 679 2519 At
739 2472 869 2514 vero
936 2472 1084 2513 anno
1148 2459 1274 2526 59'2,
1328 2459 1418 2515 die
1478 2460 1545 2515 l9
1615 2460 1802 2521 Martii

228 2566 423 2622 magna
460 2552 551 2606 illa
581 2550 809 2621 eclipsis
869 2552 1087 2617 accidit,
1116 2566 1277 2621 quam
1308 2551 1562 2607 Petavius
1614 2561 1802 2610 noster

228 2644 263 2698 ι.
302 2658 396 2699 vni
429 2643 510 2697 De
530 2643 773 2701 doctrina
799 2650 1115 2709 temporum,
1150 2658 1271 2713 pag.
1302 2642 1426 2709 855,
1463 2643 1623 2701 docet
1652 2644 1799 2701 Con-

228 2736 587 2806 stantinOpoli
631 2735 805 2790 fuisse
836 2734 1134 2804 digitorum
1191 2736 1280 2797 10.
1323 2745 1376 2789 et
1410 2736 1697 2791 duravisse
1730 2737 1801 2792 ab

230 2827 361 2884 liora
390 2827 446 2897 9,
479 2828 750 2881 matutina
789 2827 958 2882 ferme
1017 2824 1084 2880 ad
1131 2826 1371 2888 medium
1426 2827 1575 2881 hora:
1606 2827 1692 2881 12.
1732 2826 1803 2883 Ut

228 2920 448 2976 dubium
480 2920 690 2975 nullum
722 2920 812 2983 sit,
859 2919 993 2989 quin
1043 2918 1156 2971 haec
1185 2918 1276 2972 illa
1309 2933 1528 2988 quoque
1573 2919 1798 2988 eclipsis

226 3013 315 3077 sit,
349 3012 512 3082 cujus
536 3011 603 3064 ad
639 3025 841 3064 annum
873 3007 1200 3063 Guntratnni
1248 3006 1341 3068 22,
1374 3006 1627 3060 meminit
1668 3005 1799 3061 Fre-

226 3107 499 3175 degarius,
552 3104 782 3159 dicens:
819 3104 985 3173 quod,
1031 3120 1052 3154 ι
1108 3103 1147 3158 Α
1182 3116 1342 3157 mane
1372 3117 1547 3171 usque
1596 3102 1651 3155 in
1685 3116 1797 3157 me-

226 3200 369 3253 diam
399 3199 543 3253 diem
580 3198 656 3251 ita
687 3197 1020 3252 obscuratns
1052 3196 1125 3252 sit
1158 3195 1264 3262 sol,
1293 3203 1352 3249 ut
1387 3194 1544 3248 tertia
1577 3208 1703 3263 pars
1729 3208 1797 3249 ex

226 3290 344 3363 ipso
399 3291 487 3343 vix
529 3298 837 3359 appareret.
884 3305 903 3338 ι
946 3288 1058 3342 lmo
1116 3302 1227 3342 non
1292 3302 1358 3341 ex
1411 3285 1798 3341 observatione

226 3384 366 3456 apud
392 3381 637 3437 Francos
674 3382 839 3445 facta,
887 3381 981 3436 sed
1028 3396 1094 3437 ex
1136 3380 1369 3450 alicujus
1396 3377 1569 3434 Graeci
1608 3387 1797 3433 aucto-

224 3461 301 3531 ris
338 3475 515 3538 relatu
550 3471 726 3553 ipsius
780 3471 1052 3546 eclipseos
1091 3471 1433 3560 duratifmem
1491 3470 1797 3537 innotuisse

221 3565 574 3637 Fredegario,
596 3580 663 3625 ex
695 3573 938 3634 tempore
970 3578 1069 3643 per
1097 3564 1350 3629 eumdem
1382 3563 1677 3639 designato,
1699 3577 1797 3633 ap.

221 3671 408 3733 paret:
445 3675 569 3715 nam
601 3659 730 3731 (nisi
761 3658 900 3713 forte
926 3657 1162 3714 mediam
1186 3656 1331 3712 diem
1362 3657 1471 3711 dici
1509 3664 1665 3725 putes
1698 3670 1796 3726 pro

217 3755 380 3827 plena
416 3752 525 3825 die)
554 3752 647 3807 illa
682 3752 813 3808 solis
832 3751 1151 3816 obscuratio
1184 3751 1238 3805 in
1266 3749 1440 3813 Gallia
1469 3749 1635 3817 coepit
1664 3762 1797 3803 con-

216 3849 378 3917 spici,
409 3855 470 3901 ut
508 3845 768 3901 Petavius
798 3844 1113 3899 observavit
1146 3842 1297 3897 circa
1330 3841 1519 3895 horam
1551 3840 1580 3891 7
1616 3847 1795 3893 matu-

214 3938 496 4002 tinam,et
554 3950 666 3990 non
721 3935 942 3990 duravit
976 3948 1151 4002 usque
1203 3931 1270 3986 ad
1324 3930 1564 3985 medium
1610 3942 1792 3995 nonae,

212 4031 432 4103 fuitque
483 4029 784 4085 secundum
834 4028 1086 4083 eumdem
1134 4024 1418 4081 Petavium
1455 4039 1564 4079 non
1624 4021 1795 4076 multo

208 4125 345 4199 plus
377 4139 541 4194 quam
579 4124 875 4195 digitorum
910 4137 1003 4177 sex
1032 4139 1047 4189 ;
1081 4118 1383 4176 secundum
1412 4116 1658 4171 calculos
1687 4113 1796 4169 Da-

207 4217 366 4274 vidis
422 4218 687 4287 pracitati
740 4217 1037 4285 digitorum
1087 4213 1314 4268 omnino
1365 4220 1527 4287 octo;
1590 4227 1608 4261 ι
1663 4222 1791 4264 eum

207 4309 371 4373 luna,
406 4308 586 4379 inquit
647 4308 760 4372 hic,
796 4306 1046 4361 habuerit
1108 4303 1453 4359 latitudinem
1514 4299 1791 4355 borealem

1901 1804 2003 1859 atri
2034 1815 2088 1861 et
2136 1808 2440 1868 Salvatoris
2490 1813 2620 1869 Jesu
2654 1814 2886 1884 Christi,
2926 1819 3323 1888 imperantibus
3373 1821 3483 1875 Do-

1907 1912 2039 1953 mno
2069 1899 2324 1959 Mauritio
2352 1912 2405 1959 et
2442 1904 2663 1961 Tiberio
2705 1910 2991 1980 Augustis,
3026 1927 3170 1967 anno
3219 1914 3479 1968 incarna-

1902 1989 2072 2045 tionis
2117 1989 2420 2053 Dominica:
2466 2001 2876 2055 sexcentesimo
2922 2002 3122 2071 primo,
3175 2004 3481 2075 eodemque

1901 2079 2134 2147 Domino
2172 2085 2432 2143 undecies
2473 2092 2702 2146 consule
2725 2093 2828 2146 sub
2877 2092 2964 2149 die
3002 2093 3036 2150 5
3061 2094 3341 2152 Nonarum
3374 2095 3479 2153 Oc-

1899 2174 2164 2230 tobrium.
2204 2194 2224 2227 ι

1970 2266 2061 2334 3-1.
2098 2268 2324 2334 Verum,
2361 2269 2438 2324 uti
2489 2272 2542 2327 in
2578 2272 2681 2329 hac
2711 2274 2944 2344 epistola
2974 2276 3329 2339 manifestum
3368 2290 3476 2346 est,

1900 2358 2192 2415 oscitantis
2234 2362 2445 2417 librarii
2490 2367 2746 2421 mendum
2792 2368 2848 2423 in
2880 2383 2967 2435 eo,
2999 2372 3157 2441 quod
3189 2373 3275 2427 vel
3322 2373 3480 2427 Tibe-

1900 2450 2060 2514 rium,
2090 2467 2190 2522 pro
2210 2450 2521 2511 Theodosio
2543 2460 2767 2528 scripsit
2792 2460 2964 2531 (hunc
2994 2463 3140 2518 enim
3176 2479 3284 2519 non
3312 2466 3477 2521 istum

1899 2552 2050 2613 pater
2102 2546 2314 2616 imperii
2363 2558 2676 2606 consortem
2713 2554 2985 2610 asciverat
3030 2569 3177 2611 anno
3212 2556 3361 2629 590),
3393 2560 3479 2614 vel

1899 2636 2045 2705 quod
2100 2638 2210 2693 duo
2271 2641 2436 2697 unius
2488 2642 2840 2714 imperatoris
2907 2648 3133 2703 nomina
3189 2651 3478 2723 interjecta

1900 2724 2308 2793 conjunctione,
2334 2738 2408 2794 et,
2441 2729 2496 2784 in
2526 2730 2666 2788 duas
2702 2748 2970 2803 personas
3002 2736 3342 2807 diStrahens,
3372 2757 3472 2797 no-

1899 2817 2057 2883 tavit,
2118 2836 2136 2868 ι
2188 2817 2617 2890 lmperatoribus
2670 2826 2960 2895 Augustis,
3013 2844 3111 2899 pro
3169 2830 3477 2901 imperante

1900 2912 2104 2964 domno
2148 2909 2404 2968 Mauritio
2446 2914 2665 2971 Tiberio
2713 2919 2966 2988 Augusto
3016 2936 3032 2973 :
3089 2938 3110 2972 ι
3165 2920 3249 2976 sic
3298 2924 3477 2990 potuit

1902 3000 2045 3057 idem
2075 3004 2351 3060 erravisse
2392 3009 2449 3062 in
2490 3024 2723 3065 numero
2775 3011 3101 3067 consulatus
3131 3011 3200 3066 ad
3252 3012 3471 3084 longum

1852 3096 1871 3119 ‘
1902 3104 2101 3165 praeter
2131 3100 2591 3156 consuetudinem
2618 3102 2974 3172 antiquorum
3012 3102 3392 3170 describendo,
3418 3113 3474 3161 et

1901 3185 1991 3238 ubi
2025 3185 2294 3255 scriptum
2330 3188 2509 3243 fuerat
2536 3189 2619 3243 vel
2651 3190 2820 3245 scribi
2850 3190 3135 3257 debuerat,
3166 3191 3473 3264 eodemque

1899 3274 2122 3331 domino
2163 3279 2232 3333 18
2280 3280 2507 3335 consule
2538 3319 2553 3345 ,
2610 3280 2813 3350 legisse
2871 3282 3153 3337 undecies.
3209 3283 3476 3340 Similiter

1896 3370 2073 3435 eidem
2133 3372 2385 3441 epistola:
2417 3372 2622 3429 inserta
2668 3372 2830 3429 Probi
2884 3375 3103 3430 abbatis
3143 3377 3474 3445 supplicatio

1899 3462 1979 3517 sic
2034 3450 2307 3535 incipiens
2354 3483 2426 3527 τι
2486 3464 2795 3537 Imperante
2849 3466 3054 3537 domno
3110 3465 3365 3522 Mauritio
3420 3481 3476 3524 et

1896 3551 2123 3608 Tiberio
2152 3538 2435 3624 piissimo,
2479 3574 2498 3609 ι
2528 3558 2731 3628 corrigi
2765 3559 2926 3614 debet
2951 3560 3131 3627 deleta
3180 3561 3470 3631 particula,

1898 3654 2005 3699 etc.
2040 3645 2173 3711 Qure'
2202 3646 2293 3700 hic
2325 3646 2472 3701 dicta
2499 3655 2663 3703 sunto
2692 3651 2982 3706 occasione
3016 3654 3221 3721 sumpti
3255 3668 3284 3706 a
3315 3652 3472 3709 Mau-

1899 3737 2028 3791 ritio
2065 3737 2409 3804 consulatus,
2450 3740 2613 3803 nullis
2646 3742 2909 3809 posthaec,
2942 3744 3118 3813 quoad
3149 3745 3282 3813 vixit
3317 3746 3473 3799 novis

1898 3829 2221 3885 consulibus
2255 3831 2590 3901 subrogatis,
2619 3840 2679 3885 ut
2701 3847 2823 3901 quae
2860 3835 3111 3902 sequenti
3138 3835 3354 3904 exegesi
3383 3836 3471 3889 di-

1897 3922 2041 3980 cturi
2072 3936 2264 3977 sumus
2314 3923 2382 3978 de
2406 3921 2735 3977 Guntramni
2784 3930 2982 3989 morte,
3020 3938 3089 3977 ex
3134 3924 3283 3977 illam
3330 3940 3471 3994 pra:-

1896 4031 2084 4085 grcssa
2110 4030 2256 4069 anno
2286 4029 2402 4070 uno
2438 4015 2629 4085 eclipsi
2653 4014 2982 4081 definienda,
3017 4015 3122 4070 hac
3158 4031 3374 4087 quoque
3402 4032 3471 4073 ex

1896 4119 2051 4180 parte
2108 4118 2371 4164 maneant
2427 4111 2797 4178 inconcussa;
2853 4119 3024 4180 utque
3075 4108 3465 4181 Theophanem

1897 4204 2102 4274 legens,
2143 4218 2207 4258 ea
2244 4219 2366 4274 quae
2409 4204 2525 4275 ipse
2558 4203 2626 4258 ad
2677 4217 2881 4257 annum
2913 4202 3300 4258 Alexandrinae
3346 4217 3470 4257 cerae

1895 4278 2022 4363 582,
2061 4296 2210 4351 velut
2249 4311 2359 4351 uno
2418 4282 2721 4366 eodemque
2763 4310 2910 4349 anno
2960 4303 3112 4366 gesta
3160 4293 3468 4365 conjungit,

206 4403 557 4457 minutorum
584 4401 674 4467 38,
709 4400 1033 4472 parallaxim
1067 4397 1403 4453 minutorum
1451 4394 1543 4461 60,
1582 4409 1702 4464 qua:
1728 4394 1794 4448 ad
1827 4391 1871 4448 ι)
1901 4405 2000 4462 pro
2040 4389 2235 4457 majori
2265 4396 2419 4461 parte
2467 4389 2607 4443 sciat
2661 4387 2728 4442 ad
2784 4402 2989 4441 annum
3052 4385 3155 4441 585
3219 4384 3466 4455 ejusdem

208 4496 576 4552 incidentiam
605 4497 873 4565 ecliptica:
899 4492 1004 4547 fuit
1037 4493 1378 4547 minutorum
1423 4487 1515 4554 48,
1548 4487 1795 4557 adeoque

203 4590 345 4643 luna
378 4587 702 4657 apparuerit
726 4586 843 4641 sole
871 4584 1106 4639 inferior
1133 4582 1361 4636 minutis
1388 4578 1477 4644 10,
1518 4598 1539 4633 ι
1578 4587 1637 4632 ιιι
1667 4592 1796 4633 vere

198 4684 302 4734 vix
342 4682 507 4735 tertia
560 4694 689 4748 pars
726 4678 861 4734 solis
891 4674 1137 4744 conspici
1169 4689 1200 4727 a
1248 4671 1479 4728 Francis
1530 4672 1791 4741 potuerit,

192 4771 678 4838 quemadmodum
718 4767 1083 4838 Fredegarius
1115 4764 1359 4836 scripsit.

277 4861 377 4918 30.
440 4859 764 4931 Onuphrius
817 4858 1149 4923 Panvinius,
1188 4856 1286 4911 lib.
1342 4870 1402 4910 ιιι
1463 4854 1791 4913 Fastorum-—

1893 4499 2017 4540 aera:
2058 4482 2373 4553 pertinere:
2405 4490 2461 4537 et
2487 4494 2609 4551 quae
2640 4481 2767 4535 huic
2804 4494 2952 4535 anno
2984 4493 3093 4534 una
3114 4493 3240 4534 cum
3271 4477 3466 4547 eclipsi

1894 4575 2241 4646 imputantur
2270 4571 2531 4642 conjungi
2563 4570 2764 4626 debere
2793 4569 3041 4626 historia:
3072 4570 3201 4624 anni
3235 4583 3469 4637 sequen-

1895 4670 1986 4731 tis,
2018 4683 2128 4738 quo
2168 4680 2359 4721 revera
2408 4662 2634 4732 eclipsis
2663 4662 2901 4730 accidit,
2952 4670 3009 4718 et
3050 4661 3354 4719 exercitum
3409 4660 3464 4716 in

1895 4760 2185 4817 Thraciam
2220 4758 2521 4825 imperator
2549 4753 2727 4809 duxit.

1616 5293 2108 5318 ——-—.-.—-—-
