3906 6226
225 247 348 313 1189

1658 252 1826 311 ΡΠΑΈ
1837 252 2078 312 FATIO.

3324 253 3460 318 110’)

223 362 456 416 videlicet
488 369 730 430 tempora
789 359 1190 425 Theodoretus,
1235 361 1496 418 Socrates
1529 371 1583 418 et
1611 362 1781 418 Sozo-
1809 366 2065 424 Aratum
2134 363 2262 417 duxi
2325 363 2464 418 beati
2520 363 2812 434 Nicephori
2862 364 3456 435 Constantinopolitani

221 469 420 515 tnenus,
480 453 776 510 Eusebium
812 452 1084 526 Pamphili
1129 458 1564 525 subsequentes,
1616 457 1784 510 libros

207 547 588 626 ecclesiastico
637 548 882 602 historia:
954 558 1266 615 texuerunt,
1311 564 1489 619 Opera:
1547 551 1780 618 pretium

221 639 333 693 duri
359 655 423 694 ex
454 639 671 710 Georgii
695 641 1009 694 summatim
1049 641 1300 712 quaedam
1333 652 1385 696 et
1429 641 1783 713 Theophanis

219 734 644 804 chronographia
669 735 845 804 plura,
879 735 973 790 sed
1014 736 1296 790 succincte
1346 750 1573 805 carpere
1595 773 1610 800 ,
1643 750 1782 805 quo-

219 839 326 878 rum
352 825 500 891 prior
531 842 702 894 usque
740 827 807 881 ad
862 827 1282 892 Diocletianum,
1343 828 1620 897 posterior
1652 843 1785 883 vero

220 932 380 987 usque
434 919 500 971 ad
531 917 762 974 Leonem
811 920 904 989 qui
955 929 1078 990 post
1118 919 1435 975 Michaelem
1469 920 1780 988 imperavit,

217 1022 411 1079 patrem
444 1011 657 1066 scilicet
700 1011 893 1081 lgnatii
921 1014 1014 1082 qui
1049 1013 1228 1067 adhuc
1262 1024 1513 1082 superest
1539 1014 1781 1071 habenas

215 1102 829 1174 Constantinopolitana:
857 1112 1047 1160 tenens
1074 1105 1350 1168 Ecclesiae,
1371 1107 1619 1177 pra'dicti
1646 1123 1781 1178 ope-

217 1199 286 1252 ris
313 1199 394 1251 sui
418 1197 620 1268 stylum
661 1200 952 1267 protraxit.
991 1197 1094 1265 Qui
1149 1208 1330 1253 autem
1391 1201 1501 1255 sint
1540 1201 1626 1255 isti
1655 1201 1777 1256 breo

215 1291 343 1343 viter
367 1289 663 1344 annotabo.
704 1289 911 1346 liorem
969 1291 1133 1360 igitur
1190 1292 1332 1346 alter
1367 1291 1544 1346 electa
1591 1307 1781 1346 mona-

217 1384 341 1437 stica
376 1382 483 1436 vita
520 1383 831 1452 mundoque
862 1392 1171 1454 contempto
1201 1383 1403 1438 Christi
1440 1399 1497 1438 se
1520 1383 1621 1439 levi
1647 1384 1782 1454 jugo

215 1483 264 1530 et
290 1475 437 1528 suavi
468 1473 697 1528 sarciam
724 1475 1078 1546 maneipavit.
1106 1473 1374 1531 Praeterea
1396 1483 1586 1530 contra
1609 1477 1781 1530 inere-

217 1565 661 1622 ticosincessanti
700 1582 874 1637 agone
931 1568 1232 1634 desudans,
1287 1569 1474 1622 mundi
1511 1569 1779 1638 principi-.-

216 1660 307 1714 bus
337 1667 524 1713 contra
550 1658 807 1715 Ecclesiae
836 1659 999 1715 ritum
1024 1660 1398 1726 szevientibus,
1434 1663 1622 1717 multis
1654 1678 1778 1717 ver-

212 1752 424 1808 beribus
456 1753 799 1824 diversisque
859 1753 1036 1825 poenis
1091 1754 1318 1813 aﬂ'ectns
1356 1764 1460 1811 est.
1503 1756 1594 1812 Sic
1647 1773 1778 1826 ergo

213 1845 454 1914 stigmata
491 1842 701 1900 Christi
733 1844 787 1898 in
835 1859 1068 1916 corpore
1099 1861 1200 1900 suo
1251 1854 1501 1916 portans,
1537 1855 1643 1900 tam
1680 1860 1777 1914 pro

211 1935 324 1990 lidei
357 1951 470 1990 sum
494 1935 824 1998 constantia,
852 1951 1013 2005 quam
1043 1951 1142 2007 pro
1185 1936 1481 1990 multarum
1511 1936 1774 1992 virtutum

209 2027 508 2098 insignibus
559 2035 764 2082 sancta:
803 2027 1080 2084 memoriae
1135 2025 1370 2092 Tarasii,
1428 2025 1590 2098 regiae
1624 2026 1777 2082 urbis

209 2119 473 2191 praesulis,
499 2116 775 2189 syncellus
806 2115 1034 2178 eii‘ectus
1066 2125 1170 2173 est.
1207 2116 1312 2172 Sed
1346 2132 1413 2172 ne
1453 2117 1624 2171 multa
1651 2131 1778 2186 pro-

207 2226 418 2280 sequar,
445 2209 691 2265 suliicere
718 2209 958 2264 arbitror
1003 2209 1068 2264 ad
1097 2210 1426 2281 praeconium
1471 2210 1592 2280 ejus
1628 2211 1772 2280 quod

207 2316 233 2354 a
262 2300 386 2356 sede
425 2299 761 2371 approbatus
806 2301 878 2355 sit
913 2300 1237 2370 apostolica,
1294 2301 1516 2371 quando
1561 2302 1775 2356 scilicet

206 2390 385 2446 vicarii
434 2391 554 2459 ejus
623 2405 727 2444 una
763 2405 886 2444 cum
936 2391 1197 2446 trecentis
1233 2391 1632 2464 quinquaginta
1671 2391 1774 2446 Pa-

206 2487 372 2540 tribus
402 2486 456 2538 in
487 2481 662 2538 Nicaea
693 2482 828 2536 urbe
861 2483 1104 2541 secundo
1128 2485 1516 2540 convenientes
1551 2486 1774 2540 univer-

204 2579 363 2631 salem
401 2576 668 2646 synodum
703 2577 1070 2640 celebrarunt,
1103 2575 1375 2646 siquidem
1401 2586 1455 2631 et
1490 2577 1610 2632 laus
1650 2577 1770 2646 ejus

204 2668 252 2722 in
280 2666 467 2722 eodem
485 2669 713 2736 septimo
727 2678 778 2722 et
803 2675 995 2723 sancto
1021 2667 1259 2722 concilio
1291 2669 1582 2738 reperitur.
1600 2667 1770 2724 Porro

203 2757 264 2813 de
292 2758 466 2812 altero
495 2759 621 2829 quid
655 2757 875 2814 dicam?
905 2773 1030 2813 cum
1063 2767 1116 2814 et
1141 2759 1260 2829 ejus
1291 2761 1601 2829 conscripta
1639 2762 1768 2826 vita,

204 2851 429 2920 qualiter
469 2851 717 2905 videlicet
756 2851 954 2920 amplis
987 2851 1334 2921 patrimoniis
1370 2852 1605 2907 venditis
1639 2867 1770 2906 eru-

201 2956 308 2996 cem
335 2956 493 2997 suam
529 2942 733 3009 tulerit,
753 2942 1054 3011 qualiterve
1079 2953 1301 2998 secutus
1319 2943 1629 3010 Christum,
1664 2944 1766 2998 ab-

1885 460 2124 529 episcopi
2162 460 2670 529 [chronographiam
2706 476 3042 530 prteponere,
3080 472 3138 515 ut
3169 463 3379 517 scilicet
3408 469 3462 516 ct

1885 565 1950 605 ex
1979 565 2041 606 ea
2066 550 2248 619 possis
2281 552 2618 621 aliquantula
2656 564 2904 621 carpere,
2923 562 2975 606 et
3001 552 3177 607 sicubi
3210 554 3460 609 fortassis

1887 642 1988 696 hac
2014 642 2278 697 utendum
2310 643 2670 713 judicaveris,
2699 654 2847 698 tuam
2902 660 3011 698 non
3043 646 3208 700 lateat
3236 647 3459 701 omnino

1885 733 2159 788 notitiam.
2218 733 2462 790 Obsecro
2521 745 2697 790 autem
2763 737 3088 791 eharitatem
3125 747 3293 802 tuam,
3340 755 3460 809 quae

1885 823 2070 876 omnia
2108 826 2405 881 secundum
2434 827 2752 894 Apostolum
2792 827 3000 892 suifcrt,
3035 837 3088 881 et
3131 836 3238 882 non
3264 830 3458 898 quaerit

1884 929 2005 984 quze
2021 932 2120 973 sua
2157 927 2305 981 sunt,
2331 949 2399 959 ——
2427 918 2538 972 imo
2576 934 2673 988 per
2704 933 2763 978 se
2798 935 2882 974 me
2903 920 3156 974 obsecrat
3199 921 3456 976 universa

1883 1010 2208 1070 Latinorum
2239 1011 2486 1066 Ecclesia
2511 1020 2572 1064 ut
2603 1013 2682 1066 sic
2712 1013 3012 1068 scribendae
3039 1029 3066 1066 a
3097 1022 3147 1068 te
3171 1013 3460 1068 inchoetur

1882 1117 2022 1172 opus
2053 1101 2317 1164 historiae,
2354 1111 2413 1157 ut
2443 1117 2563 1172 qum
2602 1103 2671 1158 ab
2719 1104 2836 1172 ipso
2889 1103 3094 1159 Christi
3127 1104 3365 1159 adventu
3403 1105 3458 1158 in

1885 1195 2129 1250 Ecclesia
2155 1205 2305 1264 gesta
2334 1205 2461 1250 sunt
2503 1206 2557 1250 et
2589 1205 2738 1250 testu
2791 1197 3178 1252 ecclesiasticae
3216 1198 3459 1252 historiae

1884 1303 1991 1349 non
2016 1289 2336 1356 judicantur
2365 1289 2610 1358 indigna,
2659 1289 2809 1344 nullo
2841 1287 3001 1342 modo
3047 1291 3454 1359 praetermittas,

1881 1383 2126 1452 exceptis
2156 1382 2242 1437 his
2270 1381 2409 1436 forte
2436 1398 2555 1451 quae
2579 1381 2848 1437 Eusebius
2865 1381 3231 1438 Theodoritus
3256 1381 3455 1437 Socra-

1883 1483 1964 1529 tes
1999 1483 2051 1527 et
2085 1473 2424 1529 Sozomenus
2455 1475 2741 1543 scripsisse
2767 1485 3087 1530 noscuntur.
3112 1471 3310 1528 Verum
3331 1474 3456 1542 quia

1883 1570 2145 1636 quosdam
2190 1569 2382 1622 horum
2432 1570 2694 1624 mentitos
2730 1568 2784 1622 in
2838 1567 3167 1638 quibusdam
3203 1567 3373 1622 fuisse
3403 1577 3456 1620 ct

1882 1661 2127 1730 quaedam
2182 1662 2601 1732 pra-termisisse
2644 1662 2938 1730 probatur,
2997 1658 3454 1729 quemadmodum

1881 1763 1934 1808 ct
1967 1764 2189 1809 sanctus
2210 1769 2346 1823 papa
2374 1753 2672 1824 Gregorius
2692 1753 2758 1808 de
2786 1753 3088 1808 Sozomeno
3109 1752 3457 1822 apertissime

1881 1847 2096 1909 scribit,
2115 1847 2345 1901 obsecro
2366 1847 2646 1902 mendacia
2667 1861 2852 1900 eorum
2882 1847 3023 1901 veris
3043 1845 3456 1916 approbationi-

1880 1939 1982 1994 bus
2007 1955 2226 2010 arguas,
2252 1949 2305 1994 et
2329 1955 2449 2009 quae
2476 1940 2780 1995 omiserunt
2799 1941 3159 1995 nihilominus
3176 1939 3453 2012 suppleas.
3545 1941 3552 1946 ’

1949 2032 2150 2102 Accipe
2205 2033 2388 2102 itaque
2441 2032 2567 2098 hoc,
2634 2034 2977 2099 charissime,
3031 2034 3451 2104 incompositum

1879 2138 2039 2194 .Opus,
2067 2131 2117 2178 et
2141 2124 2275 2177 nihil
2301 2139 2481 2177 meum
2516 2124 2569 2178 in
2626 2123 2727 2178 hoc
2756 2141 2983 2193 prorsus
3015 2125 3282 2179 incertum
3317 2141 3456 2196 prae-

1879 2230 2065 2270 nosce.
2095 2215 2156 2269 Et
2185 2215 2229 2269 si
2259 2213 2520 2270 decessus
2557 2215 2660 2268 mei
2695 2215 2879 2269 debito
2916 2225 3224 2284 praeventus
3251 2229 3450 2284 propo-

1877 2307 2040 2360 situm
2104 2321 2243 2376 opus
2290 2321 2390 2376 ego
2439 2308 2621 2361 minus
2680 2309 2745 2360 ad
2797 2308 2998 2362 calcem
3038 2308 3362 2377 perduxero,
3395 2319 3451 2362 ιιι

1876 2403 2058 2451 tamen
2100 2396 2152 2450 id
2189 2395 2438 2468 deperire
2465 2398 2688 2452 minime
2713 2410 2922 2469 patere,
2955 2399 3050 2454 sed
3083 2399 3136 2453 in
3185 2401 3448 2469 quantum

1874 2499 1978 2554 est,
2018 2490 2252 2561 qualiter
2288 2499 2341 2545 et
2374 2490 2715 2550 ubi-libuerit
2754 2501 2926 2545 utere.
2963 2490 3135 2546 Porro
3178 2495 3220 2547 si
3261 2494 3397 2546 lortc
3420 2507 3451 2548 a

1875 2597 1961 2636 me
1993 2583 2090 2636 tibi
2149 2590 2243 2637 aut
2275 2598 2338 2638 ex
2393 2581 2584 2637 Graeco
2636 2594 2716 2637 tra
2762 2585 2924 2638 sferri
2975 2594 3068 2637 aut
3105 2601 3168 2639 es
3217 2585 3450 2639 diversis

1872 2672 2193 2729 Latinorum
2253 2675 2797 2747 conscriptionibus,
2863 2692 2985 2744 qua:
3040 2675 3285 2731 historiae
3345 2687 3451 2730 tua:

1871 2763 2111 2830 inseras,
2152 2765 2406 2820 deﬂorari
2467 2764 2777 2832 desideras,
2811 2765 3045 2820 libenter
3084 2766 3194 2822 tuis
3226 2767 3452 2822 satisfa-

1869 2857 2009 2914 ciam
2041 2859 2204 2912 votis.
2262 2857 2496 2912 Tantum
2539 2858 2809 2913 industria
2844 2869 2936 2911 tua
2978 2860 3193 2912 interim
3223 2869 3451 2929 aposto-

1869 2950 1972 3004 lice
2004 2951 2198 3005 doctus
2231 2951 2286 3004 in
2315 2952 2534 3004 nomine
2551 2951 2762 3004 Domini
2783 2965 2944 3018 opus,
2965 2951 3109 3020 quod
3140 2952 3450 3014 hortamur,

203 3032 410 3088 batisin
445 3034 781 3088 monasterio
810 3033 940 3103 Agri
973 3032 1194 3092 functus
1238 3033 1436 3098 oliicio,
1477 3035 1770 3090 virtutibus
1797 3051 1837 3108 ο
1871 3041 2121 3111 arripiat,
2182 3049 2236 3095 et
2297 3041 2444 3110 quod
2488 3040 2906 3096 imminentibus
2942 3041 3099 3095 nobis
3141 3043 3448 3110 proposuit,

201 3125 428 3190 fulserit,
458 3121 740 3181 miraculis
763 3126 1138 3181 coruscaverit
1159 3135 1213 3182 et
1239 3125 1526 3183 confessor
1549 3127 1766 3190 abierit,

199 3221 327 3276 satis
352 3227 648 3290 aperteque
684 3235 781 3289 per
828 3219 1149 3291 Byzantium
1186 3229 1240 3276 et
1273 3221 1481 3275 circum
1519 3234 1770 3291 quasque

195 3314 464 3383 regiones,
504 3313 591 3374 his
645 3313 739 3384 qui
789 3329 956 3383 prope
1002 3321 1056 3368 et
1113 3314 1196 3369 his
1229 3315 1324 3384 qui
1374 3315 1534 3385 longe
1565 3317 1766 3381 sunt’,

195 3406 409 3460 clamet.
439 3404 543 3459 Sed
571 3415 623 3460 et
659 3405 838 3460 studia
879 3405 1000 3475 ejus
1055 3406 1120 3459 ad
1169 3421 1273 3463 nos
1310 3420 1482 3477 usque
1537 3409 1766 3476 perlata,

192 3503 312 3574 quis
334 3503 416 3556 vel
459 3509 698 3572 quantus
731 3503 815 3556 vir
846 3504 947 3557 iste
999 3499 1164 3554 fuerit
1195 3500 1494 3555 solertibus
1532 3497 1766 3554 manife-

189 3602 359 3649 stant.
390 3592 463 3647 Ex
504 3594 696 3648 horum
732 3607 862 3663 ergo
901 3591 1354 3662 chronOgrapliite
1385 3592 1768 3647 amoenissimo

187 3687 435 3756 quzedam
464 3685 751 3755 decerpant
795 3687 976 3750 horto,
1007 3699 1130 3756 quae
1154 3684 1506 3754 amplissima:
1537 3685 1778 3752 tuiope-.

181 3781 263 3832 ris
296 3793 502 3832 mens-.e
533 3778 794 3832 obediens
839 3778 1135 3832 obsecutor
1188 3789 1497 3845 apponam;
1533 3789 1656 3845 qua:
1679 3773 1768 3828 ni-

185 3869 392 3923 mirum
426 3875 780 3924 contemnere
821 3884 929 3922 non
987 3867 1178 3931 debes,
1226 3866 1320 3922 sed
1363 3867 1505 3921 inter
1537 3877 1627 3920 tua
1656 3867 1766 3922 sal-

182 3972 292 4017 tem
327 3962 631 4016 secundmn
662 3977 860 4017 sensus
887 3961 1142 4016 virtutem
1174 3960 1293 4015 sine
1337 3958 1558 4015 fastidio
1592 3960 1763 4015 collo-

177 4070 334 4118 care,
380 4055 558 4124 primo
587 4054 713 4124 quia
739 4063 832 4109 tuo
861 4062 991 4109 sunt
1030 4053 1209 4108 elicita
1239 4052 1513 4122 frequenti
1537 4067 1766 4121 prorsus

175 4149 432 4209 hortatu,
463 4146 660 4201 deinde
688 4147 815 4216 quia
848 4146 992 4201 inter
1023 4145 1252 4201 crebras
1297 4155 1350 4200 et
1386 4152 1638 4200 assuetas
1668 4144 1765 4198 de-

177 4239 345 4293 licias
377 4252 770 4308 nonnunquam
820 4238 1008 4292 vilium
1043 4253 1294 4293 escarum
1327 4237 1484 4308 quasi
1526 4235 1767 4291 delecta-

171 4329 377 4383 bilium
428 4329 782 4397 requiruntur
814 4327 1018 4395 edulia,
1057 4329 1218 4386 tertio
1252 4327 1400 4398 quia,
1433 4324 1608 4386 donec
1638 4341 1766 4397 pro-

1872 3141 2224 3202 exsequatur.
2253 3131 2426 3186 Porro
2455 3132 2535 3186 sic
2568 3147 2666 3202 ego
2685 3149 2748 3186 ex
2783 3133 2868 3188 his
2896 3132 3110 3188 duobus
3143 3132 3450 3188 illustribus

1872 3225 2005 3278 viris
2047 3225 2292 3294 quaedam
2353 3225 2618 3280 deﬂorare
2650 3225 2932 3296 proposui,
2987 3232 3046 3278 ut
3080 3239 3216 3295 pene
3241 3225 3447 3290 omnia,

1870 3331 1990 3386 quze
2018 3317 2184 3388 supra
2211 3318 2511 3372 nominatis
2547 3316 3001 3387 historiographis
3019 3328 3446 3372 commemorata

1871 3417 2021 3476 sunt,
2053 3423 2082 3462 a
2115 3425 2198 3463 me
2231 3409 2709 3464 commemoranda
2742 3424 2849 3462 non
2878 3407 3147 3463 duxerim.
3173 3405 3248 3460 Ex
3269 3407 3449 3462 civili-

1871 3498 1974 3555 bus
2027 3507 2208 3554 autem
2249 3499 2418 3569 gestis
2486 3499 2736 3568 qumdam
2804 3499 3118 3552 summatim
3171 3503 3446 3568 excerpsi,

1870 3591 2123 3659 quamvis
2154 3605 2182 3643 a
2218 3588 2529 3644 Justiniano
2573 3589 2819 3658 principe
2861 3603 2923 3642 ac
2973 3589 3236 3658 deinceps
3274 3604 3446 3658 pauia

1868 3683 2149 3738 omiserim
2183 3698 2373 3736 eorum
2399 3683 2624 3752 qnatjab
2657 3682 2742 3736 his
2790 3681 3228 3751 chronographis
3278 3683 3443 3736 relata

1869 3782 2017 3829 sunt.
2051 3773 2170 3828 Non
2207 3773 2376 3837 enim,
2404 3781 2461 3827 ut
2494 3775 2748 3842 praelatus
2782 3772 3135 3827 beatissimus
3151 3771 3448 3842 TheOpha-

1869 3881 1968 3921 nes
1991 3879 2050 3921 se
2085 3865 2297 3936 opinari
2331 3872 2584 3931 testatur,
2617 3863 2846 3917 modicae
2910 3863 3148 3918 fructum
3190 3862 3447 3918 utilitatis

1868 3962 2045 4031 carpit
2073 3960 2164 4031 qui
2195 3959 2502 4030 priscorum
2557 3958 2748 4027 relegit
2785 3964 2964 4012 actus.
2986 3956 3096 4012 Oro
3123 3965 3302 4012 autem
3329 3972 3448 4012 om-

1868 4055 2021 4108 nium
2063 4054 2385 4108 eharitatem
2441 4052 2580 4107 hanc
2612 4051 2906 4106 editionem
2943 4054 3206 4114 fnestram
3260 4051 3446 4120 legen.

1867 4147 2025 4213 tium,
2066 4153 2124 4198 ut
2177 4145 2220 4200 si
2252 4145 2306 4199 in
2361 4159 2423 4200 ea
2462 4145 2768 4214 proilcunm
2808 4141 3108 4214 quidquam
3149 4140 3443 4204 invenerit,

1868 4238 2122 4293 decentes
2164 4237 2462 4307 gratiarum
2497 4236 2745 4291 actiones
2774 4234 2988 4301 Deo,ex
3023 4248 3130 4304 quo
3158 4240 3244 4289 est
3282 4247 3445 4287 omne

1869 4329 2096 4392 bonum,
2130 4328 2324 4384 devote
2380 4327 2676 4398 persolvat,
2726 4337 2780 4382 et
2819 4341 2918 4396 pro
2957 4325 3119 4381 nobis
3153 4322 3443 4379 ineruditis

169 4422 378 4492 posita:
405 4390 543 4490 opus
567 4421 808 4476 historiae
855 4436 951 4491 per
980 4390 1034 4475 te
1064 4419 1130 4474 ad
1157 4390 1549 4491 perfectionem
1600 4390 1763 4474 fuerit
1793 4390 1842 4450 θ
1867 4429 1918 4476 et
1945 4390 2323 4491 peccatoribus
2356 4390 2574 4491 p-mpter
2603 4390 2889 4474 Dominum
2946 4431 3105 4472 orare
3134 4431 3202 4472 ne
3236 4415 3441 4485 pigeat.

163 4513 291 4569 Deo
334 4515 549 4568 lavente
581 4515 926 4583 perductum,
959 4514 1158 4584 poterit
1189 4515 1326 4569 forte
1361 4522 1610 4570 nostrum
1637 4529 1762 4570 esse

160 4606 630 4661 desiderantibus
658 4605 1125 4676 aliquantisperin
1159 4622 1339 4671 usum,
1375 4615 1429 4661 et
1455 4608 1547 4676 qui
1578 4607 1760 4677 Opima

158 4707 359 4754 vestra
421 4699 682 4770 consequi
727 4715 838 4753 non
894 4699 1184 4764 valuerint,
1227 4709 1389 4754 erunt
1417 4701 1635 4755 interim
1676 4701 1761 4756 his

146 4793 417 4848 exilibus
447 4793 652 4847 nostris
685 4801 963 4864 utcunque
990 4792 1253 4848 contenti.
1279 4789 1418 4848 Huic
1448 4807 1580 4849 sane
1607 4793 1759 4864 operi

219 4977 249 5010 '
293 4973 505 5045 Ephes.
545 4989 602 5042 tt,
635 4975 726 5031 17.

1866 4513 2042 4569 Porro
2069 4515 2114 4569 si
2144 4513 2274 4584 quid
2308 4514 2597 4568 inhoneste
2629 4512 2866 4582 positum
2892 4509 3181 4581 repererit,
3213 4505 3444 4561 indisci-

1866 4605 2150 4677 plinationi
2206 4615 2410 4662 nostra:
2478 4605 2580 4660 hoc
2644 4604 2922 4673 imputans
2980 4601 3195 4656 veniam
3252 4597 3438 4654 donet.

1864 4699 2091 4752 Gratum
2123 4698 2266 4752 enim
2289 4705 2372 4753 est
2398 4695 2506 4752 Deo
2531 4703 2584 4751 et
2605 4701 2886 4764 acceptum
2908 4693 3050 4763 quod
3071 4692 3118 4748 ei
3137 4689 3438 4747 secundum

1864 4792 2010 4848 vires
2039 4791 2286 4847 oli‘ertur.
