3906 6226
428 246 563 314 1191

1544 244 1943 305 ANASTASII
1986 239 2607 302 BlBLIOTIIECARII

3535 237 3666 307 1192

877 542 1744 645 CHBONOLOGIA
1849 546 2277 635 BREVIS
2351 546 2454 645 Β,
2536 543 3207 635 NICEPHOBI

1364 740 2179 798 CONSTANTINOPOLITANI
2228 741 2556 800 EPISCOPI.

428 896 619 949 Exstat
648 892 787 944 inter
801 890 911 958 ejus
941 904 1097 957 opera
1127 896 1325 945 nostra:
1349 885 1618 951 editionis,
1640 885 1859 953 hujusce
1900 881 2031 938 Patr

2132 886 2229 956 gite
2281 882 2480 938 (ἔταττε
2507 884 2648 945 'tom.
2697 882 2761 946 C,
2786 882 2889 937 col.
2923 881 3089 954 lOOl;
3147 882 3473 955 Patrologiw
3530 886 3673 953 etiam

1272 984 1481 1049 Latium
1522 992 1653 1035 tam.
1684 979 1940 1048 CXXIX,
1972 981 2109 1041 inter
2146 981 2315 1052 ipsius
2345 979 2620 1033 Anastasii
2652 994 2834 1048 opem.

979 1290 1304 1353 ABHINC
1336 1289 1821 1351 EXCERPTIO
1850 1288 1968 1349 EX
1997 1287 2719 1352 CHRONOGRAPHIA
2753 1287 3135 1352 GEORGII.

500 1437 791 1507 Pompeius
825 1436 965 1490 bello
993 1434 1367 1507 Hierosolyma
1401 1443 1673 1504 percepta,
1712 1435 2001 1493 Aristobu-
2028 1436 2081 1495 Α
2176 1430 2463 1487 Secundus
2496 1432 2863 1487 Romanorum
2917 1432 3249 1488 Inonarchus
3283 1432 3469 1489 Caesar
3521 1434 3677 1493 Octa.-

428 1533 538 1584 lum
568 1530 785 1600 quidem
818 1530 1057 1582 vinclum
1087 1544 1210 1583 cum
1253 1528 1400 1590 ﬁliis,
1421 1528 1736 1582 Alexandro
1763 1537 1816 1582 et
1847 1528 2001 1581 Anti-

429 1638 592 1695 guno,
619 1623 858 1687 tenebat,
883 1620 1107 1676 Romam
1133 1633 1430 1692 praperans
1461 1621 1921 1700 triumphaturus,
1947 1628 2003 1674 et

429 1715 659 1767 aliarum
689 1726 907 1782 quoque
932 1711 1170 1780 gentium
1206 1726 1359 1781 reges
1410 1718 1464 1764 ct
1512 1709 1701 1771 duces.
1740 1710 1999 1779 Hyrcano

430 1814 610 1861 autem
644 1806 809 1875 hujus
866 1804 1018 1859 fratri
1074 1818 1291 1863 summo
1341 1806 1636 1857 commisso
1698 1802 2001 1872 pontiﬁcio,

432 1900 746 1952 tributarios
777 1896 969 1950 statuit
1026 1894 1290 1950 Romanis
1341 1893 1579 1961 Iudaeos.
1612 1894 1715 1972 Qui
1771 1892 2002 1961 Romam

428 1990 604 2045 victor
646 1992 928 2060 ingressus
976 1988 1213 2041 amicitia
1250 1987 1500 2059 jungitur
1520 1985 1746 2043 C.Julio
1777 1986 2000 2051 Caesari,

430 2083 521 2154 qui
550 2088 769 2141 creatus
803 2088 995 2134 contra
1018 2079 1201 2136 Gallos
1222 2090 1275 2135 et
1298 2079 1589 2133 Britannos
1627 2089 1829 2149 praetor
1866 2078 2004 2133 diri-

430 2179 596 2247 gitur,
619 2173 938 2247 magnisque
961 2173 1163 2242 pl'tciiis
1193 2186 1288 2240 per
1317 2186 1488 2237 annos
1511 2171 1698 2237 decem
1728 2169 1917 2226 Gallos
1951 2178 2005 2225 et

436 2271 730 2323 Britannos
760 2265 1021 2329 Romanis
1046 2265 1370 2327 tributarios
1394 2263 1553 2333 fecit;
1605 2262 1697 2334 qui
1734 2263 2004 2338 quingen-

430 2371 513 2416 tas
566 2362 816 2425 civitates
878 2358 1271 2429 possidebant,
1324 2365 1384 2411 ut
1431 2356 1759 2417 Plutarchus
1790 2356 2005 2426 scribit,

428 2452 812 2509 Chaaroncnsis
851 2452 1237 2523 philosophus.
1269 2448 1676 2506 TuncCrassus
1703 2449 2006 2507 succedens

427 2544 661 2601 Gabinio
687 2545 972 2615 Syriacum
1025 2544 1261 2611 obtinuit
1317 2541 1709 2617 principatum,
1731 2548 1787 2605 et
1815 2553 2005 2604 contra

432 2634 687 2699 Parthos,
718 2633 772 2687 id
804 2642 887 2687 est
907 2630 1123 2697 Persas,
1145 2631 1447 2697 exercitum
1485 2632 1676 2685 movit.
1706 2628 1879 2693 Porro
1896 2631 2007 2683 An-

432 2729 630 2798 tipater
688 2725 896 2789 amicos
956 2724 1057 2779 sibi
1094 2724 1294 2794 ubique
1346 2722 1717 2783 Romanorum
1759 2730 2005 2793 potentes

2107 1526 2327 1587 vianus,
2356 1525 2447 1595 qui
2477 1534 2526 1579 ct
2558 1523 2839 1594 Augustus
2870 1527 3175 1595 appellatus
3198 1537 3301 1581 est.
3328 1526 3376 1579 A
3405 1530 3678 1582 creatione

2109 1618 2296 1672 mundi
2356 1634 2529 1688 usque
2594 1619 2660 1672 ad
2711 1619 2924 1672 initium
2966 1619 3113 1673 tertii
3172 1620 3403 1690 Augusti
3449 1620 3679 1678 Caesaris

2110 1707 2262 1771 anni,
2324 1708 2375 1761 in
2438 1721 2545 1777 quo
2600 1714 2655 1762 et
2717 1706 3334 1785 indictio‘promulgata
3385 1712 3681 1773 est,sicuti

2111 1800 2302 1854 beatus
2321 1798 2589 1855 Maximus
2614 1799 2666 1853 in
2695 1814 2949 1855 sermone
2974 1816 3076 1853 suo
3101 1799 3167 1854 de
3200 1800 3407 1856 Pascha
3432 1812 3679 1871 testatur,

2102 1890 2238 1943 anni
2293 1899 2421 1955 sunt
2451 1888 2611 1960 5460.
2648 1890 2841 1959 Cicero
2880 1890 3067 1957 rhetor
3108 1902 3162 1945 et
3209 1901 3435 1959 senator
3481 1892 3683 1949 Gaietis

2112 1981 2282 2036 Italia:
2320 1982 2684 2056 interemptus
2750 1994 2871 2052 eSt;
2914 1990 2973 2052 ut
3028 1992 3208 2050 autem
3244 1984 3336 2051 alii
3366 1986 3548 2055 aiunt,
3596 2003 3685 2041 ve-

2111 2091 2252 2143 neno
2274 2090 2396 2131 sese
2426 2076 2662 2129 necavit.
2860 2058 2863 2061 5

2182 2170 2529 2239 Principattts
2565 2183 2759 2223 eorum
2808 2177 3017 2240 septem
3042 2170 3137 2240 qni
3179 2171 3321 2244 apud
3361 2170 3682 2245 Pergamum

2114 2262 2528 2333 imperaverunt
2555 2261 2813 2324 cessavit,
2836 2276 2958 2315 cum
2997 2262 3354 2330 perdurasset
3380 2260 3483 2330 15‘
3506 2263 3681 2317 annis.

2187 2357 2341 2413 Sicut
2385 2356 2439 2409 in
2496 2353 2826 2424 quibusdam
2870 2354 3078 2411 Latinis
3125 2356 3461 2419 editionihus
3493 2355 3683 2419 fertur,

2112 2450 2183 2516 ab
2217 2449 2530 2505 Alexandro
2584 2463 2763 2517 usque
2799 2447 2868 2502 ad
2911 2448 3146 2519 Augusti
3197 2458 3437 2523 tempora
3465 2448 3687 2517 fuerunt

2113 2541 2243 2595 anni
2285 2540 2406 2611 plus
2447 2540 2628 2607 minus
2661 2538 2787 2605 500,

2182 2632 2494 2688 Judaeorum
2553 2632 2763 2704 primus
2809 2647 2903 2700 rex
2941 2631 3241 2702 alienigena
3284 2631 3523 2699 Herodes
3580 2632 3688 2702 fuit

2113 2728 2274 2781 annis
2310 2727 2401 2793 57,
2432 2726 2527 2797 qui
2557 2727 2851 2789 Ananilum
2900 2726 3211 2796 quemdam,
3241 2724 3546 2783 Judaeorum
3579 2726 3684 2796 qui

434 2818 756 2885 muneribus
785 2825 840 2872 et
866 2817 989 2873 aliis
1041 2816 1320 2886 obsequiis
1372 2815 1626 2870 faciebat.
1676 2814 1819 2870 Inter
1866 2829 2007 2885 quos
2040 2815 2082 2873 Β
2113 2820 2165 2874 in
2202 2818 2481 2891 Babylone
2507 2830 2663 2875 erant
2685 2834 2959 2876 summum
2984 2820 3306 2889 pontiﬁcem,
3334 2818 3674 2884 accersiens,

434 2919 489 2967 et
515 2909 717 2966 Hareth
754 2909 1017 2974 Arabum,
1039 2908 1091 2962 id
1122 2918 1206 2964 est
1235 2906 1658 2973 Saracenorum,
1686 2906 1797 2978 regi
1828 2906 2003 2961 valida

434 3004 677 3059 sociatus
709 3012 792 3057 est
856 3000 1116 3064 amicitia,
1153 3009 1371 3071 propter
1417 2999 1824 3053 matrimonimn
1874 2997 2008 3052 insi-

435 3099 558 3171 gnis
589 3095 771 3152 uxoris
810 3096 1056 3153 Arabicae
1081 3094 1356 3166 Cypridis,
1395 3110 1461 3151 ex
1506 3110 1613 3165 qua
1649 3094 1789 3149 ﬁlios
1817 3093 2009 3149 habuit

436 3198 694 3262 quatuor,
721 3186 1038 3253 Phasailum
1091 3187 1345 3263 videlicet
1368 3194 1423 3241 et
1464 3187 1760 3245 Herodem.
1790 3189 1881 3256 qui
1911 3201 2009 3240 rex

435 3260 559 3355 post
584 3281 897 3354 Hyrcanum
932 3260 1151 3337 exstitit
1176 3278 1531 3338 Hebraeorum
1568 3280 1782 3347 primus
1817 3278 2010 3337 alieni-

435 3392 594 3446 gena,
625 3382 679 3429 et
715 3374 938 3428 tertium
979 3370 1372 3440 Jusephum,et
1411 3370 1687 3435 Pheroran
1728 3380 2007 3440 quartum,

431 3469 545 3537 jam
586 3476 699 3521 tum
762 3464 1037 3519 Arabibus
1092 3461 1428 3527 Judzorum,
1493 3462 1639 3525 sicut
1680 3477 1826 3529 nunc
1852 3460 2011 3521 Chri-

436 3562 764 3622 stianorum,
798 3556 1035 3625 legitima
1078 3553 1565 3621 confundentibus.

504 3650 796 3721 Pompeius
826 3650 991 3720 igitur
1030 3645 1285 3719 Hyrcano
1337 3661 1612 3707 sumntum
1666 3645 2009 3719 pontificium

435 3744 739 3809 roboravit,
757 3752 810 3798 et
824 3743 940 3811 ipse
954 3739 1216 3795 Romanis
1233 3737 1451 3793 Judaeos
1464 3739 1784 3797 tributarios
1797 3739 2010 3797 statuit.

437 3836 584 3891 Idem
615 3835 729 3904 ipse
743 3834 1089 3902 Antipatrum
1105 3831 1491 3900 alienigenam,
1506 3828 1735 3894 Herodis
1749 3830 1941 3898 tilium,
1960 3838 2015 3894 et

435 3929 662 3986 alterius
680 3926 911 3985 Herodis
933 3934 1140 3997 patrem
1161 3922 1464 3979 Palaestinae
1476 3922 1749 3978 ordinavit
1763 3938 2016 3994 procura-

440 4034 632 4077 torem.
651 4019 720 4075 At
740 4034 864 4074 vero
885 4016 1139 4073 CJulius
1162 4016 1341 4071 Caesar
1370 4014 1597 4069 Romam
1626 4014 1844 4069 rediens
1866 4015 2015 4077 omni

437 4114 579 4184 parti
602 4112 840 4182 Pompeii
871 4110 1131 4181 pepercit,
1154 4107 1220 4162 de
1238 4123 1344 4178 qua
1364 4117 1478 4162 erat
1498 4106 1713 4174 Cicero,
1732 4106 1931 4170 Brutus
1963 4115 2017 4163 et

2118 2910 2174 2966 in
2208 2910 2511 2967 Jerusalem
2566 2926 2842 2966 summum
2897 2910 3218 2981 pontiﬁcem
3269 2911 3578 2967 constituit.
3618 2910 3689 2965 Et

2118 3004 2222 3059 hoc
2276 3006 2451 3060 electo
2505 3014 2631 3075 post
2664 3004 2940 3059 modicum
2994 3004 3284 3059 constituit
3312 3003 3685 3059 Aristobulum

2116 3113 2391 3153 summum
2445 3097 2782 3167 pontiﬁcem,
2816 3098 3039 3153 fratrem
3089 3097 3279 3153 uxoris
3335 3112 3468 3161 sua,
3514 3096 3684 3153 tilium

2116 3188 2376 3260 Hyrcani.
2416 3188 2481 3242 Et
2502 3191 2607 3244 hoc
2649 3189 2978 3261 interempto
3008 3203 3208 3245 rursus
3236 3190 3531 3245 Ananilum
3567 3202 3688 3262 post

2116 3294 2320 3336 annum
2350 3278 2619 3349 provexit.

2189 3370 2349 3430 Anno
2392 3370 2583 3430 mundi
2644 3369 2787 3444 5500
2835 3370 3093 3441 devolutp
3126 3381 3181 3427 et
3216 3372 3351 3443 5501
3400 3372 3691 3447 incipiente

2121 3460 2266 3518 facta
2318 3471 2405 3518 est
2446 3463 2758 3533 incarnatio
2789 3462 3006 3530 Domini
3056 3473 3113 3533 et
3170 3464 3477 3531 salvatoris
3521 3469 3686 3534 nostri

2118 3553 2247 3623 Jesu
2288 3553 2521 3621 Christi,
2571 3571 2765 3627 mense
2805 3556 3109 3613 secundum
3155 3554 3437 3629 Romanos
3475 3558 3683 3622 Martio,

2119 3649 2208 3704 die
2251 3648 2345 3713 25,
2404 3649 2706 3705 secundum
2762 3648 3005 3704 divinam
3052 3649 3377 3721 editionem,
3431 3667 3557 3721 qua:
3603 3667 3685 3721 per

2122 3741 2342 3813 Moysen
2391 3741 2601 3813 prolata
2634 3751 2741 3807 est,
2768 3742 2940 3812 prima
2988 3741 3077 3807 die
3128 3743 3329 3807 mensis
3361 3743 3562 3811 Nisan,
3600 3747 3679 3818 qui

2120 3835 2265 3906 apud
2303 3822 2561 3891 Hebraeos
2592 3834 2805 3909 primus
2830 3844 3048 3899 creatus
3075 3842 3182 3900 est,
3211 3850 3319 3905 qua
3349 3834 3574 3905 Gabriel
3604 3853 3680 3891 ar-

2121 3928 2419 3997 changelus
2453 3929 2525 3995 ei,
2558 3942 2680 3996 qua:
2732 3943 2857 3980 vere
2905 3934 2990 3981 est
3026 3942 3089 3980 ac
3135 3928 3359 3996 proprie
3408 3929 3500 3983 Dei
3531 3928 3684 3989 Geni-

2123 4020 2264 4085 trix,
2326 4024 2499 4079 totius
2534 4019 2722 4073 mundi
2777 4020 2960 4090 gaudii
3008 4020 3206 4085 obtulit
3258 4023 3559 4093 evangelia.
3602 4023 3684 4078 Sic

2126 4113 2274 4167 enim
2335 4122 2390 4167 et
2439 4113 2671 4183 viviﬁcae
2722 4114 3146 4168 resurrectionis
3186 4114 3308 4182 ejus
3356 4115 3472 4170 dies
3505 4117 3682 4171 eadem

436 4203 683 4266 Cassius,
716 4202 1113 4270 consulumque
1133 4201 1499 4270 principatum
1538 4197 2020 4255 destruxit.Tum-
2047 4194 2091 4255 C
2125 4205 2298 4275 prima
2333 4208 2540 4267 mensis
2572 4207 2659 4271 die
2702 4206 2985 4265 concurrit
3026 4206 3331 4273 secundum
3367 4209 3684 4283 apostolica;

438 4312 545 4367 que
572 4294 851 4355 Antonius
881 4292 1186 4360 CleOpatrae
1216 4290 1474 4344 Arabiam
1498 4290 1739 4346 tradidit.

513 4384 884 4439 Romanorum
907 4381 969 4436 C.
1004 4380 1183 4445 Julius
1228 4380 1411 4435 Caesar
1436 4381 1650 4450 primus
1683 4381 2018 4438 monarchus

439 4474 696 4532 habetur.
727 4472 910 4535 Mundi
940 4487 1084 4526 anno
1116 4471 1252 4535 545i
1280 4470 1341 4524 C.
1374 4468 1551 4526 Julius
1585 4471 1769 4527 Carsar
1792 4474 2018 4529 veniens

442 4568 500 4623 in
518 4565 761 4628 Judaeum
803 4573 925 4635 post
953 4562 1194 4633 Pompeii
1236 4569 1469 4617 mortem
1526 4563 1596 4618 ab
1636 4562 1894 4635 Egypm,
1924 4581 2018 4620 ι-ο.

440 4660 601 4716 borat
637 4672 911 4727 summum
938 4656 1278 4730 pontiﬁcium
1330 4652 1602 4726 Hyrcano,
1635 4663 1689 4710 et
1733 4657 2020 4726 Antipatro

443 4762 759 4821 potentatus
791 4750 1119 4805 divisionem
1151 4749 1242 4802 dat
1271 4764 1285 4813 ;
1318 4749 1413 4816 qui
1465 4748 1591 4802 dolo
1622 4747 1774 4812 Bruti
1808 4758 1861 4803 et
1884 4749 2020 4806 Cas-

445 4841 511 4895 sii
542 4841 836 4904 occiditur,
869 4855 971 4893 non
1005 4838 1296 4895 ferentium
1327 4836 1566 4907 Pompeii
1590 4840 2020 4909 peremptionem

446 4943 623 4999 neque
642 4929 931 4983 consulum
960 4928 1384 5005 depositionem.
1416 4926 1591 4998 Hujus
1610 4931 1783 4985 nares
1804 4931 2024 5002 adopta-

445 5029 535 5073 tus
565 5027 684 5072 erat
706 5017 1035 5076 Octavianus
1059 5016 1266 5083 (ἔωθεν,
1306 5018 1448 5076 ﬁlius
1471 5019 1632 5075 Attia:
1672 5022 1879 5076 sororis
1901 5021 2023 5092 ejus

444 5120 501 5168 et
523 5110 755 5166 Octavii.
799 5107 931 5162 Dein
964 5121 1149 5181 parata
1191 5110 1421 5166 victoria
1459 5112 1745 5170 venientes
1792 5112 2021 5169 Romam

442 5206 727 5275 Augustus
761 5210 815 5258 et
838 5202 1109 5266 Antonius
1135 5200 1388 5256 dividunt
1408 5218 1533 5258 cum
1558 5204 1810 5276 Helpidio
1840 5206 2023 5275 tripli-

444 5299 580 5355 citer
630 5305 804 5353 totum
862 5294 1234 5349 Romanorum
1277 5295 1672 5367 principatum,
1722 5306 1798 5365 et,
1840 5306 1896 5354 ut
1947 5308 2023 5356 ita

443 5388 699 5458 dixerim,
722 5389 893 5445 totius
920 5387 1072 5443 orbis
1102 5394 1409 5455 terrarum;
1434 5390 1784 5463 etAugustus
1804 5392 2022 5463 quidem

446 5477 719 5551 Europam
777 5480 1009 5538 sortitur
1061 5494 1236 5550 usque
1271 5479 1340 5535 ad
1380 5479 1671 5537 occiduum
1718 5481 2017 5550 Oceanum,

450 5568 731 5641 Helpidius
772 5583 954 5639 autem
1000 5588 1121 5644 quae
1170 5572 1317 5627 circa
1358 5572 1580 5646 Libyam
1630 5583 1758 5645 sunt
1813 5576 2020 5646 omnia,

452 5676 617 5743 porro
640 5666 909 5733 Antonius
930 5676 1098 5741 tptam
1137 5666 1345 5735 Asiam,
1460 5656 1461 5659 “

2121 4295 2466 4351 traditiones.

2193 4390 2475 4460 Augustus
2510 4389 2752 4462 pontifex
2800 4392 3074 4449 maximus
3109 4391 3366 4459 decretus
3386 4405 3486 4451 est.
3522 4394 3680 4450 [iero—

2122 4481 2220 4538 des
2247 4483 2487 4552 priscam
2520 4483 2849 4549 Samariam,
2878 4500 3003 4540 cum
3034 4495 3183 4545 esset
3212 4488 3455 4555 deserta,
3492 4504 3521 4543 a
3561 4487 3680 4540 fun-

2123 4572 2397 4632 damentis
2459 4576 2668 4642 erexit,
2724 4574 2987 4632 Sehasten
3042 4577 3097 4632 in
3161 4581 3425 4635 honorem
3466 4579 3677 4635 Cessatis

2125 4667 2438 4722 nominans.
2495 4666 2737 4725 Herodes
2792 4672 3057 4740 templum
3108 4673 3253 4740 quod
3304 4670 3677 4742 Hierosolymis

2124 4766 2242 4813 erat
2271 4758 2468 4829 duplex
2498 4760 2864 4833 rcaediﬁcavit,
2889 4762 3131 4831 Herodes
3155 4763 3397 4838 priscam
3426 4764 3675 4820 Stratonis

2125 4848 2325 4902 turrim
2361 4848 2666 4905 Cazsaream
2708 4850 2762 4904 in
2813 4852 3081 4907 honorem
3104 4851 3343 4909 Caesaris
3400 4852 3673 4925 superadi-

2126 4938 2299 4995 ficans
2321 4943 2643 4996 nominavit.
2675 4941 2816 4999 Idem
2860 4944 2979 5015 ipse
3002 4943 3320 5015 Iudaeorum
3356 4946 3673 5018 legispcritos

2127 5030 2334 5084 occidit
2358 5041 2409 5086 et
2444 5032 2680 5102 scriptas
2718 5036 3068 5106 genealogias
3102 5036 3366 5091 incendit.

2200 5121 2385 5177 Mundi
2448 5140 2591 5180 anno
2646 5125 2819 5191 5500,
2878 5128 3079 5183 divina:
3131 5144 3261 5183 vero
3306 5125 3672 5184 incarnationis

2129 5226 2275 5267 anno
2306 5214 2357 5279 f,
2394 5223 2585 5284 pastor
2608 5218 2786 5273 bonus
2816 5228 3065 5289 pastores
3111 5222 3321 5291 primos
3344 5222 3413 5276 ad
3458 5219 3674 5278 ineﬁabi-

2127 5315 2264 5357 tium
2300 5306 2569 5361 vrsionem
2601 5315 2656 5363 et
2685 5309 3016 5365 auditionem
3048 5327 3146 5381 per
3177 5314 3403 5384 angelos
3429 5312 3669 5379 invitavit.

2200 5393 2387 5449 Mundi
2444 5411 2621 5453 annus
2670 5409 2789 5453 erat
2844 5399 3020 5463 5501.
3069 5400 3269 5467 Sexius
3334 5404 3672 5475 Pythagoreus

2129 5485 2489 5557 philosophus
2522 5486 2775 5558 ﬂorebat.
2804 5488 2976 5561 ludas
3002 5490 3263 5561 Galilzeus
3295 5493 3558 5557 adversus
3583 5492 3671 5545 Bo-

2134 5594 2333 5635 manos
2368 5581 2680 5641 simultates
2703 5597 2862 5653 agere
2884 5584 3208 5649 hortabatur
3232 5586 3454 5644 δυάδος
3484 5594 3672 5658 propter

2131 5671 2579 5751 descriptionem.
2624 5675 2864 5735 Herodes
2896 5689 3145 5735 mortuus
3175 5689 3279 5745 cst,
3319 5696 3442 5737 cum
3478 5679 3668 5734 vixisset
