3906 6226
438 285 574 353 1195
661 321 668 332 ~

1535 279 1931 342 ANASTASII
1971 277 2592 340 BIBLIOTHECARH

3533 279 3644 344 ms

432 396 705 468 ligula,'itt
739 395 978 449 diversas
1012 408 1288 448 aerumnas
1325 389 1597 456 incidens,
1632 398 1690 443 ut
1725 387 2002 441 Romano-
2034 393 2076 447 Α
2104 385 2323 441 Caesare
2384 402 2483 457 per
2527 394 2843 456 operantem
2882 387 3192 442 tltetnonum
3246 398 3412 442 artem
3446 391 3644 448 virtutes

409 507 546 547 "rum
571 491 734 545 ‘aiunt
766 487 1215 557 historiographi,
1247 485 1332 541 sui
1374 483 1551 555 ipsius
1592 481 1773 537 laetus
1802 489 1888 536 est
1919 482 2007 534 in-

411 583 712 639 ‘iterl'ector.
753 581 852 636 ilic
891 589 944 635 et
971 578 1175 634 Julium
1221 579 1458 642 Canum,
1488 593 1653 631 unum
1689 593 1753 630 ex
1803 573 2006 630 Stoicis

421 675 794 747 philosophis,
828 671 1130 726 interfecit.

502 768 689 824 Mundi
717 783 862 821 anno
891 765 1052 826 5359,
1085 765 1282 819 divinae
1311 760 1708 816 incarnationis
1741 773 1886 813 anno
1913 757 2004 823 39,

431 859 691 930 Agrippa,
731 857 902 926 quiet
931 854 1201 914 Herodes.
1233 853 1464 906 llerodis
1489 852 1654 914 lilius,
1689 851 2004 904 .ludzeorum

421 958 662 1022 quartus
684 948 992 1019 alienigena
1018 964 1136 1011 rex,
1159 961 1286 1000 cum
1313 944 1417 1000 sub
1441 943 1562 1000 Tib.
1580 942 1792 998 Caesare
1815 941 2009 999 fuisset

417 1042 694 1098 custodia:
719 1042 1064 1110 mancipatus
1087 1047 1310 1109 propter
1328 1035 1713 1090 accusationes
1745 1035 2008 1089 adversus

435 1147 640 1205 patrem
698 1135 972 1205 prolatas,
1029 1131 1227 1186 deinde
1281 1145 1310 1182 a
1346 1130 1581 1184 vinculis
1640 1127 1924 1190 dimissus,
1977 1142 2008 1180 a

415 1227 738 1284 'C.Cmsare
787 1243 879 1280 rex
937 1224 1250 1279 inda-orum
1301 1223 1711 1276 transmittitur.
1764 1219 2009 1274 llerodes

428 1329 634 1386 autem,
672 1318 838 1387 hujus
871 1326 1045 1386 pater,
1099 1315 1243 1384 apud
1295 1313 1621 1383 Lugdunum
1657 1311 1846 1367 Gallia:
1877 1313 2011 1366 civi-

425 1424 599 1468 tatem
629 1412 825 1466 exsilio
857 1410 1130 1479 relegatus
1170 1417 1414 1461 extrema
1451 1413 1698 1474 egestate
1739 1418 1848 1457 una
1881 1418 2007 1457 cum

418 1504 740 1562 «llerodiade
794 1503 1042 1556 adultera
1085 1499 1341 1553 moritur.
1392 1499 1638 1552 Puellam
1688 1511 1840 1558 vero,
1886 1509 2009 1564 quae

419 1599 730 1656 saltaverat
765 1596 819 1648 iu
856 1593 1215 1648 decollatione
1246 1588 1478 1644 Joannis
1517 1587 1792 1658 Baptista,
1828 1586 2006 1640 vivam

418 1702 580 1747 terra
607 1687 843 1758 glutivit.
886 1685 985 1740 His
1038 1683 1381 1753 temporibus
1412 1680 1724 1749 Philippus,
1760 1694 1900 1733 unus
1942 1693 2007 1731 ex

2110 481 2352 549 magicas
2401 478 2613 534 faciens
2659 480 2712 534 in
2767 479 2902 535 urbe
2943 490 3123 535 vestra
3158 482 3300 552 regia
3341 482 3508 536 Roma
3533 486 3644 539 deus

2107 571 2554 636 existimabatur,
2579 582 2632 627 et
2657 582 2840 628 statua
2872 589 2902 626 a
2941 552 3094 630 vobis
3120 584 3180 628 ut
3218 574 3358 630 Deus
3383 576 3648 634 honoratur

2108 661 2164 716 in
2191 660 2373 718 Tiberi
2413 661 2635 718 ﬂumine
2672 664 2815 719 inter
2844 666 2983 720 duos
3012 674 3233 734 pontes,
3261 666 3469 722 habens
3491 683 3650 740 super.

2109 755 2467 826 scriptionetn
2506 755 2755 812 Latinam
2784 757 2959 814 hanc:
2995 757 3202 813 Simoni
3238 763 3334 813 deo
3380 774 3574 818 sancto.
3602 763 3652 816 Et

2109 863 2246 918 pene
2273 863 2463 903 omnes
2493 849 2713 918 quidem
2743 849 3097 914 Samaritani,
3121 852 3278 920 pauci
3315 863 3494 908 autem
3517 854 3652 909 etiam

2109 940 2166 994 in
2209 940 2336 995 aliis
2379 942 2671 1010 gentibus,
2728 949 2990 1012 tanquam
3037 945 3272 1013 primum
3307 945 3469 999 deum
3529 946 3655 1000 illum

2111 1035 2440 1089 contitentes
2479 1033 2736 1090 adorant.

2183 1124 2368 1179 Mundi
2401 1143 2547 1181 anno
2577 1126 2739 1191 5550,
2775 1125 2977 1182 divina:
2999 1126 3401 1182 incarnationis
3427 1144 3561 1184 anno
3582 1130 3657 1192 50.

2109 1217 2374 1273 Claudius
2397 1219 2654 1288 imperat.
2680 1219 3007 1290 Apollonius
3023 1236 3090 1274 ex
3111 1218 3493 1290 Tyanensibus
3520 1222 3661 1276 Italia

2111 1308 2512 1381 Pythagoricus
2549 1312 2912 1381 philosophus
2947 1313 3136 1383 pollet,
3172 1313 3245 1366 ita
3280 1322 3341 1366 ut
3384 1313 3522 1369 hunc
3563 1315 3661 1385 ipso

2111 1419 2332 1473 quoque
2362 1403 2667 1475 Pythagora
2712 1402 3083 1460 Philostratus
3116 1413 3172 1460 et
3206 1405 3300 1458 alii
3337 1407 3560 1462 acrioris
3588 1408 3661 1462 irt-

2110 1498 2255 1568 genii
2307 1496 2480 1552 fuisse
2532 1497 2873 1553 describant.
2920 1495 3020 1554 llis
3076 1498 3423 1567 temporibus
3464 1501 3568 1554 visa
3592 1510 3663 1555 est

2111 1589 2231 1645 avis
2258 1589 2348 1644 illa
2379 1589 2632 1653 Pltmnix,
2653 1587 3115 1659 quemadmodum
3150 1589 3409 1644 scribunt
3433 1589 3660 1662 Egyptii,

2112 1691 2235 1744 qua:
2285 1683 2413 1731 ante
2457 1677 2563 1732 654
2600 1691 2778 1732 annos
2827 1687 3180 1747 apparuerat.
3219 1675 3291 1730 Et
3327 1680 3587 1748 Dexippus
3615 1681 3662 1736 in

420 1793 641 1854 septem
673 1777 1022 1840 diaconibus,
1058 1775 1351 1829 resistebat
1384 1771 1592 1825 SituOui
1622 1771 1690 1824 de
1718 1771 1838 1824 vico
1867 1767 2014 1821 Gitio
2045 1767 2087 1822 Β
2119 1767 2221 1821 hoc
2252 1769 2578 1824 concordat.

423 1872 717 1934 Samaria,
771 1869 866 1940 qui
925 1868 1088 1922 etiam
1133 1865 1332 1920 dicitur
1363 1863 1574 1933 primus
1621 1877 1687 1916 ex
1746 1859 2006 1930 gentibus

416 1966 746 2024 eunuchum
784 1961 1096 2027 Ethiopem
1129 1957 1459 2026 baptizasse.

501 2059 688 2113 Mundi
729 2070 874 2110 anno
906 2052 1066 2115 5540,
1095 2049 1294 2104 divina:
1319 2044 1718 2102 incarnationis
1743 2057 1888 2098 anno
1913 2041 2005 2108 ιο,

423 2153 627 2208 Petrus
670 2149 928 2221 princeps
955 2144 1355 2215 apostolorum,
1388 2138 1730 2194 Antiochena
1778 2133 2007 2188 fundata

425 2245 609 2315 primo
639 2239 916 2305 Ecclesia,
955 2235 1182 2289 Romam
1221 2233 1395 2304 pergit
1428 2229 1768 2300 evangelium
1811 2223 2008 2296 praedi-

426 2346 679 2396 caturus,
726 2331 822 2386 ubi
857 2327 1069 2400 primus
1107 2341 1284 2396 usque
1317 2323 1389 2377 ad
1421 2321 1582 2376 liuent
1623 2335 1783 2375 suum
1817 2316 2009 2371 Eccle-

429 2423 810 2495 siae-praefuit.
863 2421 1134 2476 Praeterea
1191 2417 1421 2492 primam
1476 2413 1765 2484 epistolam
1829 2423 2006 2472 suam,

431 2534 557 2590 quae
590 2519 656 2570 de
690 2513 980 2568 catholicis
1022 2520 1128 2582 est,
1163 2525 1192 2562 a
1229 2507 1400 2560 Roma
1435 2506 1608 2569 misit,
1635 2512 1694 2558 ut
1741 2501 2010 2555 Eusebius

433 2609 653 2672 scribit,
695 2614 746 2660 et
798 2604 1042 2658 Marcum
1094 2600 1525 2670 evangelistam,
1581 2598 1675 2668 qui
1738 2605 1867 2649 tunc
1901 2593 2010 2646 Ro-

435 2698 616 2754 manis
659 2693 977 2767 petentibus
1021 2699 1355 2761 exposuerat
1394 2687 1758 2758 evangelium,
1790 2696 1848 2740 ut
1885 2685 2010 2740 Cle-

435 2806 590 2845 mens
619 2797 674 2842 et
692 2786 886 2858 papias
910 2782 1358 2851 llieropolitanus
1385 2780 1677 2850 episcopus
1695 2777 2008 2850 perhibent.

433 2879 540 2934 Alii
576 2893 710 2935 sane
743 2879 885 2930 hanc
926 2876 994 2928 ab
1044 2872 1218 2943 Joppe
1250 2873 1477 2926 missam
1513 2872 1857 2925 existimant.
1896 2867 2012 2922 lloc

431 2987 654 3043 quoque
705 2981 950 3038 tempore
985 2965 1136 3018 Pauli
1196 2973 1250 3018 et
1285 2961 1412 3018 Silte
1471 2962 1575 3016 iter
1627 2963 1682 3017 in
1733 2960 1909 3016 Derbe
1957 2969 2012 3014 et

436 3065 646 3135 Lystris
699 3061 904 3130 agitur.
948 3060 1000 3111 in
1047 3055 1281 3127 Phrygia
1333 3070 1550 3126 quoque
1596 3069 1661 3108 ac
1723 3055 1928 3108 Isauria
1961 3063 2012 3108 et

433 3154 627 3208 Cilicia
659 3160 714 3206 et
745 3150 960 3204 Galatia
998 3148 1162 3202 simul
1201 3155 1254 3201 et
1288 3144 1526 3201 Troade.
1555 3145 1710 3200 Pauli
1741 3160 1934 3199 rursus
1958 3152 2013 3199 et

436 3245 604 3301 Marci
623 3256 766 3309 acta,
794 3258 914 3313 quae
933 3240 1200 3310 Philippis
1221 3255 1283 3294 ac
1301 3236 1706 3293 Thessalonica
1725 3248 1779 3291 et
1809 3236 2012 3292 Beroea:

433 3354 674 3410 gessere,
713 3346 1031 3389 narrantur.
1084 3331 1287 3386 Paulus
1349 3331 1476 3384 item
1529 3329 1726 3398 Ephesi
1775 3338 1829 3383 et
1867 3329 2011 3382 Cen-

436 3431 643 3495 chreis,
673 3427 928 3483 thsaria:
973 3435 1193 3495 quoque
1222 3432 1276 3476 et
1308 3422 1634 3485 Antiochiae,
1672 3421 1727 3474 in
1777 3419 1928 3474 Italia
1960 3429 2010 3475 et

436 3523 671 3602 Phrygia
705 3521 994 3574 laboravit.
1034 3515 1190 3570 Pauli
1244 3527 1430 3575 actus,
1471 3529 1611 3584 quos
1643 3511 1842 3583 Ephesi
1885 3529 2012 3583 pro-

441 3618 556 3687 prie
615 3613 812 3688 gessit.
865 3610 1104 3673 Paulus,
1153 3625 1275 3678 quae
1309 3605 1522 3662 Troade
1563 3623 1626 3660 ac
1677 3607 1842 3661 Mileti
1891 3623 2011 3676 ges-

443 3711 537 3772 sit.
599 3706 852 3778 Ephesiis
897 3703 1327 3758 commendavit.
1375 3702 1506 3768 Quae
1561 3700 1616 3756 in
1670 3698 2013 3754 Hierusalem

439 3820 470 3858 a
520 3799 724 3858 Judaeis
793 3809 942 3868 gesta
989 3807 1118 3853 sunt
1177 3805 1371 3850 contra
1434 3796 1690 3852 Paulum.
1747 3792 2013 3864 Paulique

438 3893 692 3950 Caesaris:
733 3902 924 3947 contra
960 3889 1192 3944 Felicem
1223 3897 1277 3943 et
1323 3887 1647 3942 Drusillam.
1679 3885 1814 3942 Item
1856 3885 2013 3940 Pauli

439 4005 560 4055 qua:
590 3985 853 4042 Ctesarec
892 3984 1146 4053 gesserit,
1183 3982 1267 4036 vel
1297 3980 1467 4036 Judaei
1499 3981 1766 4036 adversus
1807 3980 2008 4050 ipsum.

441 4081 656 4135 Marcus
685 4075 1021 4147 evangelista
1054 4072 1288 4143 zﬁgypto
1319 4083 1371 4125 et
1401 4071 1746 4126 Alexandriae
1775 4071 2016 4126 salutare

443 4173 668 4229 verbum
700 4165 1126 4237 evangelizabat.
1149 4163 1500 4218 Antiochenze
1523 4162 1781 4219 Ecclesiae
1804 4164 2015 4235 primus

445 4267 739 4335 episcopus
782 4259 1024 4312 Euodius
1058 4257 1159 4307 luit
1190 4255 1351 4309 annis
1379 4255 1590 4324 viginti.

515 4355 699 4410 Mundi
730 4368 874 4406 anno
904 4350 1061 4415 5540,
1093 4347 1289 4400 divina:
1319 4345 1715 4400 incarnationis
1736 4345 1826 4410 40,
1855 4343 2018 4399 Clau-

2183 1859 2368 1915 Mundi
2417 1877 2562 1916 anno
2605 1861 2777 1922 5553.
2829 1859 3044 1918 Nerone
3091 1861 3429 1930 imperante.
3473 1863 3666 1918 divinus

2105 1952 2158 2007 ei
2213 1953 2513 2022 Apostolus
2563 1954 2807 2009 secundo
2862 1962 2948 2009 est
3002 1963 3394 2023 praesentatus.
3449 1954 3670 2026 Denique

2111 2043 2290 2114 primo
2336 2059 2460 2099 rum
2508 2042 2654 2099 Nero
2701 2045 2889 2098 mitior
2925 2045 3104 2099 adhuc
3147 2060 3281 2117 erga
3325 2045 3667 2101 Christiana

2112 2135 2310 2206 dogma
2369 2143 2676 2204 teneretur,
2725 2137 2961 2194 audiens
3006 2139 3285 2194 rationem
3326 2139 3446 2209 ejus
3482 2140 3669 2194 dimisit

2113 2229 2266 2282 illum
2301 2229 2500 2298 spiritu
2552 2229 2912 2300 dispensante
2957 2231 3028 2287 ad
3077 2231 3474 2302 perficiendam
3499 2232 3672 2303 praedi-

2109 2322 2414 2374 cationem.
2470 2319 2727 2377 Sécundo
2764 2338 2894 2378 vero
2929 2323 3046 2394 ipse
3087 2340 3148 2380 se
3177 2326 3474 2396 postulavit
3509 2341 3539 2380 a
3567 2325 3672 2380 Ca-

2113 2411 2258 2466 saria
2308 2410 2608 2468 Palaestinae
2657 2415 2983 2470 mittendum
3037 2416 3105 2470 ad
3163 2415 3453 2483 Caesarem,
3505 2425 3558 2472 et
3606 2417 3674 2471 ita

2113 2504 2332 2559 demum
2369 2502 2573 2559 Neroni
2604 2506 2781 2561 astitit
2810 2516 2865 2562 et
2895 2511 3221 2579 martyrium
3254 2511 3504 2578 sumpsit.
3531 2507 3673 2564 Unde

2111 2593 2285 2650 Judzci
2339 2611 2464 2652 cum
2493 2597 2764 2652 vidissent
2810 2598 2960 2668 quod
2999 2599 3056 2654 in
3091 2599 3238 2658 hunc
3288 2600 3508 2656 insidias
3531 2602 3670 2655 occi-

2115 2686 2278 2743 dendi
2313 2687 2576 2758 perlicere
2628 2690 3029 2759 nequivissent,
3058 2691 3128 2746 ad
3157 2690 3408 2746 Iacobum
3446 2690 3662 2747 fratrem

2117 2781 2331 2836 Domini
2360 2781 2742 2851 perimendum
2773 2785 3028 2840 conversi
3057 2793 3205 2840 sunt.

2186 2871 2370 2927 Mundi
2404 2887 2550 2926 anno
2585 2873 2748 2936 5563,
2779 2874 2979 2931 divine
3009 2876 3404 2932 incarnationis
3427 2889 3569 2930 anno
3585 2875 3674 2938 65.

2114 2961 2262 3019 Nero
2297 2964 2551 3035 imperat,
2574 2967 2667 3036 qui
2693 2982 2860 3038 super
2887 2968 3075 3024 omnia
3109 2967 3410 3028 infortunia
3448 2985 3544 3026 sua
3573 2970 3677 3038 pri-

2037 3102 2085 3160 c
2122 3072 2265 3112 mam
2293 3066 2485 3112 contra
2511 3057 2860 3115 Christianos
2877 3063 3326 3131 persecutionem
3345 3060 3675 3125 monstravit,

2120 3165 2243 3204 cum
2285 3149 2539 3206 videlicet
2566 3150 2764 3208 Petrus
2794 3160 2850 3208 et
2880 3150 3087 3209 Paulus
3117 3153 3290 3208 divini
3331 3155 3560 3224 apostoli
3589 3167 3678 3224 pro

2115 3241 2336 3298 Christo
2368 3244 2614 3316 martyrii
2637 3253 2766 3300 sunt
2790 3260 2962 3316 agone
2992 3247 3267 3312 coronati,
3295 3263 3442 3304 unus
3473 3246 3674 3316 quidem

2116 3335 2373 3391 deorsum
2418 3338 2600 3409 capite
2626 3379 2640 3400 ,
2695 3349 2756 3394 ut
2810 3340 2930 3409 ipse
2973 3339 3079 3396 sibi
3131 3342 3326 3412 elegit,
3371 3355 3679 3411 suspensus.

2113 3429 2255 3484 alter
2287 3445 2418 3485 vero
2440 3433 2618 3500 capite
2645 3441 2840 3488 sancto
2872 3441 3186 3487 truncatus.
3216 3433 3293 3489 De
3327 3435 3530 3506 quibus
3562 3432 3680 3488 Ter-

2119 3523 2386 3578 tullianus
2411 3523 2694 3578 Romanus
2717 3525 2958 3595 scriptor
2981 3524 3095 3580 hac
3117 3527 3261 3582 inter
3287 3535 3476 3582 cetera
3502 3525 3678 3581 refert:

2116 3613 2215 3668 Hic
2267 3632 2388 3686 ergo
2425 3618 2763 3687 impugnator
2810 3617 2903 3670 Dei
2934 3619 2988 3670 in
3028 3618 3352 3685 primordiis
3385 3617 3679 3688 pradicet”

2115 3707 2171 3760 in
2211 3707 2578 3775 apostolorum
2611 3709 2903 3764 occisiones
2933 3711 3109 3764 elatus
3145 3719 3224 3764 est
3253 3727 3274 3764 :
3327 3729 3456 3765 nam
3501 3711 3680 3764 Paulus

2116 3797 2259 3866 apud
2294 3799 2472 3851 urbem
2502 3796 2724 3852 Romam
2757 3800 2930 3867 capite
2964 3807 3266 3866 truncatus,
3301 3799 3496 3854 Petrus
3529 3810 3682 3852 autem

2113 3890 2291 3945 eculeo
2334 3901 2411 3945 est
2458 3907 2766 3961 suspensus.
2807 3890 2984 3958 Quam
3039 3893 3334 3947 historiam
3387 3895 3681 3950 credibilem

2119 3981 2293 4035 reddit
2313 3979 2464 4036 Pauli
2485 3983 2742 4051 Petrique
2763 3983 3033 4046 narratio,
3051 3998 3172 4052 quzc
3191 3998 3375 4053 usque
3393 3987 3449 4038 in
3469 3997 3684 4055 praesens

2117 4072 2171 4128 in
2200 4073 2532 4128 cmmeteriis
2559 4072 2671 4128 illic
2693 4073 2886 4142 positis
2915 4072 3206 4126 retinetur.
3225 4072 3335 4130 llis
3352 4078 3519 4129 etiam
3533 4073 3686 4132 Caius

2118 4164 2437 4229 historicus,
2481 4163 2562 4216 vir
2604 4163 3040 4228 ecclesiasticus,
3081 4163 3291 4217 similia
3349 4165 3565 4225 scribit,
3602 4161 3684 4230 qui

2117 4272 2238 4310 cum
2287 4253 2595 4324 Zephyrino
2627 4256 2886 4325 cpisc0po
2925 4253 3172 4308 Romano
3209 4255 3490 4312 adversus
3513 4271 3688 4326 quem-

2119 4347 2241 4402 dam
2281 4347 2572 4402 Proculunt
2608 4345 3004 4418 Cataphrygem
3041 4345 3343 4416 disputans
3375 4347 3554 4404 dicit:
3590 4345 3682 4414 ligo

446 4449 570 4503 dius
623 4449 893 4515 imperat,
952 4441 1122 4512 Agabi
1164 4436 1453 4508 prophetia
1497 4437 1640 4492 fame
1691 4453 1786 4507 per
1826 4439 2014 4493 orbem
2049 4462 2095 4519 υ
2121 4450 2323 4507 ινοριεα
2350 4441 2714 4509 apostolorum
2745 4439 2932 4501 habeo,
2966 4455 3082 4508 qua:
3110 4439 3402 4494 ostendant
3437 4458 3455 4496 :
3495 4443 3538 4494 si
3568 4439 3686 4494 enim

446 4539 584 4593 facta
611 4537 938 4606 completur.
974 4529 1239 4587 Claudius
1274 4529 1422 4582 cives
1452 4524 1711 4581 Romana:
1738 4527 1892 4583 urbis
1923 4529 2017 4582 de-

447 4632 693 4685 scribens
725 4627 933 4682 iurenit
972 4627 1152 4680 sexies
1185 4623 1332 4677 mille
1365 4621 1532 4674 millia
1571 4619 1697 4674 9-H.

518 4721 704 4775 Mttmli
737 4735 882 4774 anno
908 4717 1070 4783 5546,
1103 4717 1303 4770 divime
1329 4713 1727 4768 incarnationis
1760 4726 1904 4765 anno
1927 4713 2017 4777 46,

453 4815 505 4866 in
541 4815 736 4867 diebus
783 4813 1112 4882 Azymorum
1165 4807 1509 4863 dissensione
1547 4805 1689 4860 facta
1723 4805 1778 4859 in
1825 4805 2022 4859 llieru.

452 4905 622 4959 salem
654 4905 964 4956 conculcati
995 4903 1138 4957 circa
1182 4912 1462 4969 portarum
1488 4898 1858 4955 exitusJudmi
1897 4914 2022 4969 per-

450 5002 563 5053 iere
621 4997 766 5050 circa
821 4993 892 5048 30
946 4995 1136 5048 millia.
1183 4992 1337 5047 Tunc
1386 5003 1438 5047 et
1485 4991 1627 5062 apud
1661 4991 2019 5046 Athenienses

450 5088 823 5161 suprascripta
851 5094 932 5139 est
974 5101 1092 5146 ara,
1122 5081 1308 5152 Ignoto
1340 5086 1454 5139 deo.

519 5177 722 5233 Justini
757 5173 1054 5245 philosophi
1085 5181 1132 5226 et
1172 5174 1446 5243 martyris,
1484 5175 1545 5226 de
1585 5190 1821 5227 sermons
1849 5175 2022 5245 primo

453 5273 522 5328 ad
583 5269 908 5326 Antoninum
946 5266 1316 5334 imperatorem
1363 5279 1457 5331 pro
1490 5265 1832 5320 Christianis.
1897 5265 2021 5320 Post

452 5365 832 5421 ascensionem
868 5357 1082 5413 Domini
1111 5358 1162 5409 in
1185 5357 1322 5411 caelo
1349 5367 1752 5427 proposuerunt
1777 5359 2025 5414 homines

453 5457 729 5510 daemones
762 5451 1031 5525 quosdam
1060 5449 1307 5505 dicentes
1349 5465 1408 5504 se
1437 5464 1560 5506 esse
1590 5451 1756 5517 deos;
1791 5451 1882 5520 qui
1917 5467 2023 5504 non

454 5549 630 5600 solum
671 5549 895 5601 minime
920 5545 1126 5615 repulsi
1161 5551 1289 5598 sunt
1316 5561 1343 5595 a
1381 5543 1554 5607 vobis,
1579 5544 1672 5597 sed
1707 5551 2026 5598 meruerunt

457 5640 709 5689 honores.
734 5635 1009 5690 Simonem
1033 5635 1323 5705 quemdam
1349 5638 1776 5697 Sau‘mritauuiu,
1800 5634 1894 5704 qui
1926 5633 2027 5688 fuit

452 5726 520 5786 de
555 5727 780 5782 castello
818 5726 965 5796 quod
1000 5725 1286 5782 dicebatur
1321 5726 1488 5791 Gitio,
1519 5729 1610 5797 qui
1656 5725 1758 5781 sub
1801 5725 2028 5782 Claudio

2121 4533 2348 4587 volueris
2379 4549 2588 4604 pergere
2612 4533 2698 4587 ria
2728 4533 2895 4601 regali
2921 4547 3037 4601 qua:
3062 4532 3132 4585 ad
3176 4531 3507 4588 Vaticanum
3538 4531 3682 4591 ducit,

2122 4635 2214 4678 aut
2246 4626 2313 4679 ad
2348 4629 2483 4682 viam
2514 4627 2870 4691 llastiensem,
2907 4626 3134 4679 inuenies
3167 4635 3376 4692 tropaa
3407 4641 3586 4680 eorum
3611 4620 3688 4692 qui

2121 4718 2257 4772 hanc
2295 4718 2634 4773 stabilierunt
2669 4716 2982 4772 Ecclesium.
3037 4716 3135 4770 llis
3169 4730 3427 4770 consana
3476 4725 3529 4771 et
3573 4715 3686 4767 Dio-

2123 4810 2314 4880 nysius
2343 4809 2664 4864 Corinthius
2705 4811 2916 4873 scribit,
2952 4807 3204 4862 indicans
3237 4809 3397 4877 quod
3433 4824 3530 4878 per
3565 4804 3686 4860 idem

2124 4909 2337 4970 tempus
2367 4901 2710 4972 martyrizati
2750 4901 2996 4967 luerunt,
3027 4901 3099 4955 ita
3129 4900 3327 4955 dicens
3359 4921 3373 4955 :
3410 4901 3515 4955 Sed
3543 4909 3589 4953 et
3613 4912 3686 4949 ιω

2122 4991 2366 5048 habentes
2399 4996 2801 5049 commotionem
2849 5012 2882 5048 a
2918 4994 3078 5049 Petro
3105 5004 3154 5048 et
3183 4993 3373 5050 Paulo
3413 4991 3686 5063 plantatio-

2124 5102 2240 5138 nem
2279 5084 2530 5142 Romanw
2554 5097 2601 5140 et
2629 5086 3025 5142 Corinthiorum
3045 5085 3301 5140 Ecclesia:
3322 5083 3684 5156 conjunzistis.

2131 5175 2337 5232 Etenim
2373 5179 2533 5232 simul
2585 5179 2918 5233 aduenientes
2966 5189 3015 5232 et
3068 5180 3124 5234 in
3169 5189 3363 5233 nostra
3407 5175 3686 5234 Corinthio—

2126 5287 2242 5324 rum
2309 5272 2531 5342 ecclesia
2593 5271 2884 5326 docuerunt
2926 5281 2975 5326 et
3031 5288 3124 5340 per
3169 5289 3384 5326 onem
3449 5271 3683 5327 Italiam.

2127 5375 2281 5434 atque
2321 5364 2374 5417 in
2429 5364 2526 5418 hac
2566 5365 2688 5416 urbe
2739 5365 2898 5418 simul
2950 5364 3194 5418 docentes
3241 5365 3408 5418 etiam
3455 5361 3684 5432 martyrio

2128 5472 2231 5510 uno
2282 5455 2564 5526 eodemque
2615 5463 2844 5525 tempore
2895 5457 3137 5510 coronati
3192 5466 3340 5510 sunt.
3391 5455 3686 5512 Secundum

2129 5549 2270 5604 idem
2310 5557 2524 5616 tempus
2571 5551 2675 5602 sub
2707 5547 2925 5604 Nerone
2974 5548 3249 5618 pollebant
3290 5545 3489 5600 Roma
3535 5553 3687 5615 poetae

2129 5638 2408 5700 Lucanus.
2445 5637 2696 5705 Ovidius,
2749 5639 2973 5709 satyrici
3021 5636 3302 5693 Juvenalis
3351 5645 3412 5694 et
3457 5636 3681 5690 Persius.

2133 5727 2448 5798 Senecaque
2503 5730 2769 5800 tragicus,
2823 5728 3108 5787 Musonius
3158 5739 3320 5801 atque
3371 5725 3685 5785 Plutarchus
