3950 6234
364 346 494 411 1197

1207 350 1576 410 HISTORIA
1618 349 2194 412 ECCLESIASTICA
2229 347 2326 408 EX
2365 348 2758 409 SY'NCELLO.

3478 348 3612 413 1193

357 460 690 530 philosophi.
757 459 1128 516 Romanorum
1197 462 1456 517 Ecclesia:
1526 473 1650 532 post
1716 463 1938 518 Petrum“
1979 458 2214 520 lNerva
2291 460 2373 514 vir
2436 460 2582 516 mitis
2655 459 2936 532 sapienter
3005 461 3293 533 imperium
3364 463 3617 519 modera-

357 569 633 608 summum
669 551 840 606 Linus
880 554 1096 607 exstitit
1134 556 1357 624 pftBSlli.

433 643 614 698 Mundi
644 659 787 698 anno
824 643 984 711 5565,
1015 645 1209 700 divina:
1241 646 1640 703 incarnationis
1671 662 1818 702 anno
1851 647 1939 713 63,

360 735 572 793 Nerone
604 737 839 808 turpiter
871 740 980 790 vita
1009 739 1216 802 soluto,
1267 741 1530 810 septimus
1557 737 1941 809 Vespasianus

359 847 386 884 a
439 831 707 884 militibus
753 829 896 899 apud
950 830 1190 884 Judaeam
1225 832 1527 901 imperator
1566 831 1940 886 Romanorum

359 923 665 992 appellatus
713 932 820 976 est.
882 923 1038 992 Apud
1084 922 1295 978 italiam
1333 939 1464 978 vero
1496 923 1668 978 Galba
1708 923 1942 979 Hiberiae

359 1025 560 1086 praeter
589 1016 811 1069 veniens
843 1013 1070 1069 Romam
1107 1016 1339 1086 imperat
1373 1015 1654 1072 mensibus
1689 1024 1941 1086 septem;

357 1123 519 1176 quem
557 1109 696 1161 Otho
725 1123 870 1161 unus
903 1124 965 1160 ex
1001 1108 1312 1162 senioribus
1341 1107 1678 1163 interficiens
1711 1107 1944 1179 imperat

356 1196 546 1252 Romae
575 1198 859 1252 mensibus
889 1197 1065 1252 tribus
1091 1215 1106 1265 ;
1133 1215 1243 1268 quo
1276 1197 1527 1253 Vitellius
1551 1199 1738 1254 occiso
1771 1200 1941 1268 impe-

358 1299 446 1345 rat
487 1289 777 1344 mensibus
810 1300 956 1344 octo.
989 1288 1089 1344 ilic
1137 1289 1401 1344 Sabinum
1455 1290 1679 1346 fratrem
1733 1290 1943 1361 Vespa-

358 1381 499 1437 siani
554 1382 752 1436 timore
798 1383 853 1435 iu
900 1381 1235 1453 Capitolium
1280 1381 1578 1453 fugientem
1636 1385 1689 1438 in
1741 1384 1943 1454 templo

355 1473 510 1529 lovis
545 1474 781 1544 peremit
811 1485 862 1528 et
899 1476 1162 1542 templum
1202 1475 1496 1530 subvertit.
1529 1475 1732 1530 Verum
1767 1476 1885 1546 ipse
1912 1491 1942 1530 a

359 1565 671 1619 Domitiano
707 1564 928 1632 juniore
969 1563 1297 1635 Vespasiani
1335 1567 1446 1621 filio
1477 1567 1733 1638 protinus
1766 1567 1938 1622 inter-

359 1660 534 1712 fectus
556 1666 662 1713 est.
689 1657 815 1712 Tito
840 1674 1079 1728 namque
1106 1659 1325 1714 Seniore
1348 1658 1460 1714 ﬁlio
1493 1665 1560 1712 ad
1586 1658 1941 1714 debellandos

356 1751 576 1808 Iudaeos
630 1751 920 1817 derelicto,
972 1751 1346 1822 Vespasianus
1388 1753 1443 1806 in
1498 1752 1761 1808 Graeciam
1793 1752 1940 1807 venit

2047 561 2154 604 tur.

2116 639 2299 695 Mundi
2328 657 2472 698 anno
2506 642 2662 709 5590,
2693 643 2892 698 divinae
2918 644 3314 699 incarnationis
3351 645 3442 712 90,
3477 646 3618 701 Tra-

2039 733 2204 802 janus
2234 736 2483 804 imperat.
2515 734 2706 792 Justus
2745 737 3082 794 Tiberiensis
3109 736 3331 794 Judaeus
3376 740 3621 794 conscri-

2045 833 2168 895 ptor
2197 827 2537 895 agnoscitur.
2571 826 2946 884 Tertullianus
2978 829 3238 886 historice
3291 841 3475 886 narrat
3506 831 3620 888 Pli-

2046 918 2192 971 nium
2226 917 2538 973 Secundum
2569 920 2932 989 quarumdam
2973 923 3381 991 provinciarum
3433 937 3622 992 gerere

2043 1009 2414 1078 prtesidatum,
2461 1019 2514 1065 et
2541 1020 2718 1066 morte
2755 1012 3020 1082 plurimos
3060 1013 3198 1068 allici
3250 1012 3620 1080 Christianos,

2043 1114 2210 1168 super
2231 1100 2432 1170 quibus
2462 1103 2722 1161 haesitans
2761 1103 2893 1176 quid
2917 1113 3064 1160 esset
3099 1105 3392 1176 agendum,
3431 1105 3623 1176 Traja-

2045 1207 2115 1245 no
2154 1194 2400 1263 suggerit
2429 1195 2504 1248 nil
2523 1210 2618 1250 eos
2643 1205 2817 1252 morte
2846 1214 3036 1268 gerere
3059 1197 3311 1272 e‘iguum,
3347 1199 3453 1255 nisi
3475 1199 3620 1270 quod

2043 1281 2204 1337 idolis
2238 1299 2344 1339 non
2364 1286 2716 1342 immolarent
2745 1289 3088 1346 etChristum
3113 1289 3278 1346 veluti
3296 1288 3467 1348 Deum
3495 1297 3625 1348 ante

2045 1374 2222 1428 lucem
2265 1388 2556 1446 surgentes
2597 1382 2906 1447 laudarent,
2953 1398 2982 1436 a
3021 1385 3179 1440 malis
3220 1387 3476 1442 omnibus
3529 1390 3623 1444 ab-

2044 1467 2334 1524 stinentes.
2378 1470 2458 1523 Ad
2491 1487 2654 1541 quem
2691 1471 2963 1542 Trajanus
2990 1475 3242 1530 rescribit
3272 1474 3622 1534 Christianos

2048 1561 2370 1618 nullatenus
2410 1566 2792 1634 inquirendos.

2113 1649 2299 1706 Mundi
2339 1669 2483 1711 anno
2515 1658 2677 1724 5596,
2707 1659 2906 1714 divina:
2937 1660 3333 1720 incarnationis
3363 1679 3507 1719 anno
3529 1664 3618 1730 96,

2040 1741 2301 1799 Joannem
2345 1747 2658 1820 deiloquum
2692 1759 2744 1806 et
2795 1754 3103 1823 apostolum
3144 1755 3382 1811 lremeus
3423 1765 3477 1812 et
3528 1758 3621 1811 alii

357 1847 625 1918 gaudens,
657 1851 714 1898 ut
754 1843 929 1898 Graeci
966 1845 1228 1910 fatentur,
1267 1846 1320 1899 in
1355 1845 1444 1899 his
1474 1861 1595 1915 quae
1625 1844 1881 1902 audiebat
1909 1858 1938 1897 a
1971 1829 2010 1882 Β
2040 1838 2290 1892 scribunt
2311 1845 2662 1908 superstitem
2687 1860 2861 1915 usque
2886 1845 2952 1900 ad
2980 1853 3223 1916 tempora
3254 1847 3624 1917 permansisse

358 1921 630 2004 Tyanensi
662 1932 955 2002 Apollonio
982 1933 1048 1986 de
1077 1940 1326 2004 tempore
1369 1933 1587 2004 imperii
1627 1949 1692 1988 ac
1723 1934 1940 1988 caeteris

359 2025 520 2080 bonis
572 2024 842 2088 fortioris,
871 2025 1104 2092 loquens
1142 2039 1268 2080 cum
1318 2041 1385 2080 eo
1430 2028 1572 2096 apud
1615 2025 1936 2098 IEgyptum,

359 2105 428 2171 ab
478 2115 629 2171 ludis
691 2123 747 2171 et
801 2115 1161 2171 Brachmanis
1203 2130 1267 2172 ac
1320 2117 1784 2188 gymnosophistis
1830 2117 1940 2171 illic

358 2207 682 2278 degentibus
719 2206 1008 2261 redeunte.
1045 2207 1179 2262 Cum
1220 2223 1353 2278 ergo
1400 2207 1643 2262 venisset
1674 2208 1728 2262 in
1763 2207 1942 2263 Hella~

358 2299 504 2359 dem.
530 2299 675 2367 cepit
706 2298 928 2369 refugas
959 2299 1229 2353 civitates.
1269 2298 1513 2368 Denique
1549 2298 1776 2354 Romam
1810 2315 1940 2365 pro-

361 2391 540 2448 fectus
567 2390 856 2460 imperavit
896 2397 1116 2455 ornate,
1148 2389 1352 2446 Neroni
1405 2391 1692 2456 resistens,
1718 2399 1775 2446 et
1808 2390 1940 2445 sub-

361 2488 597 2542 stantias
627 2501 694 2542 ac
715 2485 841 2554 jura
873 2500 1144 2541 revocans
1175 2483 1354 2539 urbis.

427 2579 612 2634 Mundi
642 2595 787 2633 anno
825 2577 988 2644 5560,
1011 2577 1211 2631 divinae
1248 2576 1646 2631 incarnationis
1677 2590 1823 2630 anno
1847 2575 1935 2641 66,

359 2667 668 2723 Antiochia:
691 2668 937 2736 lgnatius
962 2665 1263 2736 episcopus
1287 2665 1461 2720 deil‘er
1491 2664 1745 2720 habetur.
1770 2665 1940 2733 Igitur

364 2762 576 2832 primus
607 2759 1034 2829 alienigenarum
1066 2773 1160 2812 rex
1186 2755 1501 2811 Iudaeorum
1533 2755 1782 2811 Herodes
1813 2755 1936 2820 fuit,

356 2853 452 2924 qui
492 2867 694 2922 pueros
755 2849 1054 2911 interfecit,
1097 2849 1258 2905 annis
1295 2849 1402 2916 57;
1452 2847 1756 2903 Archelaus
1794 2848 1939 2903 filius

357 2944 478 3015 ejus
503 2944 666 2998 annis
688 2942 722 2997 9
742 2958 755 3002 ;
783 2941 1030 2995 Herodes
1054 2940 1223 2995 frater
1237 2940 1358 3008 ejus
1381 2940 1540 2993 annis
1556 2939 1657 3006 εκ
1678 2939 1936 3009 Agrippa,

357 3037 451 3106 qui
482 3045 536 3090 et
566 3032 833 3098 Herodes,
877 3033 1024 3087 filius
1074 3031 1328 3094 Herodis,
1359 3033 1452 3100 qui
1486 3046 1611 3085 esca
1659 3033 1938 3086 vermibus

359 3141 444 3184 est
472 3126 672 3192 factus,
707 3127 870 3179 annis
897 3125 963 3190 7;
1004 3124 1243 3194 Agrippa
1277 3123 1422 3179 filius
1452 3123 1598 3190 ejus,
1630 3123 1724 3192 qui
1761 3125 1940 3177 minor

355 3221 668 3281 dicebatur,
695 3218 855 3272 annis
879 3217 950 3271 25
974 3235 989 3284 ;
1019 3217 1086 3270 ad
1113 3233 1274 3287 quem
1310 3231 1486 3286 usque
1516 3216 1585 3269 ab
1610 3215 1939 3286 alienigenis

356 3313 637 3368 detentum
672 3325 899 3380 regnum
929 3309 1245 3365 .ludaeorum
1276 3308 1598 3380 perduravit
1629 3323 1803 3364 annos
1834 3307 1939 3363 100

357 3420 389 3458 a
415 3405 594 3475 primo
621 3402 860 3457 Herode.

427 3495 614 3550 Mundi
641 3509 786 3549 anno
816 3493 979 3554 5575,
1023 3490 1220 3545 divinae
1255 3491 1652 3547 incarnationis
1678 3506 1822 3547 anno
1845 3491 1936 3557 75,

358 3585 630 3644 Vesuvius
670 3599 828 3639 tuons
878 3585 982 3638 sub
1025 3581 1150 3636 Tito
1198 3580 1520 3653 Vespasiani
1581 3583 1694 3638 filio
1727 3584 1783 3638 in
1811 3599 1939 3636 ver-

353 3682 464 3735 tiee
509 3679 718 3735 scissus
765 3677 944 3746 ignem
997 3673 1198 3736 emisit,
1236 3674 1373 3729 adeo
1429 3682 1489 3728 ut
1557 3675 1940 3730 incenderetur

356 3770 622 3839 adjacens
651 3766 802 3836 regio
827 3780 951 3820 cum
985 3763 1325 3818 civitatibus.
1384 3762 1729 3818 Domitianus
1767 3778 1940 3817 eunu-

355 3860 561 3915 chisari
609 3859 757 3911 viros
793 3855 989 3926 jussit,
1018 3861 1074 3908 et
1117 3870 1343 3910 uxorem
1388 3856 1698 3924 nuncupari
1750 3861 1938 3924 Augu-

359 3961 540 4008 stam:
567 3952 658 4020 qui
707 3958 828 4018 post
871 3947 1140 4003 Neronem
1171 3947 1452 4004 secundus
1501 3949 1936 4017 persecutionem

360 4045 549 4098 intulit
577 4042 930 4107 Christianis;
960 4057 1196 4111 quorum
1233 4041 1392 4094 multi
1455 4041 1721 4111 martyrio
1779 4055 1940 4095 cor")-

361 4138 477 4194 nati
513 4147 664 4198 sunt,
697 4146 757 4191 ut
791 4137 1007 4193 Bretius
1034 4137 1226 4192 scribit
1253 4153 1269 4203 ;
1335 4136 1476 4190 inter
1509 4149 1648 4205 quos
1678 4145 1730 4190 et
1755 4135 1940 4189 Flavia

361 4231 666 4295 Domicilla,
701 4230 1028 4286 consobrina
1061 4228 1362 4284 Clementis
1398 4226 1570 4282 Flavii
1599 4227 1938 4290 consularis,

362 4336 423 4379 ut
450 4324 762 4380 Christiana
797 4323 1037 4394 fugetur,
1065 4324 1288 4392 ipseque
1307 4321 1563 4376 Clemens
1592 4338 1690 4392 pro
1719 4321 1941 4375 Christo

363 4417 666 4487 perimitur.
736 4414 910 4484 Hujus
975 4423 1156 4468 autem
1217 4412 1532 4482 Stephanus
1592 4412 1818 4482 quidam
1872 4427 1940 4466 ex

2043 1928 2288 1998 Trajani,
2327 1946 2453 1986 cum
2481 1934 2683 2004 quibus
2722 1935 2923 2006 Papias
2971 1934 3416 2007 Hieropolitanus
3436 1947 3489 1994 et
3516 1937 3618 1993 Po-

2045 2024 2301 2096 lycarpus
2346 2026 2596 2097 Smyrna:
2627 2025 2922 2098 episcopus
2948 2029 3232 2085 auditores
3281 2030 3401 2102 ejus
3448 2029 3621 2089 fuisse

2043 2128 2374 2172 noscuntur.

2114 2207 2300 2263 Mundi
2358 2224 2502 2264 anno
2561 2207 2723 2273 5600,
2777 2209 2978 2264 divinae
3030 2210 3428 2269 incarnationis
3473 2230 3620 2270 anno

2043 2301 2370 2366 centesimo,
2399 2299 2676 2371 Trajanus
2711 2299 2874 2371 Lysio
2901 2302 3105 2367 Quinto
3135 2301 3355 2359 Iudaeos
3383 2319 3414 2358 a
3441 2304 3612 2360 Meso-

2053 2393 2297 2456 potamia
2325 2393 2626 2448 seditiones
2651 2393 2917 2448 facientes
2944 2394 3112 2462 jussit
3143 2395 3370 2452 auferri.
3427 2398 3498 2450 At
3528 2397 3621 2453 ille

2041 2484 2291 2555 pluribus
2302 2484 2329 2538 1
2337 2485 2614 2540 udaeorum
2639 2486 2880 2541 millibus
2899 2487 3186 2544 trucidatis
3205 2504 3407 2560 praeses
3423 2487 3623 2546 ludam

2042 2586 2327 2647 propterea
2356 2577 2733 2633 constituitur.

2113 2669 2298 2725 Mundi
2332 2685 2477 2725 anno
2494 2669 2870 2736 5609,divinre
2900 2672 3298 2729 incarnationis
3329 2687 3473 2728 anno
3491 2673 3619 2739 109,

2042 2759 2223 2816 Elius
2246 2761 2520 2815 Adrianus
2555 2760 2854 2830 imperans,
2910 2761 3193 2828 Quadrato
3243 2762 3620 2834 apostolorum

2041 2851 2280 2907 auditori
2309 2861 2364 2906 et
2386 2851 2610 2906 Aristidi
2646 2853 2970 2908 Atheniensi
2996 2855 3320 2924 philosopho
3343 2870 3441 2924 pro
3463 2854 3622 2911 Chri-

2042 2945 2236 3000 stianis
2276 2943 2382 2998 sibi
2419 2943 2818 3008 scribentibus,
2857 2960 3072 3000 necnon
3102 2953 3156 3000 et
3199 2944 3469 3000 Sereunio
3503 2947 3620 3000 ela-

2043 3035 2265 3089 rissimo
2295 3034 2420 3089 duci
2467 3034 2730 3090 scribenti
2778 3035 3044 3104 injustum
3106 3035 3222 3090 fore
3254 3037 3374 3091 sine
3411 3035 3623 3108 judicio

2041 3124 2394 3180 Christianos
2427 3124 2630 3186 occidi,
2669 3126 2865 3180 scribit
2922 3125 3154 3183 Minutio
3207 3125 3436 3183 Funano
3490 3144 3622 3200 pro—

2047 3216 2259 3273 consuli
2291 3216 2434 3273 Asia:
2487 3217 2766 3271 neminem
2814 3217 3178 3274 occidendum
3213 3233 3324 3274 non
3371 3229 3622 3276 exstante

2046 3317 2370 3363 accusatore
2404 3315 2458 3362 et
2493 3307 2744 3365 crimine.

2118 3396 2305 3452 Mundi
2363 3412 2510 3452 anno
2541 3397 2706 3463 5621,
2766 3397 2966 3454 divinae
3015 3399 3418 3456 incarnationis
3475 3413 3624 3456 anno

2047 3490 2171 3556 121,
2205 3489 2513 3545 Hadrianus
2535 3491 2674 3562 apud
2726 3490 2966 3547 Athenas
2999 3502 3266 3558 moratur,
3294 3491 3404 3548 illic
3427 3492 3624 3548 biblio-

2047 3583 2236 3639 thecas
2266 3585 2578 3639 constituit.
2635 3582 2838 3640 Iudaeis
2881 3601 3012 3640 vero
3045 3588 3282 3656 pessima
3317 3594 3466 3642 sorte
3517 3601 3623 3658 pu-

2047 3674 2178 3728 nitis
2209 3675 2407 3728 bellum
2447 3675 2592 3746 quod
2623 3675 2890 3730 adversus
2935 3677 3061 3731 illos
3109 3677 3421 3747 agitabatur
3460 3677 3622 3732 tinem

2046 3766 2257 3830 habuit,
2285 3765 2501 3821 excidio
2535 3765 2928 3839 Hierosolymis
2985 3768 3288 3823 novissime
3338 3769 3622 3832 desolatis.

2049 3858 2121 3912 ita
2153 3866 2213 3912 ut
2248 3873 2345 3913 nec
2402 3858 2544 3930 lapis
2613 3873 2782 3929 super
2839 3859 3096 3930 lapidem,
3155 3859 3456 3914 secundum
3482 3859 3623 3916 divi-

2047 3965 2175 4004 nam
2204 3965 2412 4016 vocem,
2448 3949 2518 4004 sit
2565 3949 2620 4002 in
2663 3964 2725 4002 ea
2759 3950 3006 4004 relictus.
3063 3949 3164 4004 Per
3213 3950 3356 4003 idem
3407 3957 3620 4021 tempus

2049 4041 2392 4096 Phavorinus
2429 4051 2482 4096 et
2527 4040 2762 4095 Palaemo
2791 4041 3037 4096 rhetores
3100 4042 3364 4110 insignes,
3404 4057 3619 4098 necnon

2047 4141 2102 4188 et
2133 4131 2378 4188 Herodes
2412 4131 2763 4186 Atheniensis
2793 4141 2847 4187 et
2892 4131 3106 4187 Marcus
3165 4131 3460 4202 Byzantius
3494 4131 3621 4188 rhe-

2049 4233 2196 4278 tores
2223 4222 2583 4278 habebantur.
2644 4218 2816 4276 Porro
2874 4231 2994 4290 post
3054 4221 3254 4292 Joseph
3301 4219 3619 4293 Hierosoly-

2048 4330 2261 4370 morum
2291 4313 2460 4370 Judas
2484 4314 2769 4368 ordinatur
2804 4315 3120 4384 cpiscopus,
3147 4311 3215 4366 ad
3245 4313 3401 4382 cujus
3421 4329 3622 4366 secun-

2049 4406 2177 4460 dum
2215 4420 2420 4460 annum
2456 4404 2826 4475 perduravere
2855 4419 2885 4459 e
2934 4403 3359 4458 circumcisione
3379 4402 3623 4472 episc0pi

365 4505 603 4572 libertis,
639 4506 788 4560 circa
848 4503 1182 4560 Clementem
1225 4504 1506 4559 dominum
1538 4519 1696 4557 suum
1737 4505 1940 4560 amoris
1972 4531 2018 4586 ι)
2050 4499 2137 4555 l5.
2176 4500 2291 4555 Sub
2319 4513 2428 4570 quo
2469 4497 2718 4555 videlicet
2752 4496 3051 4568 perfectum
3083 4505 3139 4552 et
3180 4507 3482 4551 extremum
3536 4493 3620 4549 fa-

362 4593 559 4651 aﬂectu
619 4595 894 4661 detentus,
949 4593 1169 4650 insidiis
1237 4593 1605 4648 Domitianum
1651 4596 1879 4664 peremit
1924 4610 1940 4659 ;

365 4690 508 4743 unde
535 4689 741 4743 honore
770 4704 800 4742 a
837 4695 1029 4742 senatu
1054 4688 1252 4757 dignus
1279 4687 1504 4742 effectus
1525 4697 1630 4753 est,
1655 4704 1718 4743 eo
1741 4688 1881 4758 quod
1910 4703 1942 4742 a

365 4782 602 4838 stissimo
621 4784 766 4835 malo
796 4779 1076 4835 Romanos
1105 4780 1340 4834 eruerit.
1744 4791 1754 4800 '

432 4871 618 4927 Mundi
651 4887 797 4927 anno
827 4871 988 4934 5578,
1013 4872 1212 4924 divinae
1240 4870 1639 4925 incarnationis
1674 4885 1820 4923 anno
1851 4869 1940 4932 78.

361 4972 592 5035 quartus
627 4973 750 5032 post
795 4977 1070 5019 summum
1119 4963 1337 5016 Petrum
1371 4960 1557 5016 Rontae
1606 4969 1799 5029 praeest
1836 4961 1942 5016 Ec-

360 5053 544 5110 clesiae
562 5053 840 5119 Clemens,
875 5052 1039 5122 cujus
1071 5060 1125 5106 et
1149 5051 1443 5122 Apostolus
1495 5050 1549 5106 in
1589 5050 1832 5120 Epistola
1873 5051 1940 5104 ad

362 5145 744 5218 l’hilippenses
793 5145 1034 5204 secunda
1078 5146 1328 5200 meminit
1365 5144 1598 5199 dicens:
1635 5142 1768 5197 Cum
1821 5141 1944 5196 Cle-

363 5250 535 5297 mente
565 5252 617 5296 et
661 5241 867 5295 ceteris
917 5238 1341 5305 caoperatoribus
1403 5237 1553 5300 meis,
1583 5251 1805 5307 quorum
1848 5252 1940 5288 no-

363 5334 509 5388 mine
529 5342 652 5388 sunt
683 5334 738 5386 in
763 5332 902 5386 libro
931 5331 1069 5384 vita.
1126 5329 1299 5396 Hujus
1340 5329 1578 5398 Epistola
1643 5329 1817 5381 fertur
1871 5327 1937 5381 ad

360 5423 683 5480 Corinthios
722 5424 913 5483 missa,
947 5434 1110 5488 quam
1141 5427 1254 5473 tota
1285 5419 1501 5488 recipit,
1536 5426 1592 5470 ut
1638 5416 1939 5488 Egesippus

363 5510 632 5573 testatur,
692 5512 960 5570 Ecclesia.
1007 5509 1191 5563 Beluae
1245 5523 1464 5579 quoque
1524 5509 1627 5563 sub
1687 5508 1938 5562 Evaristo

362 5617 500 5672 papa
525 5603 794 5666 divinitus
825 5603 980 5671 signa
1031 5599 1222 5662 multa,
1260 5610 1316 5655 et
1372 5615 1468 5669 per
1519 5608 1693 5654 totum
1726 5600 1933 5664 orbem,

361 5694 553 5749 effecta
589 5701 738 5750 sunt.

435 5785 621 5841 Mundi
693 5801 838 5840 anno
887 5784 1066 5848 E589,
1119 5781 1316 5837 divina:
1379 5781 1775 5836 incarnationis
1845 5781 1936 5845 39,

2047 4601 2192 4646 ctum
2213 4598 2298 4647 est
2319 4591 2558 4646 civitatis
2586 4598 2640 4644 et
2686 4589 2929 4644 nationis
2967 4586 3282 4644 Iudaeorum
3321 4587 3616 4642 excidium.

2047 4686 2188 4758 Ergo
2223 4686 2434 4756 primus
2457 4701 2523 4738 ex
2553 4683 2806 4755 gentibus
2839 4681 3054 4738 Marcus
3085 4680 3188 4734 fuit
3210 4679 3621 4752 Hierosolymo-

2047 4795 2165 4832 rum
2201 4779 2497 4848 episcopus
2529 4775 2687 4828 anuis
2717 4774 2771 4828 8.

2118 4867 2303 4923 Mundi
2333 4882 2478 4921 anno
2507 4865 2665 4931 5650,
2686 4862 3297 4920 divinmiucarnationis
3318 4879 3463 4918 anno
3492 4863 3620 4928 130,

2047 4958 2112 5012 Τ.
2153 4957 2467 5011 Antoninus
2494 4965 2860 5020 cognomento
2895 4951 3028 5008 Pius
3052 4969 3178 5008 cum
3214 4953 3338 5010 filiis
3363 4955 3616 5025 imperat.

2041 5049 2294 5104 Justinus
2324 5045 2681 5118 philosophus
2711 5059 2810 5116 pro
2842 5043 2975 5099 recti
3004 5043 3276 5101 sermonis
3322 5046 3494 5102 nostri
3530 5060 3620 5097 ra-

2044 5142 2192 5195 tione
2226 5141 2424 5194 librum
2453 5137 2853 5208 apologeticum
2887 5138 3166 5192 Antonino
3218 5139 3480 5209 porrexit.
3513 5137 3618 5189 Per

2044 5244 2290 5305 tempora
2317 5247 2448 5286 sane
2485 5229 2681 5302 Hygini
2709 5238 2761 5284 et
2794 5228 2873 5284 Pii
2912 5229 3289 5284 Romanorum
3329 5230 3618 5299 episcopo-

2044 5342 2162 5380 rum
2189 5338 2362 5393 usque
2394 5320 2461 5376 ad
2489 5323 2772 5375 Anicetum
2798 5320 3123 5376 Valentinus
3153 5329 3209 5376 et
3230 5318 3405 5376 Cerdo
3424 5329 3618 5374 aucto-

2044 5436 2132 5476 res
2165 5417 2457 5474 Marcionis
2492 5416 2764 5471 haereseos
2794 5415 2938 5485 apud
2961 5415 3148 5469 urbem
3179 5411 3405 5469 Romam
3445 5411 3616 5468 fuisse

2044 5519 2368 5566 noscuntur.
2440 5508 2709 5563 Arrianus
2765 5504 3123 5576 philosophus
3178 5501 3617 5559 Nicomediensis

2043 5612 2245 5675 praetor
2308 5601 2652 5671 agnoscitur,
2717 5611 2931 5652 necnon
2966 5607 3019 5653 et
3076 5595 3344 5650 Maximus
3392 5595 3613 5668 Tyrius,

2040 5693 2366 5762 Apollonius
2399 5691 2646 5754 Stoicus,
2702 5687 3134 5751 Chalcedonius,
3176 5687 3444 5743 Basilides
3481 5687 3616 5757 Scy-

2042 5782 2438 5852 tlmpolitanus.
2489 5777 2582 5834 Isti
2616 5779 2778 5834 etiam
2813 5777 3056 5848 magistri
3079 5776 3359 5842 Verissimi
3385 5773 3620 5832 Caesaris
