3906 6226
373 296 509 361 1139

1462 284 1861 348 ANASTASII
1902 281 2522 346 BIBLIOTHECARII

3487 282 3606 347 12ορ

370 411 724 465 exstiterunt.
780 404 1004 461 Criscus
1034 401 1263 474 cynicus
1306 401 1669 474 philosophus
1722 398 1942 454 Justino
1968 400 2021 461 Α
2048 397 2326 456 Macrinus
2349 397 2493 455 filius
2518 396 2816 454 Caracalla
2838 402 2995 467 patre
3039 394 3224 452 occiso
3253 396 3420 452 sumit
3449 396 3604 468 impe-

370 503 560 556 divino
606 497 933 571 philosopho
983 503 1174 550 nostro
1212 493 1476 566 imartyrii
1521 502 1752 548 mortem
1811 506 1946 547 con-

372 595 593 657 struxit,
629 591 954 660 redargntus
985 588 1053 642 ab
1086 602 1153 642 eo
1179 586 1361 641 canini
1399 587 1653 641 latratus.

441 684 624 739 Mundi
655 696 800 736 anno
831 680 993 745 5640,
1019 680 1217 735 divina
1237 679 1632 735 incarnationis
1656 694 1801 732 anno
1818 677 1943 743 ut),

373 772 511 831 Pius
536 773 817 829 Romanus
848 772 1153 828 habebatur
1183 772 1493 842 episcopus,
1524 772 1627 827 sub
1649 787 1759 842 quo
1783 770 1948 842 Poly-

374 882 573 939 carpus
605 866 790 922 Roma
812 866 1013 920 multos
1048 864 1269 919 reduxit
1298 864 1367 917 ab
1401 863 1617 916 haresi.

442 960 627 1015 Mundi
677 974 821 1014 anno
852 958 1032 1023 ‘5655,
1088 957 1289 1011 divina
1328 954 1753 1010 incarnationis
1803 971 1950 1012 anno

374 1050 497 1119 155,
561 1049 1191 1122 Polycarpus‘Smyrna
1238 1062 1407 1103 'saccr
1475 1047 1773 1117 episcopus
1848 1061 1950 1118 pro

373 1146 593 1201 Christo
633 1143 898 1216 martyrio
951 1139 1319 1205 consumitur,
1351 1156 1474 1194 cum
1517 1140 1847 1209 imperarent
1878 1138 1948 1193 M.

374 1236 628 1291 Aurelius
657 1234 986 1299 Antoninus,
1018 1234 1111 1303 qui
1139 1230 1410 1294 etVerus,
1446 1230 1761 1300 Luciusque
1783 1229 1953 1285 Aure-

377 1329 484 1384 lius
515 1330 571 1382 et
593 1325 952 1382 Commodus.
982 1322 1150 1378 'Multi
1186 1338 1405 1394 quoque
1452 1323 1595 1394 apud
1633 1322 1838 1378 Gallias
1873 1324 1951 1377 le-

376 1423 563 1493 gitime
595 1435 691 1491 pro
721 1418 943 1474 Christo
974 1426 1346 1482 certaverunt,
1412 1427 1645 1485 quorum
1671 1416 1952 1486 passiones

378 1513 597 1582 scripta
632 1520 766 1566 sunt
811 1510 865 1563 in
905 1506 1169 1563 memoria
1205 1514 1572 1576 posterorum.
1623 1504 1805 1560 Melite
1831 1504 1955 1560 Sar-

378 1604 722 1661 dianensium
768 1601 952 1674 Lydia
974 1600 1273 1670 episcopus
1317 1599 1573 1668 pollebat,
1608 1597 1701 1668 qui
1753 1598 1951 1653 librum

380 1698 777 1770 apelogeticunt
835 1710 933 1766 pro
980 1693 1307 1749 Christianis
1361 1694 1639 1747 Antonino
1689 1693 1950 1763 porrexit.

2054 501 2219 540 rium.

2119 577 2299 632 Mundi
2332 593 2478 633 anno
2500 578 2659 645 5710,
2689 577 2888 633 divina
2914 577 3310 633 incarnationis
3339 580 3608 645 annoilﬂ,

2051 670 2309 725 Callistus
2331 671 2622 742 episcopus
2657 670 2917 725 Romana
2932 684 3138 742 .praest
3160 670 3438 735 Ecclesia,
3462 672 3615 727 Anto-

2053 765 2218 820 ninus
2253 763 2510 820 Aurelius
2533 765 2784 836 imperat.

2120 854 2645 921 MundiannoSﬂS,
2673 857 2872 913 divinae
2901 857 3303 912 incarnationis
3335 872 3483 913 anno
3503 858 3615 919 2t5.

2053 944 2310 1004 Urbanus
2368 950 2663 1022 episcopus
2711 949 3017 1006 Romanum
3085 950 3225 1021 gerit
3268 949 3619 1019 pontificium,

2054 1038 2367 1095 Alexander
2445 1040 2681 1096 Mamaea
2749 1042 2894 1097 ﬂlius
2970 1042 3219 1111 imperat.
3307 1039 3618 1111 Hippolytus

2056 1129 2355 1195 Romanus,
2400 1130 2695 1201 episcopus
2738 1130 3149 1187 sacratissimus
3205 1131 3441 1197 Portus,
3485 1133 3626 1189 valde

2055 1218 2255 1276 decore
2277 1221 2462 1277 ﬂoruit
2496 1223 2922 1294 inphiIOSOphia
2949 1239 3073 1294 qua
3116 1224 3434 1278 secundum
3484 1224 3625 1278 Chri-

2055 1327 2201 1371 stum
2239 1324 2346 1383 est,
2417 1317 2701 1388 multaque
2732 1319 2931 1373 anima
2984 1316 3288 1389 profutura
3324 1318 3625 1387 composuit

2056 1420 2430 1480 monumenta,
2457 1421 2567 1468 tam
2595 1414 2806 1470 scilicet
2839 1415 2895 1469 in
2928 1415 3230 1470 Exameron
3262 1423 3319 1469 et
3342 1415 3403 1469 in
3433 1429 3494 1469 ea
3521 1430 3625 1485 qua

2057 1511 2178 1572 post
2200 1502 2509 1560 Exameron
2535 1517 2684 1571 sunt,
2723 1505 2780 1561 in
2820 1506 2988 1561 multa
3022 1507 3186 1560 etiam
3238 1506 3624 1577 prophetarum

2058 1608 2113 1651 et
2137 1597 2373 1653 maxime
2398 1598 2705 1655 Ezechielis
2734 1607 2789 1654 et
2824 1598 3101 1666 Danielis;
3126 1599 3260 1670 quin
3285 1606 3344 1654 et
3375 1600 3431 1653 in
3454 1599 3619 1654 Cauti‘

2061 1705 2123 1745 ca
2157 1690 2505 1745 canticorum
2521 1700 2578 1747 et
2604 1692 2659 1747 in
2691 1691 2830 1748 alias
2848 1691 3111 1747 diversas
3141 1699 3363 1746 veteres
3393 1703 3447 1746 et
3473 1707 3628 1746 novas

383 1754 675 1863 Diion;sius
703 1784 956 1845 Corinthi
1004 1788 1316 1857 episcopus,
1357 1786 1439 1839 vir
1470 1800 1650 1852 sacer,
1690 1799 1951 1856 agnosce-
1978 1754 2025 1811 Β
2059 1779 2407 1854 Scripturas;
2460 1783 2669 1839 interea
2699 1783 2863 1838 etiam
2886 1783 2939 1838 in
2973 1784 3341 1853 Apocalypsin
3383 1785 3626 1854 theologi.

379 1887 561 1941 batur.
586 1881 1052 1938 ‘Christianorum
1087 1879 1431 1934 orationibus
1481 1877 1766 1933 Romanus
1794 1893 1953 1934 exer-

378 1980 523 2034 citus
549 1974 694 2047 apud
718 1972 939 2041 Quados
970 1972 1247 2042 periturus
1290 1970 1554 2025 salvator.
1598 1969 1951 2040 Theophilus

382 2065 811 2131 Alexandrinus,
861 2062 1022 2133 cujus
1047 2062 1359 2131 conscripta
1401 2069 1529 2116 sunt
1584 2069 1641 2115 ct
1676 2060 1950 2125 feruntur,

381 2175 595 2216 necnon
627 2167 682 2214 et
711 2156 1055 2212 Herodianus
1088 2152 1496 2209 Grammaticus
1543 2153 1786 2223 optimus
1836 2153 1954 2222 pol-

380 2255 602 2318 lebant,
657 2251 1236 2322 Cataphrygarumque
1285 2247 1785 2319 pseudopmphetia
1835 2256 1954 2301 orta

380 2354 485 2403 est.

450 2440 635 2494 Mundi
689 2436 1039 2500 ann03665,
1101 2435 1300 2490 divina
1360 2433 1762 2488 incarnationis
1813 2446 1957 2484 anno

383 2531 509 2595 165,
561 2528 637 2588 M.
677 2529 899 2583 Aurelio
922 2528 1199 2583 Antonino
1222 2527 1526 2596 imperante
1585 2524 1867 2578 Sotericus
1906 2532 1959 2578 et

387 2622 642 2679 Eleuther
672 2619 932 2676 Romana
963 2627 1206 2688 prasunt
1240 2618 1522 2673 Ecclesia.
1559 2617 1819 2672 Catienus
1856 2631 1957 2685 op-

385 2716 554 2770 timus
588 2713 836 2768 medicus
866 2711 1124 2783 pollebat,
1157 2707 1793 2781 genere‘Pergamcnus.
1853 2707 1956 2762 Ju-

385 2809 566 2864 lianus
597 2807 779 2860 Itonia
810 2805 957 2874 leges
987 2802 1299 2873 promebat,
1353 2800 1560 2856 Fronto
1597 2802 1804 2867 rhetor,
1829 2801 1957 2855 Ari-

386 2898 555 2955 stides
595 2896 905 2967 Smyrnaus
969 2892 1235 2964 sophista.
1268 2889 1551 2962 Oppianus
1601 2900 1779 2960 poeta,
1819 2890 1961 2946 Atti-

385 3006 486 3046 cus
523 2987 850 3043 Platonicus
907 2986 1270 3057 philOSOphus
1326 2990 1508 3039 erant.
1535 2983 1850 3038 Antoninus
1902 2991 1959 3037 et

2054 1887 2217 1944 quam
2260 1875 2315 1928 in
2341 1872 2531 1929 Patmo
2563 1874 2722 1930 vidit.
2763 1873 2830 1928 Et
2858 1884 3051 1930 contra
3085 1873 3429 1930 Marcionem
3453 1885 3505 1931 et
3538 1893 3634 1930 ca-

2054 1974 2199 2020 teras
2240 1965 2475 2022 hareses
2531 1968 2776 2037 scripsit,
2807 1975 2862 2023 et
2894 1967 3054 2022 delﬁ
3100 1984 3376 2023 annorum
3401 1970 3629 2026 circulo.

2054 2059 2238 2129 quiin
2274 2058 2497 2114 Pascha
2558 2061 2768 2117 ratione
2818 2062 3102 2117 observari
3160 2063 3326 2128 solet,
3391 2066 3631 2133 exposuit

2055 2167 2344 2214 canonem,
2383 2168 2547 2222 quem
2608 2154 2750 2207 intra
2814 2156 3050 2222 primum
3095 2170 3303 2209 annum
3361 2156 3630 2211 concludi

2058 2243 2354 2299 Alexandri
2382 2245 2619 2300 Mamaa
2645 2245 2762 2301 lilii.
2794 2243 2861 2300 Et
2892 2254 2950 2301 ut
2972 2247 3367 2318 compendiose
3400 2249 3627 2310 dicatur.

2056 2336 2429 2407 Theophrates
2451 2340 2525 2405 (ί)
2544 2338 2739 2395 ﬂuvius
2773 2339 3029 2397 Ecclesia
3059 2342 3305 2396 vivorum
3322 2342 3637 2413 eﬂ‘ectusest

2058 2427 2408 2492 ﬂuentorum,
2430 2429 2498 2483 ad
2520 2438 2827 2486 extremum
2850 2433 3096 2504 martyrii
3114 2414 3644 2490 coronamindutus.

2059 2520 2138 2576 Ex
2174 2521 2281 2577 hoc
2307 2522 2471 2581 etiam
2526 2522 2714 2578 infelix
2747 2523 3015 2596 Origenes
3048 2527 3431 2585 conscribendi
3479 2543 3633 2581 coni-

2060 2615 2358 2669 ntentarios
2403 2615 2455 2669 in
2489 2614 2802 2685 Scripturas
2831 2627 3055 2672 sanctas
3109 2616 3341 2672 fomitem
3374 2620 3625 2688 surripsit,

2062 2708 2334 2765 incitante
2352 2724 2412 2765 se
2443 2708 2759 2774 Ambrosio,
2787 2719 2839 2763 et
2863 2709 3093 2776 affatim,
3122 2726 3236 2780 qua
3268 2711 3321 2764 in
3354 2710 3625 2780 hocopus

2061 2811 2249 2858 essent
2296 2803 2637 2867 necessaria,
2663 2802 2949 2872 largiente.
3020 2802 3252 2871 Denique
3281 2815 3491 2872 septem
3524 2818 3627 2857 no-

2065 2896 2236 2951 tarios
2268 2896 2528 2952 velociter
2560 2905 2615 2951 et
2640 2898 2847 2967 optime
2888 2896 3195 2953 scribentes
3234 2896 3510 2959 adhibuit,
3538 2894 3635 2952 sed

2061 2994 2117 3042 et
2175 2988 2383 3058 puellas
2426 2988 2702 3043 scribendi
2743 2986 3245 3044 arte'docrissimas
3295 2987 3361 3041 ad
3420 2986 3641 3043 inenar-

384 3081 721 3138 Commodus
759 3078 906 3149 leges
935 3084 987 3132 et
1012 3075 1432 3131 constitutiones
1452 3073 1589 3131 bene
1610 3075 1961 3132 consideran-
1991 3096 2034 3153 ρ
2067 3078 2295 3134 rabilem
2330 3080 2378 3136 ei
2421 3080 2789 3150 prasmndum
2842 3081 3183 3136 alacritatem
3215 3080 3485 3137 dictandi.
3536 3080 3640 3137 Sed

387 3184 470 3230 tes
501 3175 923 3228 renovaverunt.

456 3257 644 3313 Mundi
676 3270 821 3311 anno
846 3254 1006 3317 5672,
1032 3253 1230 3308 divina
1252 3252 1649 3310 incarnationis
1672 3269 1815 3309 anno
1840 3254 1963 3320 172,

388 3348 689 3406 Commodo
748 3348 1053 3417 imperante
1109 3345 1347 3400 lrenaus
1406 3344 1697 3417 episcopus
1745 3345 1966 3416 Lugdu-

392 3439 580 3495 nensis
601 3437 802 3492 divinis
838 3435 1019 3490 verbis
1052 3441 1107 3488 et
1144 3435 1358 3489 actibus
1395 3435 1747 3490 coruscabat.
1798 3435 1963 3492 Com-

394 3530 587 3585 modus
611 3525 1019 3583 lionorahilihns
1047 3542 1111 3581 ex
1135 3532 1324 3581 senatu
1350 3527 1647 3597 peremptis
1677 3526 1844 3583 etiam
1864 3526 1965 3583 Ju-

394 3622 602 3679 lianum
638 3620 1010 3691 legislatorem
1059 3618 1284 3674 occidit.

464 3714 649 3772 Mundi
672 3728 816 3768 anno
836 3712 997 3780 5685,
1020 3709 1219 3766 divina
1244 3710 1645 3768 incarnationis
1679 3725 1823 3768 anno
1839 3710 1964 3778 l85,

394 3809 582 3867 Victor
616 3807 874 3864 Romana
925 3803 1182 3860 Ecclesia
1227 3802 1384 3859 ﬂoret
1428 3803 1744 3875 episcopus,
1787 3801 1967 3860 Julius

394 3900 650 3958 Pertinax
708 3901 960 3969 imperat.
1024 3895 1159 3953 Post
1201 3913 1364 3968 quem
1432 3895 1686 3953 Julianus
1739 3906 1968 3954 vocatus

396 3992 585 4048 Didius
613 3989 828 4046 duobus
856 3992 1066 4045 tantum
1092 3989 1376 4045 mensibus
1406 3987 1640 4059 imperat
1664 3986 1689 4055 ς’
1736 3988 1829 4059 qui
1864 4003 1969 4058 pro

394 4100 460 4141 eo
479 4081 623 4155 quod
648 4080 897 4153 pecuniis
935 4078 1224 4150 imperium
1270 4078 1502 4150 adeptus
1532 4078 1730 4142 fuerat.
1757 4093 1788 4133 a
1813 4079 1968 4149 prin-

377 4158 577 4250 cipatu
629 4175 920 4246 deponitur
954 4172 1023 4227 ab
1055 4171 1247 4227 amicis
1291 4170 1501 4240 Severi,
1533 4187 1564 4226 a
1613 4173 1815 4243 quibus
1842 4186 1967 4228 mox

396 4266 694 4337 imperator
723 4270 966 4318 creatur.
1019 4261 1140 4327 Quo
1183 4269 1427 4332 tempore
1458 4261 1712 4318 Clemens
1745 4262 1970 4335 presby-

398 4368 482 4413 ter
538 4354 965 4416 Alexandrinus,
995 4351 1235 4422 Optimus
1286 4353 1540 4422 magister
1598 4353 1653 4407 in
1722 4354 1967 4426 philoso-

2068 3169 2123 3224 in
2166 3169 2485 3226 barathrum
2532 3172 2750 3243 gentilis
2804 3174 3236 3245 prodigiosaque
3287 3172 3640 3229 fabulationls

2067 3258 2321 3329 delapsus
2380 3262 2783 3317 restitutionem
2827 3272 2881 3318 et
2913 3263 3375 3334 praexistentiam
3435 3278 3645 3321 necnon

2067 3359 2121 3404 et
2168 3348 2274 3403 alia
2338 3352 2587 3421 quadam
2645 3355 2897 3422 dogmata
2948 3353 3309 3423 pradicavit,
3355 3364 3416 3409 et
3454 3355 3576 3411 ideo
3614 3369 3647 3408 a

2066 3442 2236 3498 choro
2253 3452 2571 3498 sanctorum
2603 3444 2862 3515 expulsus
2902 3452 3006 3499 est.
3044 3442 3242 3501 Fertur
3287 3454 3482 3501 autem
3506 3446 3646 3515 quod

2064 3539 2315 3603 Mamaa,
2359 3548 2535 3594 mater
2565 3539 2913 3610 imperatoris
2960 3540 3280 3607 Alexandri,
3322 3557 3456 3597 eum
3500 3550 3651 3598 esset

2065 3629 2267 3700 oppido
2303 3629 2395 3685 Dei
2434 3631 2631 3686 cultrix
2666 3673 2682 3697 ,
2718 3631 2897 3686 locuta
2947 3633 3021 3687 sit
3054 3648 3180 3688 cum
3221 3633 3472 3704 Origene
3509 3633 3647 3706 apud

2067 3722 2409 3778 Antiochiam
2437 3724 2674 3793 degens;
2730 3740 2854 3795 qua
2899 3721 3083 3781 etiam
3115 3741 3281 3795 penei=
3334 3743 3539 3785 ontttes
3566 3728 3651 3798 qui

2071 3815 2266 3873 famosi
2314 3824 2446 3871 tunc
2478 3816 2912 3874 Christianorum
2971 3818 3220 3890 magistri
3276 3820 3649 3883 habebantur.

2066 3909 2457 3979 benignissime
2518 3909 2794 3967 ferebatur
2845 3922 3077 3983 propter
3136 3913 3323 3978 fidem,
3359 3929 3481 3983 qua
3522 3929 3653 3984 erga

2067 4000 2349 4057 Christum
2379 3999 2663 4072 ﬂagrabat.
2693 4002 2950 4060 Einmaus
2972 4003 3285 4060 Palaestina
3324 4008 3653 4068 castellum.

2069 4092 2138 4148 de
2170 4108 2281 4164 quo
2304 4094 2355 4148 in
2379 4095 2553 4151 sacris
2602 4095 2801 4166 legitur
2849 4094 3180 4169 Evangeliis,
3213 4097 3283 4152 ab
3329 4098 3653 4155 Alexandro

2068 4183 2352 4255 Nicopolis
2393 4194 2475 4241 est
2503 4185 2761 4243 honorari
2807 4187 3048 4255 decreta,
3078 4188 3356 4260 legatione
3381 4189 3650 4264 {urgente

2070 4272 2353 4340 Africano,
2373 4276 2462 4345 qui
2482 4276 2741 4334 historias
2756 4278 2811 4333 in
2827 4279 3069 4350 quinque
3088 4280 3243 4336 libris
3287 4284 3652 4353 conscripsit.

2140 4363 2326 4421 Mundi
2348 4381 2492 4423 anno
2512 4368 2673 4434 5728,
2710 4369 2909 4427 divina
2931 4372 3331 4428 incarnationis
3356 4389 3512 4431 anno
3526 4374 3651 4437 228.

396 4451 521 4521 phia
551 4463 674 4521 qua
701 4445 1002 4503 secundum
1044 4443 1323 4499 Christum
1357 4448 1828 4538 est,_compositor
1851 4447 1970 4504 eni-
1993 4445 2047 4504 D
2072 4454 2401 4516 Maximinus
2438 4461 2714 4530 imperans
2739 4472 2930 4519 contra
2972 4465 3323 4523 Christianos
3390 4483 3654 4538 pem.

398 4538 520 4595 tuit.
572 4538 862 4594 Pantanus
915 4534 1283 4608 philosophus
1339 4550 1405 4588 ex
1463 4533 1667 4592 Stoicis
1695 4537 1750 4591 in
1782 4538 1967 4594 divino

397 4636 563 4690 verbo
601 4633 789 4705 fulget.
820 4630 1114 4686 Africanus
1145 4629 1440 4684 historicus
1478 4628 1826 4687 Christianus
1849 4636 1969 4703 pot-

399 4730 495 4783 let.
572 4726 853 4783 Musianus
893 4725 1131 4795 scriptor
1156 4722 1570 4779 ecclesiasticus
1626 4725 1967 4795 agnoscitur.

399 4818 666 4888 Origenes
704 4819 1019 4874 insensatus
1052 4814 1194 4886 apud
1227 4813 1611 4870 Alexandriam
1648 4803 1829 4871 inania
1852 4818 1970 4888 opi-

402 4919 565 4966 natus
591 4907 844 4978 dogmata
880 4916 1121 4963 sectatur
1148 4906 1455 4976 gentilium.

469 5000 655 5059 Mundi
676 5014 822 5053 anno
852 4998 1013 5061 5696,
1036 4998 1233 5053 divina
1264 4999 1661 5055 incarnationis
1686 5015 1830 5056 anno
1848 5000 1970 5069 l96,

400 5092 747 5175 Zepliyriuus
794 5094 1085 5160 episcopus
1145 5088 1403 5145 Romana
1459 5102 1655 5163 praest
1691 5091 1964 5152 Ecclesia.

404 5191 643 5249 Severus
677 5182 906 5239 Romam
928 5181 1152 5235 veniens
1184 5179 1465 5249 Albinum,
1507 5185 1601 5255 qui
1624 5186 1968 5256 tyrannidem

399 5290 596 5340 contra
627 5272 1075 5351 Lugdunensium
1098 5271 1373 5327 civitatem
1396 5286 1737 5344 exercuerat,
1767 5278 1971 5336 intere-

404 5375 523 5431 mit.

474 5464 658 5520 Mundi
687 5475 832 5517 anno
852 5459 982 5519 570l
997 5498 1012 5525 ,
1034 5456 1231 5513 divina
1258 5458 1658 5516 incarnationis
1680 5476 1823 5518 anno
1847 5462 1941 5518 20!
1958 5504 1973 5529 ,

410 5553 1016 5612 AntoninusCaracalla
1039 5553 1275 5624 imperat
1304 5567 1430 5607 cum
1456 5551 1622 5609 fratre
1648 5552 1804 5612 Geta.
1841 5554 1973 5613 Dein

476 5730 554 5806 (1)
592 5730 883 5795 Euphrates
910 5740 1077 5796 codex
1114 5736 1399 5795 Tliuanus.

2076 4550 2275 4605 tionem
2295 4552 2480 4609 movit.
2502 4553 2597 4611 llis
2616 4556 2959 4627 temporibus
2975 4558 3254 4616 Antherus
3275 4571 3334 4615 et
3349 4559 3653 4617 Pontianus

2076 4640 2305 4697 Romani
2339 4645 2603 4714 prasules
2633 4646 2974 4704 claruerunt.

2145 4732 2497 4805 Mundizanno
2525 4738 2684 4803 5731,
2704 4740 2902 4795 divina
2927 4742 3331 4800 incarnationis
3357 4760 3511 4801 anno
3526 4746 3653 4810 25!,

2076 4824 2386 4882 Gordianus
2434 4828 2687 4900 imperat.
2720 4830 2996 4889 Fabianus
3035 4835 3329 4907 episcopus
3366 4836 3653 4895 Romanu

2075 4926 2282 4988 martyr
2312 4918 2560 4976 habetur.
2778 4984 2781 4987 _

2144 5009 2329 5066 Mundi
2355 5028 2497 5067 anno
2529 5014 2688 5081 5757,
2708 5015 2908 5074 divina
2933 5019 3334 5079 incarnationis
3350 5036 3500 5079 anno
3521 5024 3649 5088 257,

2074 5102 2411 5177 Porphyrius
2477 5107 2680 5165 Plotini
2738 5110 3008 5169 Platonici
3057 5116 3371 5187 philosophi
3439 5118 3654 5174 auditor

2076 5193 2326 5252 habetur.
2345 5195 2726 5270 Theopompus
2746 5202 3106 5276 philosophus
3131 5208 3277 5277 apud
3299 5206 3649 5265 Chaeroneam

2081 5284 2391 5364 etNicator
2422 5287 2679 5360 Sophiste
2729 5309 2898 5365 penes
2954 5297 3198 5356 Athenas
3237 5301 3495 5371 pollebat.
3524 5299 3653 5353 Phi.

2081 5376 2261 5448 lippus
2291 5381 2587 5451 imperator
2613 5384 2749 5442 adeo
2772 5386 2829 5443 in
2864 5388 2970 5445 tide
2991 5389 3197 5446 Christi
3238 5393 3559 5462 proﬁciebat
3591 5400 3677 5446 δι’

2082 5469 2246 5527 etiam
2279 5479 2501 5540 peccata
2530 5488 2630 5529 sua
2688 5488 2937 5549 prompte
2980 5481 3363 5551 conﬁteretur,
3403 5496 3456 5542 et
3489 5490 3651 5539 nocte

2085 5562 2361 5630 paschalis
2420 5562 2734 5625 festivitatis
2792 5573 3130 5631 multitudini
3188 5578 3337 5634 inter
3390 5575 3648 5633 Ecclesia
