3906 6226
240 408 340 476 li’bl

1051 425 1137 484 III
1146 423 1425 486 STORIA
1462 418 2043 487 ECCLESIASTI'CA
2074 421 2178 482 EX
2207 419 2607 483 SYNCELLO.

3315 416 3450 484 1202

233 525 474 583 arationes
505 527 966 587 communicaret.
997 530 1156 589 Unde
1188 533 1391 592 factum
1410 544 1494 591 est
1525 545 1585 591 ut
1630 533 1771 591 divi-
1801 533 1848 591 Δ
1877 531 2024 585 niam
2041 532 2211 587 socios
2236 547 2301 587 ea:
2358 530 2750 603 confessoribus
2798 530 3083 588 nonnullos
3118 531 3305 587 habere
3342 545 3451 584 me-

234 634 315 671 uus
336 619 862 690 sermo-ampliorem
893 622 1148 678 liduciam
1181 638 1446 684 sumeret.

289 707 453 763 Mundi
499 725 644 764 anno
703 710 867 775 57H,
923 712 1123 770 divina:
1176 715 1580 774 incarnationis
1632 734 1776 775 anno

229 800 330 862 24h
354 801 617 872 Origenes
652 804 922 875 gloriatus
964 807 1467 866 circumventionis
1507 828 1618 868 suae.
1658 829 1777 868 vcr-

229 894 299 948 his
320 902 367 950 ct
416 897 715 965 gentilibus
746 897 952 956 fabulis
986 908 1194 955 tantam
1249 903 1440 959 amisit
1487 920 1773 976 coronam,

216 1001 315 1039 non
342 995 557 1056 prapter
591 988 831 1058 inopiam
873 990 1072 1048 divinae
1096 992 1385 1058 bonitatis.
1421 995 1516 1052 sed
1550 1005 1779 1068 propter

227 1076 494 1145 superbum
554 1085 610 1131 et
655 1080 935 1137 suasionis
990 1083 1227 1154 propriae
1278 1099 1525 1140 sensum.
1571 1085 1775 1141 Verum

224 1168 313 1224 ista
337 1167 573 1225 Eusebio
605 1169 937 1230 Caesariensi
972 1190 1080 1230 non
1111 1177 1182 1231 ita
1224 1192 1345 1233 esse
1370 1178 1649 1249 videntur,
1685 1178 1778 1251 qui

223 1258 457 1312 nimirum
502 1259 769 1330 majorem
792 1264 1051 1321 omnibus
1074 1266 1284 1323 sanctis
1318 1280 1481 1339 atque
1505 1269 1778 1340 magistris

223 1367 328 1405 etim
350 1353 610 1408 exhibere
641 1353 931 1420 festinans,
965 1359 1019 1412 in
1053 1371 1209 1416 sexto
1241 1362 1633 1418 ecclesiasticae
1665 1377 1778 1419 suae

222 1441 450 1501 Historiae
482 1461 758 1513 sermone,
811 1447 999 1507 favens
1038 1453 1109 1517 ei,
1136 1454 1322 1511 multis
1357 1454 1502 1510 hunc
1525 1455 1780 1513 laudibus

222 1538 410 1604 extulit,
428 1541 680 1597 nesciens
696 1558 815 1612 quae
831 1542 1040 1602 diceret
1067 1547 1148 1603 vel
1167 1547 1233 1603 de
1246 1548 1444 1618 quibus
1460 1549 1778 1606 allirmaret.

221 1629 373 1685 Nimis
393 1633 539 1687 enim
569 1650 869 1705 paucorum
897 1648 1240 1696 sacratorum
1263 1651 1315 1698 et
1336 1644 1777 1700 beatissimorum

220 1722 447 1787 Patrum.
483 1727 576 1797 qui
619 1743 716 1798 per
744 1729 888 1785 idem
920 1738 1136 1802 tempus
1164 1732 1506 1797 eliulseraut,
1546 1750 1779 1802 memor,

220 1816 364 1870 idest
397 1816 698 1874 Clementis
734 1820 1119 1882 Alexandrini.
1158 1822 1441 1897 Hippolyti
1467 1826 1775 1884 sacerdotis

218 1916 265 1960 rt
292 1909 567 1981 martyris,
612 1910 861 1967 Africani
906 1913 1153 1970 historici
1198 1924 1252 1971 et
1308 1918 1486 1988 magni
1528 1917 1773 1991 Dionysii

216 2001 581 2068 Alexandrini,
635 2019 847 2059 necnon
875 2018 931 2060 et
967 2009 1223 2074 aliorum,
1249 2010 1424 2063 solum
1449 2008 1613 2080 hujus
1634 2026 1774 2066 vana

217 2090 491 2146 sentientis
519 2089 774 2164 Origenis
806 2107 1146 2167 provectum,
1183 2113 1343 2170 quem
1375 2116 1404 2155 a
1432 2116 1604 2171 puero
1634 2102 1774 2157 sub-

219 2191 430 2239 secutus
456 2193 561 2248 est,
584 2187 878 2256 prieconiis
906 2188 1081 2256 elIert,
1118 2205 1404 2261 usquequo
1429 2193 1494 2247 ad
1528 2193 1776 2266 martyrii

219 2275 441 2339 palmam
493 2286 764 2333 venturus
828 2279 1148 2335 succubuit.
1216 2280 1281 2334 Et
1337 2282 1559 2353 quidem
1616 2300 1781 2355 super

218 2365 449 2421 Fabiano
483 2369 866 2424 sacratissimo
908 2379 1148 2443 martyre
1175 2386 1238 2427 ac
1262 2371 1510 2430 Romano
1536 2374 1781 2433 antistite

217 2473 303 2510 s-'u
334 2457 535 2529 Babyla
565 2458 911 2516 Antiocheno
941 2471 995 2516 et
1025 2462 1339 2518 Alexandro
1387 2461 1781 2537 Hierosolymi-

218 2560 334 2605 tnno
355 2554 648 2621 perpaucis
669 2553 853 2610 verbis
883 2555 1173 2610 historiam
1205 2557 1376 2611 texuit
1409 2575 1423 2612 :
1476 2566 1532 2612 at
1586 2559 1675 2614 ubi
1715 2559 1782 2613 ad

215 2642 382 2694 virum
440 2643 526 2696 sui
570 2657 766 2699 sensus
804 2644 1071 2708 pervenit,
1133 2645 1185 2700 id
1221 2656 1305 2703 est
1350 2648 1415 2702 ad
1465 2647 1780 2719 Origenem,

219 2733 461 2802 pluribus
495 2733 643 2788 hunc
686 2734 942 2791 laudibus
974 2744 1029 2793 ct
1083 2738 1240 2794 miris
1289 2738 1785 2795 declamationibus

217 2826 426 2880 extulit.
485 2824 685 2881 Verum
738 2829 991 2896 quamvis
1042 2829 1330 2887 Eusebius
1362 2832 1616 2902 plurimis
1665 2831 1788 2888 Ori-

216 2915 363 2978 genis
416 2913 569 2984 impii
599 2917 891 2983 praeconiis
944 2935 1079 2974 usus
1124 2919 1322 2984 fuerit,
1365 2920 1486 2976 sine
1522 2925 1787 2992 martyrio

214 3013 388 3060 tamen
422 3007 739 3075 passionem
784 3009 906 3077 citis
938 3012 1183 3081 reliquit"
1216 3022 1271 3066 et
1325 3029 1547 3067 cursum
1601 3015 1790 3069 incon-

217 3107 572 3153 summatum.
636 3096 741 3166 Qui
796 3100 942 3154 enim
998 3104 1436 3170 perseveraverit
1489 3119 1665 3174 usque
1733 3105 1789 3158 in

1874 634 2078 677 ruerat.

1874 717 2092 783 nostris,
2151 728 2200 772 et
2269 717 2537 784 Urbanus,
2603 720 2693 788 qui
2743 719 2967 773 secundo
3007 733 3072 772 ex
3124 716 3452 787 confessione

1873 808 2100 879 gloriam
2123 811 2393 865 consecuti
2432 818 2591 872 sunt,
2651 807 2908 865 Sidonius
2966 825 3170 880 quoque
3217 816 3267 861 et
3298 805 3451 861 Cele-

2164 624 2400 695 llenique
2465 624 2762 689 Maximus,
2814 640 2952 679 unus
3012 640 3078 679 ex
3131 621 3449 696 presbyteris

1876 903 2048 965 riuus,
2092 904 2175 956 vir
2222 904 2313 973 qui
2346 903 2527 957 omnia
2566 901 2828 971 supplicia
2878 918 2968 972 per
3030 898 3449 955 misericordiam

1876 991 1975 1048 Dei
2003 995 2517 1064 perseverantissime
2538 993 2834 1063 pertulerit,
2851 1003 2899 1048 et
2920 994 3174 1062 ﬁrmitate
3188 991 3313 1062 ﬁdei
3341 1007 3452 1044 sure

1875 1085 2243 1154 infirmitatem
2270 1086 2447 1142 carnis
2465 1089 2812 1143 corroborans
2831 1095 3068 1158 potenter
3086 1085 3452 1141 adversarium

1878 1180 2021 1244 vicit,
2035 1178 2428 1234 considerantes
2458 1197 2599 1245 eum,
2627 1192 2676 1236 et
2704 1180 3076 1251 perspicientes
3099 1176 3454 1233 calliditatem

1875 1281 1926 1327 et
1959 1271 2218 1327 levitatem
2257 1289 2373 1342 qua:
2403 1273 2611 1327 inerant
2644 1275 2712 1338 ei,
2766 1272 3005 1343 perjuria
3049 1286 3251 1341 quoque
3301 1279 3455 1340 atque

1879 1362 2174 1428 mendacia,
2204 1380 2400 1417 necnon
2427 1373 2475 1418 et
2498 1363 3084 1417 excommunicationem
3103 1360 3238 1430 ejus.
3264 1360 3457 1414 reversi

1878 1464 1998 1511 sunt
2034 1455 2102 1509 ad
2140 1453 2460 1520 Ecclesium,
2494 1464 2544 1510 et
2575 1456 2754 1509 omnia
2791 1455 2904 1524 ejus
2932 1453 3167 1523 artiﬁcia
3220 1461 3270 1507 et
3300 1450 3459 1505 moli-

1878 1549 2047 1612 mina,
2098 1563 2217 1620 qua!
2245 1562 2310 1602 ea:
2340 1547 2506 1601 multo
2524 1547 2644 1618 jam
2698 1555 2927 1617 tempore
2972 1546 3169 1601 habens
3194 1544 3457 1614 subterfu-

1879 1638 2051 1710 giebat
2082 1646 2137 1693 et
2159 1638 2461 1695 occultabat
2497 1657 2571 1705 se,
2609 1656 2793 1694 coram
2832 1638 3014 1693 multis
3045 1638 3273 1706 confessi
3308 1644 3456 1702 sunt,

1881 1731 1978 1785 hoc
2006 1730 2215 1802 quidem
2248 1732 2527 1802 episcopis,
2563 1731 2847 1787 illud‘vero
2878 1731 3197 1801 presbyteris
3226 1740 3275 1785 et
3302 1728 3458 1783 laicis

1882 1842 2039 1896 quam
2065 1825 2312 1895 plurimis
2344 1826 2635 1880 cumluctu
2663 1842 2768 1880 non
2799 1824 3007 1879 modico
3030 1822 3458 1892 manifestantcs.

1877 1925 1929 1971 et
1987 1916 2373 1984 resipiscentes,
2432 1933 2604 1986 super.
2642 1917 2829 1987 quibus
2862 1915 3080 1971 dolosas
3111 1913 3462 1983 maligneque

1877 2004 2055 2062 bestite
2078 2017 2319 2077 parentes
2342 2008 2413 2062 ad
2429 2008 2698 2063 modicum
2728 2018 2927 2076 tempus
2944 2006 3008 2061 ab
3032 2005 3273 2062 Ecclesia
3291 2020 3464 2059 receso

1878 2108 2077 2153 serunt.
2098 2099 2162 2154 Et
2186 2108 2309 2171 post
2333 2116 2539 2169 pauca:
2575 2098 2990 2171 Impossibilttm,
3016 2098 3185 2169 frater
3209 2094 3462 2150 charissie

1880 2208 1994 2258 me,
2021 2192 2410 2247 conversionem
2440 2204 2484 2247 et
2525 2192 3024 2246 transmutationem
3080 2190 3137 2242 in
3168 2188 3311 2241 brevi
3331 2196 3463 2241 tem-

1879 2299 2005 2353 pore
2034 2283 2256 2339 vidimus
2285 2300 2441 2353 super
2479 2301 2567 2339 eos
2598 2284 2865 2353 effectam.
2917 2280 3272 2337 Clarissimus
3322 2279 3460 2331 enim

1881 2377 1985 2441 hic,
2015 2386 2065 2431 et
2094 2378 2184 2447 qui
2203 2378 2526 2447 juramentis
2557 2374 2882 2431 terribilibus
2937 2385 3053 2428 erat
3102 2373 3292 2428 solitus
3327 2370 3462 2440 affir-

1883 2483 2119 2522 mare‘se
2166 2466 2471 2521 nullatenus
2502 2466 2865 2538 episcopatum
2918 2461 3242 2523 desiderare,
3289 2459 3461 2513 subito

1883 2560 2154 2629 episcopus
2190 2556 2635 2629 quemadmodum
2686 2573 2751 2612 ea:
2788 2557 2968 2622 stipite
2996 2553 3221 2624 quodam
3266 2552 3320 2605 in
3350 2567 3463 2605 me-

1884 2650 2031 2704 dium
2050 2650 2291 2719 jactatus
2321 2658 2558 2717 apparet.
2612 2647 2723 2702 Iste
2745 2648 2907 2718 igitur
2932 2643 3254 2716 dogmatista
3284 2651 3333 2697 et
3378 2657 3465 2695 ec-

1886 2742 2199 2798 clesiasticis
2261 2740 2562 2810 disciplina:
2632 2750 2890 2809 patronus
2925 2754 3044 2794 cum
3086 2735 3357 2791 attrahere
3400 2749 3465 2788 ac

1887 2852 2152 2907 usurpare
2224 2836 2612 2905 episcopatum,
2647 2833 2737 2904 qui
2765 2833 2866 2887 sibi
2889 2832 3113 2901 desuper
3171 2828 3331 2882 datus
3359 2843 3465 2881 non

1890 2927 2090 2997 fuerat,
2141 2927 2415 2990 niteretur,
2469 2924 2603 2978 duos
2644 2923 2747 2977 sibi
2795 2923 2969 2977 socios
3002 2920 3233 2990 propria:
3272 2916 3465 2972 salutis

1888 3016 2102 3085 ignaros
2128 3014 2302 3084 elegit,
2335 3023 2592 3082 quatenus
2619 3010 2702 3065 Itis
2728 3010 2903 3065 missis
2932 3011 2988 3063 in
3004 3016 3261 3063 remotam
3286 3005 3469 3059 Italia:

1890 3116 2099 3175 portent
2130 3104 2252 3158 inde
2281 3114 2385 3158 tres
2418 3104 2687 3173 episcopos
2706 3110 2937 3172 agrestes
2963 3108 3013 3155 et
3041 3097 3468 3168 simplicissimos

218 3192 399 3250 tinem,
432 3189 511 3244 ait
547 3189 830 3254 Dominus,
851 3193 1037 3248 salvus
1067 3193 1194 3260 erit,
1218 3209 1326 3249 non
1379 3194 1469 3265 qui
1503 3197 1709 3265 patitur
1734 3206 1790 3252 et
1817 3222 1860 3281 ο
1895 3199 2022 3268 ﬁcta
2048 3196 2280 3267 quadam
2337 3195 2777 3250 circumventione
2843 3192 3091 3247 seducere
3165 3196 3467 3252 conaretur,

218 3280 489 3336 lassescit.
551 3282 721 3337 Infert
774 3292 958 3338 autem
990 3283 1261 3341 Eusebius
1287 3287 1435 3342 etde
1470 3288 1632 3343 beato
1670 3288 1794 3344 Diu-

217 3375 372 3441 uysio
403 3373 670 3444 episcopo
701 3374 1081 3432 Alexandrino
1133 3379 1534 3441 testimonium,
1572 3378 1794 3451 Origeni

214 3475 263 3517 et
301 3466 469 3520 sociis
501 3466 621 3535 ejus
666 3468 896 3536 gratiam
936 3477 1222 3539 praestans,
1256 3480 1528 3542 quatenus
1553 3489 1662 3528 non
1699 3490 1795 3544 ap-

212 3566 403 3625 pareat
449 3558 604 3612 solus
629 3557 894 3629 Origenes
954 3561 1010 3615 in
1049 3562 1312 3622 martyrio
1351 3564 1643 3629 defecisse,
1701 3565 1795 3621 sed

210 3650 420 3705 habere
442 3650 696 3706 videatur
729 3660 787 3706 et
820 3653 958 3710 alios
985 3670 1097 3709 sua:
1127 3654 1453 3711 defectionis
1477 3657 1795 3728 participes.

279 3742 558 3798 Praeterea
593 3758 689 3815 per
710 3744 826 3801 haec
859 3755 1105 3815 tempora
1138 3746 1382 3804 Novatus
1423 3748 1797 3805 Romanorum

206 3833 480 3891 Ecclesiae
503 3836 812 3909 presbyter,
840 3838 1215 3910 episcopatum
1244 3839 1466 3911 indigne
1479 3840 1800 3901 desiderans

205 3943 271 3983 cr
322 3945 561 4000 compos
612 3931 838 3985 minime
887 3931 1088 3996 lactus,
1134 3947 1201 3986 eo
1251 3933 1399 4003 quod
1460 3949 1625 4004 super
1677 3934 1802 3989 aliis

203 4022 587 4092 pravitatibus
611 4030 666 4078 et
690 4022 926 4078 maxime
950 4024 1216 4093 avaritiae,
1242 4023 1476 4081 tumoris
1505 4041 1569 4081 ac
1596 4028 1805 4083 amoris

199 4115 419 4184 privati
460 4114 611 4170 vitiis
639 4115 1016 4185 deprehensus
1043 4117 1341 4181 exstiterit,
1398 4133 1521 4174 sese
1574 4119 1644 4173 ab
1696 4117 1804 4173 Ec-

199 4208 388 4263 clesia
415 4207 715 4276 separavit,
741 4208 844 4263 sub
862 4208 1089 4264 obtentu
1111 4211 1266 4279 quasi
1295 4225 1488 4265 eorum
1529 4211 1623 4281 qui
1654 4209 1804 4265 Decii

197 4309 473 4369 tempore
507 4299 562 4353 in
593 4302 976 4370 persecutione
999 4301 1419 4357 immolaverant
1447 4309 1502 4358 et
1549 4318 1646 4373 per
1684 4318 1806 4373 ρων

192 4393 513 4456 nitentiam
578 4392 631 4445 in
667 4394 1115 4448 communionem
1165 4394 1236 4449 ab
1261 4394 1502 4451 Ecclesia
1556 4406 1688 4453 sunt
1718 4413 1804 4454 re-

193 4485 401 4556 cepti:
462 4494 764 4555 auctorque
801 4500 866 4540 ac
905 4486 1303 4544 haeresiarches
1343 4503 1532 4544 eorum
1594 4492 1697 4560 qui
1746 4505 1806 4546 se

1898 3290 2154 3362 siquidem
2205 3290 2314 3360 ipse
2360 3302 2665 3342 asseverans
2716 3284 3015 3356 affirmabat
3066 3291 3302 3351 oportere
3346 3279 3470 3333 illos

1898 3384 2122 3440 Romam
2158 3396 2454 3442 occurrere,
2507 3395 2609 3450 quo
2655 3385 2847 3431 cuncta
2873 3374 3156 3439 dissensio,
3179 3388 3296 3443 qua:
3326 3370 3472 3441 facta

1896 3479 2095 3548 fuerat,
2125 3492 2228 3530 una
2247 3491 2365 3529 cum
2413 3472 2537 3526 aliis
2569 3469 3034 3527 intervenientibus
3060 3465 3317 3537 episcopis
3357 3461 3471 3517 sol-

1897 3579 2121 3625 veretur.
2148 3568 2288 3633 Quos
2313 3564 2710 3634 prwvenientes,
2736 3562 2897 3617 sicuti
2922 3560 3295 3630 prmdiximus,
3329 3557 3483 3611 circa

1901 3661 2257 3731 malignorum
2288 3655 2566 3711 molimina
2618 3662 2668 3708 et
2703 3654 2955 3723 ﬁgmenta
2998 3651 3373 3719 simpliciores,
3423 3657 3475 3701 et

1898 3753 2181 3807 inclinatos
2204 3765 2237 3802 a
2265 3744 2582 3813 quibusdam
2610 3744 2715 3798 sibi
2753 3743 3018 3797 similibus
3044 3751 3095 3795 et
3121 3740 3350 3794 turbatis
3382 3741 3478 3795 lto".

1903 3838 2153 3900 minibus,
2183 3837 2317 3890 hora
2354 3834 2558 3887 decima
2612 3831 2786 3886 ebrios
2815 3841 2865 3886 et
2889 3830 3128 3901 crapulae
3172 3829 3402 3893 deditos,
3428 3830 3475 3882 vi

1902 3931 2069 4001 coegit
2103 3926 2425 3998 imaginaria
2463 3923 2695 3994 quadam
2732 3930 2780 3976 et
2829 3919 2977 3975 inani
3015 3936 3205 3974 manus
3259 3920 3477 3984 imposi-I

1904 4024 2045 4077 tione
2090 4020 2448 4090 episcopatum
2482 4014 2585 4072 sibi
2639 4014 2887 4068 tribuere.
2948 4011 3034 4066 Ex
3082 4011 3269 4081 quibus
3302 4020 3475 4066 tamen

1904 4130 2039 4167 unus
2066 4127 2167 4166 non
2197 4119 2312 4179 post
2342 4107 2566 4162 multum
2601 4105 2849 4160 remeavit
2875 4102 2943 4159 ad
2970 4101 3265 4158 Ecclesium
3297 4102 3477 4172 lugeas

1903 4216 1953 4261 et
1975 4203 2230 4273 confitens
2260 4209 2531 4271 peceatum
2573 4214 2727 4252 suum
2745 4213 2764 4262 ;
2788 4198 2941 4252 cuiet
2970 4195 3493 4252 communicavimus.

1906 4298 2067 4360 laico,
2098 4310 2193 4363 pro
2219 4309 2278 4348 eo
2310 4292 2621 4360 deprecante
2638 4290 2905 4352 universo,
2926 4288 3018 4361 qui
3037 4287 3244 4351 aderat,
3262 4286 3487 4357 populo.

1909 4390 1992 4446 Ad
2009 4390 2126 4444 loca
2155 4396 2337 4443 autem
2350 4387 2403 4441 in
2422 4387 2610 4456 quibus
2638 4384 2826 4456 reliqui
2843 4382 3074 4451 episcopi
3093 4381 3301 4451 fuerant
3335 4376 3489 4431 ordi-‘

1908 4484 2021 4539 nati
2037 4496 2364 4538 successores
2385 4478 2799 4534 transmisimus.
2814 4475 3079 4546 Defensor
3096 4489 3218 4543 ergo
3238 4469 3496 4536 Evange-a

192 4572 465 4629 mundos
493 4589 589 4643 per
609 4574 921 4644 superbiam
948 4577 1338 4645 nuncupabant
1361 4592 1652 4648 apparens,
1690 4593 1794 4632 una
1830 4583 1873 4640 ι)
1906 4574 1966 4629 lii
1985 4575 2241 4631 nesciebat
2258 4589 2420 4627 unum
2436 4571 2735 4642 episcopum
2759 4584 2870 4624 esse
2895 4575 3131 4636 oportere
3147 4565 3201 4618 in
3222 4560 3505 4617 catholica.

190 4680 345 4720 cum
386 4665 526 4735 ipsis
554 4667 749 4735 pulsus
778 4677 863 4720 est
904 4665 969 4721 de
999 4666 1257 4736 paradiso
1275 4666 1540 4724 Ecclesiae
1576 4676 1801 4724 senten-

189 4762 286 4814 tia
338 4756 573 4812 Patrum
622 4769 943 4815 sanctorum
980 4758 1368 4829 quadraginta,
1408 4761 1499 4831 qui
1546 4762 1811 4833 synodice‘

188 4857 608 4905 convenerunt
633 4850 686 4902 in
729 4849 862 4903 urbe
885 4848 1077 4914 Roma,
1107 4864 1215 4903 una
1247 4865 1371 4904 cum
1405 4851 1654 4920 pluribus
1677 4867 1805 4922 pre-

198 4938 479 5010 sbyteris
511 4946 567 4991 et
588 4938 939 5003 diacouibus,
959 4939 1049 5008 qui
1071 4939 1302 5005 scilicet,
1334 4941 1675 4998 abdicato-eo
1699 4958 1805 4997 uua

194 5046 346 5086 cum
378 5030 714 5093 inhumanis
768 5032 1160 5087 consentaneis
1196 5030 1481 5100 fratribus,
1537 5034 1630 5104 qui
1669 5034 1817 5106 lapsi

196 5122 477 5187 fuerant,
543 5136 643 5191 per
709 5123 1091 5191 pmuitentiaui
1156 5124 1361 5195 suscipi
1420 5123 1804 5182 decreverunt.

191 5214 407 5271 Porro
452 5222 614 5269 tanto
663 5215 901 5270 concilio
955 5216 1246 5272 Cornelius
1302 5217 1562 5272 Romamn
1589 5217 1821 5289 praefuit-

192 5306 433 5375 praesul
452 5303 746 5370 Ecclesiae;
774 5305 867 5372 qui
897 5305 1062 5360 etiam
1087 5304 1286 5361 scribit
1319 5306 1386 5361 ad
1422 5304 1648 5363 Fabium
1696 5309 1809 5378 epi-

190 5415 468 5471 scopum
514 5397 914 5453 Imtioehenum
966 5406 1078 5451 tam
1122 5412 1246 5469 quae
1294 5397 1504 5468 synodo
1531 5400 1807 5469 placuere,

183 5509 395 5561 queam
417 5492 640 5562 proprie
661 5491 730 5545 de
752 5489 1006 5560 malignis
1028 5488 1220 5545 Novati
1244 5491 1580 5553 actionibus,
1596 5491 1805 5547 dicens:

175 5584 337 5639 50's
373 5592 559 5637 autem
592 5580 734 5653 quod
764 5582 829 5634 ab
870 5579 996 5635 olim
1025 5577 1406 5636 desideraverit
1449 5582 1810 5650 episcopatum

158 5677 503 5734 ruirabilis
538 5678 657 5736 iste.
691 5675 965 5729 occultans
1010 5685 1495 5745 prtcsumptuosum
1542 5677 1595 5729 in
1632 5692 1685 5729 se
1718 5673 1811 5728 de-

130 5770 516 5832 siderium,
547 5780 598 5822 et
630 5767 844 5821 latentis
874 5766 1138 5834 superbire
1164 5768 1457 5822 velamento
1483 5769 1811 5838 conperiens.

132 5867 287 5925 Διί
315 5883 508 5940 quam
540 5866 594 5920 in
622 5863 929 5935 primordiis
963 5863 1160 5918 idcirco
1183 5862 1356 5919 elatus
1381 5863 1647 5933 apparuit,
1677 5878 1810 5935 quo-

1910 4666 2169 4733 Ecclesia,
2181 4666 2234 4719 in
2252 4681 2352 4736 quo
2370 4680 2471 4717 non
2492 4660 2769 4734 ignorabat
2783 4658 3113 4730 presbyteros
3128 4672 3241 4711 esse
3252 4652 3495 4727 quadra-

1909 4757 2058 4829 ginta
2091 4772 2205 4822 sex,
2235 4755 2486 4809 diaconos
2514 4759 2728 4820 septem,
2746 4748 3097 4805 subdiaconos
3123 4755 3339 4816 septem,
3360 4761 3491 4803 acac,

1914 4851 2049 4921 lytos
2073 4848 2206 4904 duos
2230 4856 2281 4903 et
2304 4844 2680 4916 quadraginta,
2697 4841 2988 4897 exorcistas
3007 4850 3181 4895 autem
3199 4848 3247 4894 et
3268 4838 3507 4892 lectores.

1914 4959 2032 4998 cum
2061 4939 2305 4997 ostiariis
2346 4937 2436 5000 52,
2484 4935 2673 4990 viduas
2715 4950 2833 4988 cum
2870 4933 3089 5003 afﬂictis
3127 4947 3292 5001 supra
3323 4930 3485 4985 1050'.

1917 5032 2061 5098 Quos
2090 5047 2267 5087 omnes
2306 5027 2523 5083 Domini
2559 5026 2739 5097 gratia
2782 5035 2830 5080 et
2879 5025 3248 5081 misericordia
3279 5023 3489 5082 nutrit;

1913 5140 2030 5197 qua:
2064 5138 2159 5176 nec
2195 5129 2346 5175 tanta
2371 5128 2421 5173 et
2454 5127 2563 5172 tant
2592 5118 2648 5171 in
2687 5116 2931 5172 Ecclesia
2954 5117 3250 5171 necessaria
3279 5130 3371 5181 per
3395 5111 3500 5169 Dei.

1915 5214 2297 5287 providentiam
2328 5210 2639 5272 multitudo,
2682 5226 2775 5264 nec.
2815 5209 2958 5264 dives
2983 5219 3036 5265 et
3070 5206 3358 5277 multiplex
3388 5220 3490 5258 nu—

1916 5324 2088 5363 merus
2113 5321 2231 5360 cum
2272 5305 2503 5359 maximo
2526 5312 2575 5357 et
2603 5301 2978 5356 innumerabili
3034 5299 3228 5368 populo
3260 5313 3293 5349 a
3333 5302 3486 5349 tanta

1917 5398 2285 5469 desperatione
2334 5414 2396 5451 ac
2446 5396 2605 5451 taedio
2637 5395 2913 5459 convertit,
2947 5399 3043 5445 aut
3088 5390 3159 5443 ad
3191 5386 3490 5442 Ecclesium

1919 5491 2197 5546 revocavit.
2235 5488 2331 5545 liis
2389 5488 2633 5543 inferens
2676 5492 2804 5556 post
2841 5483 2948 5538 alia
2983 5482 3119 5537 dicit
3154 5498 3167 5536 :
3208 5478 3315 5533 Eia
3348 5494 3488 5533 nunc

1919 5595 2108 5639 cretera
2169 5596 2568 5651 prosequamur,
2634 5577 2823 5647 quibus
2880 5573 3121 5643 operibus
3173 5574 3250 5627 vel
3307 5571 3493 5640 quibus

1920 5669 2403 5727 conversationibus
2432 5669 2564 5738 fisus
2610 5669 2968 5738 episcopatum
2998 5665 3100 5720 sibi
3130 5661 3491 5718 vindicaverit.

1922 5766 2005 5821 Au
2050 5763 2195 5832 forte
2232 5779 2327 5832 pro
2352 5778 2413 5816 eo
2442 5760 2579 5831 quod
2615 5761 2681 5814 ab
2728 5759 2882 5813 initio
2936 5758 2992 5813 in
3021 5755 3265 5813 Ecclesia
3320 5752 3507 5823 fuerat.

1926 5864 2282 5922 conversatus,
2316 5863 2365 5909 et
2397 5855 2589 5911 multos
2637 5867 2824 5925 agones
2851 5867 2948 5924 pro
2986 5867 3049 5910 ea
3090 5847 3327 5912 subierit,
3358 5852 3406 5900 et
3442 5844 3509 5896 in
