3906 6226
480 351 619 415 1203

1567 356 1966 419 ANASTASII
2030 355 2657 421 BIBLIOTHECARII

3565 360 3677 429 120i

478 478 726 548 periculis
751 477 930 531 multis
987 485 1037 531 et
1059 478 1266 548 magnis
1308 488 1519 548 propter
1567 478 1800 534 divinum
1848 478 2048 532 cultum
2078 481 2124 539 Α
2153 476 2280 540 2&6,
2315 478 2504 536 Catius
2538 487 2592 535 et
2646 476 2980 534 Volusianus
3032 477 3323 547 imperant.
3361 476 3677 540 Corneliuset

479 564 735 640 affuerit!
760 568 852 623 sed
884 586 985 623 non
1014 580 1090 624 est
1120 571 1220 624 ita.
1278 566 1378 625 Cui
1408 570 1645 626 uidelicet
1698 571 1904 625 occasio
1933 586 2047 625 crc-

480 663 639 717 dendi
670 660 777 729 fuit
809 659 1029 717 Satante
1060 660 1316 717 aduentus
1360 664 1414 721 in
1444 680 1561 717 eum
1609 672 1659 718 et
1693 664 1953 717 habitatio
1994 664 2047 716 in

477 753 573 808 illo
620 763 849 821 tempore
870 754 1059 818 multo,
1089 763 1138 808 et
1174 766 1232 808 ut
1256 755 1599 824 adjuvaretur
1649 755 1715 809 ab
1742 756 2045 809 exorcistis.

476 844 610 900 Cum
640 863 835 901 sa'uum
891 848 1206 903 incurrisset
1259 850 1587 919 languorem,
1641 865 1860 918 cumque
1914 848 2050 902 mori

477 938 837 991 cestimaretur
884 939 939 992 in
970 940 1104 994 lecto
1128 956 1229 1010 quo
1250 939 1486 1009 jacebat,
1521 940 1769 1008 perfusus
1813 948 1893 995 est
1928 955 2051 1009 gra-

477 1030 573 1095 tia,
608 1031 655 1085 si
684 1040 857 1085 tamen
886 1031 1058 1086 dicere
1079 1042 1317 1103 oporteat
1348 1032 1658 1102 Itujusmodi
1696 1032 1824 1101 quid
1855 1032 2049 1102 gratia!

474 1125 787 1191 suscepisse.
822 1122 924 1179 Sed
955 1141 1046 1178 nec
1076 1135 1267 1179 caetera
1288 1136 1597 1179 consecutus
1643 1134 1745 1188 est,
1780 1140 1898 1177 cum
1930 1126 2047 1177 lan-

471 1229 685 1282 guorem
733 1213 958 1284 fugeret,
1003 1231 1120 1284 qua:
1175 1215 1443 1283 percipere
1497 1213 1712 1269 debebat
1758 1213 2045 1268 secundum

472 1301 731 1358 Ecclesia:
758 1306 1014 1374 regulam.
1050 1305 1154 1360 Sed
1184 1322 1275 1359 nec
1310 1307 1641 1376 signaculum
1696 1305 1761 1358 ab
1802 1307 2045 1375 episcopo

470 1405 778 1451 consecutus
807 1405 906 1451 est.
939 1395 1081 1467 Ergo
1116 1415 1234 1451 cum
1268 1396 1379 1452 lucc
1399 1397 1618 1465 adeptus
1657 1415 1763 1452 non
1784 1399 1877 1460 sit,
1910 1414 2042 1467 quo-

470 1488 626 1542 modo
679 1505 855 1559 quaeso
888 1487 1148 1558 Spiritum
1183 1498 1425 1543 sanctunt
1445 1487 1663 1557 adeptus
1688 1492 1807 1543 est?
1830 1487 1892 1541 Et
1923 1505 2045 1543 rur-

472 1598 570 1637 sus
608 1580 777 1636 infert
827 1598 840 1633 :
880 1580 987 1648 Qui
1036 1592 1251 1652 propter
1303 1581 1643 1650 formidinem
1684 1591 1733 1635 et
1783 1583 2043 1652 privatam

469 1674 755 1747 quamdam
787 1675 1019 1744 gratiam
1057 1685 1282 1744 tempore
1328 1674 1706 1743 persecutionis
1767 1675 2036 1745 presbyte-

471 1781 589 1818 rum
619 1780 731 1818 esse
760 1782 814 1818 se
848 1746 1117 1836 denegavit
1154 1785 1167 1819 :
1198 1767 1503 1835 postulatus
1532 1768 1669 1819 enim
1707 1777 1861 1836 atque
1886 1783 2043 1837 roga-

2155 569 2355 627 Lucius
2411 572 2560 626 circa
2633 571 2829 626 borum
2895 581 3143 640 tempora
3194 569 3424 625 Romani
3476 573 3679 643 episcopi

2149 682 2347 721 cruore
2370 666 2614 737 martyrii
2646 665 2863 720 ﬂorent.
2907 665 3042 719 Cum
3079 666 3297 736 plurimi
3349 664 3571 737 Scythae,
3609 668 3679 737 qui

2150 759 2310 814 Gothi
2344 760 2627 822 dicuntur,
2669 757 2917 819 Histrum
2953 758 3180 817 ﬂuvium
3207 758 3314 813 sub
3348 756 3503 813 Decio
3533 767 3682 814 trans.

2150 862 2447 916 meassent,
2500 852 2809 905 Romanum
2864 852 3158 921 imperium
3202 851 3586 905 devastabant:
3615 852 3684 907 isti

2150 943 2332 1016 Mysos
2362 942 2667 1014 Nicopolim
2696 942 2973 1013 fugientes
2997 943 3381 1009 obt'unterunt.
3415 942 3595 997 Decius
3614 958 3688 997 au-

2148 1050 2253 1093 tem
2280 1038 2402 1090 illos
2431 1051 2752 1106 aggressus,
2792 1044 2852 1089 ut
2897 1033 3170 1104 Desippus
3228 1035 3447 1097 scribit,
3500 1035 3687 1102 triginta

2147 1113 2389 1185 millibus
2420 1128 2722 1185 interfectis
2751 1128 2809 1182 in
2865 1125 3124 1183 conﬂictu
3180 1126 3470 1190 minuitur,
3537 1127 3603 1180 ita
3643 1136 3688 1181 ut

2148 1219 2577 1291 Philippopolim
2621 1217 2894 1274 desertam
2928 1218 2999 1272 ab
3023 1217 3106 1272 eis
3137 1216 3339 1271 factam
3372 1219 3690 1271 amitteretet

2146 1310 2391 1367 Thraces
2424 1310 2579 1365 multi
2616 1310 2881 1380 perirent.
2914 1309 3089 1364 Porro
3131 1308 3333 1364 Decius
3384 1308 3691 1378 impugnata

2146 1404 2240 1460 Dei
2268 1402 2430 1457 valde
2458 1402 2823 1472 ignominioso
2862 1401 3139 1457 occiditur
3166 1400 3311 1471 apud
3340 1401 3591 1471 Abrytunt
3614 1401 3689 1469 qui

2143 1496 2348 1552 dicitur
2373 1492 2836 1549 Forotbembroni
2870 1507 2978 1547 una
3011 1507 3137 1546 cum
3172 1492 3305 1545 lilio.
3338 1491 3549 1562 Scytbze
3585 1506 3689 1546 vero

2144 1602 2269 1645 cum
2301 1585 2553 1658 pluribus
2593 1585 2789 1656 spoliis
2837 1592 2892 1640 et
2938 1584 3175 1654 captivis
3235 1582 3303 1636 ad
3364 1598 3463 1638 sua
3521 1584 3688 1640 reversi

2142 1686 2290 1733 sunt.
2326 1675 2612 1731 Exercitus
2642 1682 2826 1729 autem
2857 1671 3071 1728 Gallum
3103 1672 3429 1742 quemdam,
3477 1674 3560 1742 qui
3585 1673 3688 1727 olint

2144 1764 2339 1822 consul
2369 1765 2679 1828 exstiterat,
2710 1765 3095 1835 imperatorem
3131 1778 3237 1817 una
3274 1779 3404 1817 cum
3433 1762 3690 1818 Volusiano

472 1862 555 1906 tus
591 1870 622 1905 a
645 1853 956 1907 diaconibus
993 1866 1047 1908 ut
1087 1856 1254 1909 exiret
1294 1872 1322 1909 e
1360 1856 1576 1915 cellula.
1611 1872 1716 1924 qua
1756 1872 1870 1910 sese
1897 1872 2043 1909 coer-
2077 1827 2119 1883 Β
2149 1855 2300 1914 Decii
2328 1857 2441 1914 lilio
2467 1857 2936 1919 acclamaverunt,
2989 1856 3083 1925 qui
3122 1862 3177 1908 et
3212 1855 3489 1925 imperant
3528 1870 3690 1909 secure

469 1956 668 2011 cuerat,
708 1947 967 2016 fratribus
1003 1946 1367 2001 auxiliaturus
1398 1958 1469 2010 et,
1504 1955 1561 1999 ut
1612 1946 1697 2015 fas
1741 1946 2043 2017 presbytero

468 2046 625 2100 esset,
650 2054 745 2107 pro
770 2039 969 2092 viribus
1013 2037 1438 2109 periclitantibus
1471 2036 1728 2106 fratribus
1760 2045 1809 2091 et
1843 2037 2045 2091 sollici-

472 2129 671 2185 tudinis
712 2129 1070 2201 indigentibus
1116 2130 1498 2200 opitulaturus,
1532 2131 1663 2185 adeo
1711 2145 1899 2201 parere
1932 2130 2047 2185 dia-

468 2225 686 2279 conibus
708 2226 972 2279 recusavit
1000 2236 1055 2278 ut
1081 2226 1242 2278 etiam
1272 2224 1533 2280 smiendo
1570 2223 1881 2278 discederet.
1920 2222 2044 2279 Non

468 2317 605 2369 enim
642 2315 783 2368 ultra
817 2331 872 2369 se
894 2316 1251 2386 presbyterum
1280 2314 1393 2384 fore
1438 2330 1767 2377 asseverans,
1796 2329 1914 2367 cum
1958 2313 2045 2367 al-

473 2409 634 2460 terius
674 2418 812 2461 esset
837 2407 1183 2476 pltilosopltia'
1217 2417 1449 2461 amator.
1498 2405 1628 2462 Dein
1666 2415 1790 2475 post
1830 2404 2045 2476 pauxil-

470 2496 584 2552 lum
640 2498 911 2553 subinl'ert
947 2515 961 2552 :
993 2497 1218 2553 Deserta
1265 2500 1406 2554 enim
1453 2499 1632 2563 clarus
1664 2499 1764 2552 iste
1802 2496 2044 2552 Ecclesia

466 2586 588 2652 Dei,
617 2589 673 2641 in
697 2604 802 2659 qua
844 2589 1057 2643 credens
1086 2590 1277 2643 meruit
1333 2588 1753 2659 presbyteratum
1785 2605 1878 2658 per
1922 2606 2047 2659 gra-

467 2680 599 2733 tiam
629 2680 879 2749 episcopi,
907 2678 997 2751 qui
1022 2680 1090 2733 ad
1115 2693 1311 2736 sortem
1358 2681 1751 2752 presbyteratus
1800 2681 1848 2735 ei
1878 2684 2048 2751 impo-

466 2773 595 2835 suit,
621 2771 917 2840 prohibitus
938 2784 1016 2828 est
1054 2772 1119 2827 ab
1144 2773 1290 2827 omni
1319 2773 1481 2837 clero,
1519 2773 1609 2828 sed
1644 2782 1693 2827 et
1721 2772 1871 2825 laicis
1912 2772 2046 2825 mul-

468 2862 539 2917 tis
571 2862 927 2917 asserentibus
961 2880 1064 2918 non
1107 2879 1219 2918 esse
1262 2864 1469 2917 licitum
1511 2863 1755 2917 clericum
1782 2862 1899 2931 ﬁeri
1927 2878 2044 2915 cum

467 2970 634 3008 causa
684 2954 1043 3024 inﬁrmitatis,
1069 2957 1157 3026 qui
1193 2953 1247 3008 in
1277 2954 1409 3008 lecto
1446 2954 1648 3024 positus
1697 2954 1929 3024 gratiam
1977 2954 2043 3007 sit

467 3045 710 3116 adeptus.
764 3044 958 3102 Verum
984 3048 1288 3117 episcopum
1320 3057 1691 3116 poposcerunt.
1723 3057 1779 3098 ut
1809 3045 1907 3098 Itoc
1945 3046 2044 3099 sibi

2147 1952 2280 2008 dum
2308 1950 2615 2021 Dexippum
2636 1948 2922 2004 mensibus
2945 1948 3134 2004 decem
3161 1956 3217 2003 et
3239 1958 3393 2013 octo,
3414 1947 3689 2017 nildignuut

2148 2040 2308 2096 laude
2330 2047 2608 2111 gerentes,
2639 2040 2943 2095 secundum
2966 2039 3105 2093 alios
3136 2048 3319 2092 autem
3346 2038 3499 2092 annis
3522 2037 3688 2099 tribus.

2145 2141 2308 2201 porro
2338 2128 2639 2183 secundum
2672 2125 2937 2196 quosdam
2999 2124 3161 2181 annis
3197 2124 3453 2192 duobus;
3507 2140 3688 2197 percis-

2146 2220 2335 2291 ptique
2386 2228 2518 2276 sunt
2561 2220 2761 2289 proditi
2806 2236 2836 2274 a
2889 2220 3115 2291 proprio
3169 2229 3454 2290 potentatu
3506 2220 3552 2274 in
3589 2218 3689 2272 loro

2146 2310 2421 2376 Flaminii.
2461 2327 2806 2383 nequaquam
2847 2311 2997 2367 Decii
3027 2327 3211 2368 mores
3251 2312 3466 2377 sectati,
3502 2320 3687 2381 utquo-

2145 2400 2271 2457 dam
2315 2403 2370 2457 in
2402 2404 2524 2459 loco
2556 2402 2750 2458 beatus
2813 2402 3107 2473 Dionysius
3159 2404 3571 2466 Alexandrinos,
3610 2416 3690 2456 an-

2144 2496 2303 2551 tistes
2329 2495 2760 2561 Hermammoni,
2794 2496 3012 2552 scribit.
3047 2496 3145 2553 llis
3164 2497 3493 2566 temporibus
3510 2494 3690 2564 Grego-

2145 2586 2263 2641 rius
2281 2599 2508 2656 magnus
2524 2595 2577 2640 et
2598 2585 2993 2640 miraculorum
3017 2587 3329 2657 patratorin
3347 2582 3687 2655 philosophia,

2144 2693 2268 2747 quae
2303 2677 2605 2732 secundum
2633 2674 2916 2732 Christum
2949 2687 3059 2744 est,
3101 2676 3424 2747 perfectione
3446 2672 3683 2743 fulgebat.

2143 2769 2315 2839 Cujus
2348 2768 2676 2840 condignam
2701 2767 3065 2826 Caesariensis
3085 2767 3364 2831 Eusebius,
3390 2768 3561 2820 nescio
3584 2777 3682 2833 qua

2148 2877 2247 2933 pro
2280 2875 2474 2925 causa,
2523 2861 2861 2917 mentionem
2892 2877 3001 2916 non
3036 2860 3190 2926 facit,
3237 2859 3525 2931 praesertim
3569 2871 3685 2910 cum

2145 2951 2622 3008 irrationabilihus
2687 2951 3193 3007 declamationibus
3267 2949 3415 3020 impii
3459 2945 3691 3019 Origenis

2145 3052 2415 3110 moretur,
2455 3044 2602 3115 quod
2636 3059 2798 3115 agere
2837 3045 3024 3115 potius
3053 3059 3223 3115 super
3277 3044 3384 3099 hoc
3436 3039 3679 3101 debuerit,

464 3139 531 3194 de
557 3140 661 3195 isto
690 3138 804 3195 solo
833 3138 1161 3195 concederet.
1194 3138 1291 3194 llis
1317 3138 1465 3193 addit
1495 3139 1785 3193 Cornelius
1823 3139 2041 3208 pravis-
2068 3187 2115 3245 ϐ
2146 3139 2238 3210 qui
2265 3153 2359 3210 per
2392 3137 2710 3193 universum
2751 3139 2941 3193 orbem
2965 3146 3241 3193 terrarum
3273 3144 3523 3206 personat
3563 3131 3687 3188 divi.

466 3232 662 3285 simam
726 3226 920 3285 Novati
997 3232 1393 3302 impudentiam
1459 3247 1770 3288 asserens:
1818 3230 2043 3286 Fuciens

463 3322 603 3376 enim
631 3321 945 3387 oblationes,
971 3334 1020 3376 et
1073 3323 1393 3392 dispertiens
1427 3326 1708 3394 unicuique
1748 3325 2043 3392 portionem

465 3420 515 3463 et
551 3409 786 3474 tradens,
823 3412 923 3465 hoc
958 3411 1150 3483 jurare
1179 3429 1275 3480 pro
1325 3413 1678 3467 benedictione
1706 3414 1919 3469 miseros
1947 3415 2043 3467 Ito-

465 3503 633 3555 mines
665 3502 821 3573 cogit,
853 3512 1028 3558 tencns
1063 3514 1288 3575 utraque
1327 3522 1488 3559 manu
1531 3523 1746 3560 manum
1779 3507 2043 3577 accipien-

464 3589 556 3655 tis,
586 3603 636 3645 et
668 3607 769 3647 non
792 3592 1060 3648 dimittens
1093 3592 1256 3649 donec
1270 3596 1464 3664 jurans
1511 3596 1607 3650 hoc
1633 3597 1777 3650 dicat
1804 3613 1822 3649 :
1857 3596 2043 3667 (illius

462 3683 609 3737 enim
654 3684 1002 3741 sermonibus
1034 3687 1191 3759 utar)
1227 3703 1245 3739 ι
1276 3686 1418 3742 Jura
1440 3689 1571 3743 mihi
1612 3706 1707 3760 per
1760 3706 1949 3761 corpus
1989 3699 2039 3744 et

464 3776 775 3847 sanguinent
842 3776 1057 3831 Domini
1101 3781 1271 3834 nostri
1316 3779 1448 3836 Iesu
1494 3779 1698 3836 Christi
1730 3781 1868 3853 quod
1906 3800 2041 3838 nun-

462 3884 622 3938 quam
654 3886 735 3924 me
789 3869 1081 3941 aliquando
1112 3872 1448 3945 derelinquas
1502 3877 1580 3931 uel
1619 3880 1688 3930 ad
1738 3876 2039 3933 Cornelium

465 3960 688 4026 redeas;
727 3979 744 4012 t
780 3971 829 4016 et
862 3962 1131 4033 infaustus
1148 3963 1317 4020 'horno
1357 3982 1461 4020 non
1491 3967 1640 4035 prius
1672 3977 1848 4036 gustat
1881 3984 2040 4037 quant

466 4053 566 4108 sibi
594 4064 750 4108 antea
784 4053 1091 4120 maledicat,
1116 4064 1166 4110 et
1192 4073 1289 4127 pro
1316 4074 1376 4112 eo
1400 4067 1457 4111 ut
1490 4057 1635 4112 dicat
1666 4070 1880 4129 accepto
1908 4075 2043 4127 pane

463 4147 560 4202 illo
594 4147 697 4218 (l‘l
732 4166 751 4199 ι
796 4148 1226 4214 Amcn,ulterius
1248 4150 1370 4220 jam
1404 4168 1509 4206 non
1555 4151 1761 4207 redeam
1794 4153 1863 4207 ad
1911 4153 2043 4211 Cor-

463 4241 659 4295 nelium
694 4260 713 4294 s
752 4241 900 4296 dicit.
933 4241 1204 4299 Praeterea
1228 4240 1396 4299 Fabio
1422 4245 1766 4301 Antioclteno
1780 4247 2042 4317 episcopo

463 4349 632 4407 super
659 4333 868 4391 Novato
893 4335 1226 4390 claudicanti
1257 4335 1568 4403 Cornelius,
1599 4353 1720 4407 qua:
1748 4340 2037 4407 praemissa

462 4436 613 4495 stitit,
655 4435 709 4483 et
741 4426 978 4499 qualiter
1019 4444 1143 4484 eum
1192 4429 1350 4485 multi
1395 4431 1712 4487 deserentes
1754 4433 1819 4485 ad
1856 4432 2042 4489 Eccle-

2145 3234 2343 3304 nisque
2380 3230 2566 3287 verbis
2596 3238 2854 3286 coruscat
2882 3239 3045 3297 atque
3068 3227 3363 3300 prodigiis,
3402 3228 3470 3281 ita
3495 3235 3551 3279 ut
3573 3223 3689 3292 ipsis

2142 3328 2307 3384 etiam
2339 3323 2684 3380 daemonibus
2708 3330 2769 3378 ut
2799 3321 3133 3394 quibusdam
3164 3320 3459 3391 mancipiis
3485 3320 3692 3387 impera.

2144 3427 2228 3474 ret
2252 3432 2347 3488 per
2374 3417 2600 3471 multam
2638 3416 2705 3469 ad
2734 3415 2901 3469 Deum
2939 3412 3200 3471 ﬁduciam
3233 3421 3292 3469 et
3321 3413 3443 3469 vita!
3476 3417 3530 3466 et
3559 3405 3689 3462 verbi

2144 3509 2496 3566 munditiam.
2549 3507 2787 3564 JEstimo
2840 3514 3024 3561 autem
3067 3502 3375 3559 Eusebium
3419 3504 3491 3559 its
3518 3498 3690 3555 deilca

2142 3601 2361 3657 virtutis
2402 3599 2671 3658 mirabilis
2729 3606 2786 3653 et
2845 3594 3039 3652 deiferi
3101 3594 3364 3666 Gregorii
3406 3590 3689 3665 magnitudi-

2144 3712 2269 3753 nem
2322 3695 2593 3763 tacuisse,
2627 3708 2729 3765 pro
2767 3708 2832 3749 eo
2884 3691 3032 3760 quod
3082 3692 3428 3748 omnimodis
3464 3703 3617 3760 purus
3646 3692 3688 3740 et

2144 3789 2361 3846 alienus
2395 3788 2464 3843 ab
2499 3786 2755 3856 Origenis
2783 3784 3167 3840 deliramentis
3192 3791 3245 3839 et
3304 3784 3423 3839 Arii
3476 3779 3687 3850 blasphe-

2144 3881 2271 3936 miis
2301 3880 2488 3944 fuerit,
2525 3878 2728 3949 quibus
2752 3877 3023 3932 Eusebius
3048 3884 3163 3931 erat
3193 3874 3463 3932 inlectus.
3491 3873 3582 3941 Qui
3608 3884 3687 3925 nec

2142 3972 2423 4045 Cypriani,
2454 3970 2641 4043 magni
2671 3968 3024 4039 Carthaginis
3053 3966 3237 4039 Libye
3269 3968 3544 4039 praesidis.
3573 3976 3691 4019 mr-

2144 4065 2345 4136 tyrium
2375 4063 2624 4134 scripsit.
2666 4061 2885 4116 Primus
2909 4059 3189 4131 Cypriane
3209 4055 3595 4131 dogmatisanti
3615 4066 3690 4123 per

2141 4155 2419 4211 lavacrum
2456 4153 2749 4226 quosdam,
2778 4154 2985 4223 quies
3038 4151 3359 4209 haeresibus
3402 4157 3691 4207 convertun-

2142 4258 2258 4315 tur,
2315 4245 2710 4321 purilicandos,
2755 4244 3091 4316 Stephanus,
3155 4243 3251 4315 qui
3323 4253 3452 4315 post
3500 4239 3690 4296 Lucium

2144 4336 2519 4393 Romanorum
2553 4335 2870 4391 moderatus
2899 4344 2984 4391 est
3032 4333 3241 4400 sedem,
3278 4335 3513 4398 restitit,
3536 4337 3692 4400 utpote

2142 4446 2344 4488 novum
2403 4428 2663 4503 quiddam
2710 4435 2911 4500 praeter
2958 4425 3219 4483 Ecclesiae
3268 4425 3688 4483 consuetudine»:

462 4523 602 4577 siam
633 4530 883 4587 currant,
935 4524 1249 4583 necessario
1289 4524 1503 4580 scribit.
1561 4526 1619 4578 lu
1651 4525 1853 4595 quibus
1882 4534 1935 4582 et
1969 4522 2541 4589 deDintroducenti.
2602 4520 2706 4577 Cui
2773 4520 3059 4591 Stephano
3119 4519 3427 4590 Dionysius
3495 4518 3688 4588 prima!

461 4612 623 4669 beato
650 4612 837 4683 Moyse
862 4623 1103 4687 martyre
1150 4616 1419 4680 meminit,
1449 4617 1687 4686 qualiter
1715 4618 1892 4688 ipsum
1923 4618 2035 4674 No-

460 4713 646 4760 vatum
678 4716 803 4764 ante
839 4708 1158 4778 martyrium
1193 4723 1300 4761 una
1336 4722 1459 4763 cum
1488 4709 1735 4780 quinque
1761 4711 2034 4766 schisma-

460 4793 586 4850 tieis
620 4796 959 4867 presbyteris
1004 4797 1148 4867 ejus,
1201 4796 1617 4869 deprehendens
1673 4800 2036 4855 temeritatem

461 4885 658 4955 ipsius,
683 4888 1268 4945 excommunicaverit.
1297 4889 1571 4961 Additque
1591 4892 1643 4945 in
1663 4892 1909 4964 epistola:
1932 4892 2038 4948 line

460 4975 769 5047 catalogum
805 4978 1190 5049 episcoporum
1225 4980 1317 5052 qui
1372 4981 1641 5038 adversus
1688 4998 1813 5038 eum
1851 4980 2040 5040 Romae

461 5080 835 5124 convenerant
872 5085 969 5141 per
1001 5071 1216 5143 singula
1251 5075 1499 5140 nomina,
1545 5084 1600 5131 et
1651 5077 2035 5146 parochiarum

460 5158 671 5216 faciens
698 5159 1056 5229 mentionem,
1116 5179 1330 5222 necnon
1360 5177 1415 5223 et
1464 5182 1654 5223 eorum
1677 5169 1771 5239 qui
1806 5184 1931 5224 cum
1965 5169 2037 5224 ob

458 5255 768 5312 necessaria
801 5255 1084 5312 obstacula
1126 5271 1234 5311 non
1289 5260 1701 5328 convenissent,
1734 5276 2035 5317 consense-

460 5358 588 5403 runt
619 5359 799 5405 tamen
829 5350 1069 5421 propriis
1114 5350 1314 5406 litteris
1359 5350 1545 5407 divino
1606 5362 1799 5408 contra
1851 5352 2031 5423 ipsum

457 5438 776 5511 deprompto
799 5440 1032 5513 judicio.

533 5529 715 5588 Mundi
770 5551 917 5593 anno
972 5535 1134 5599 5746,
1192 5535 1392 5593 dit-inte
1452 5537 1850 5594 incarnationis
1889 5554 2031 5593 anno

2141 4633 2300 4675 suam
2328 4617 2398 4673 de
2429 4617 2759 4686 baptismate
2780 4616 2953 4670 mittit
2974 4614 3298 4684 epistolam,
3341 4615 3397 4669 in
3431 4627 3535 4683 qua
3575 4610 3687 4662 inter

2142 4709 2252 4765 alia
2301 4707 2496 4764 scribit
2529 4706 2767 4763 dicens:
2812 4705 2989 4777 Syriae
3011 4720 3140 4760 sane
3176 4719 3365 4758 omnes
3410 4712 3461 4758 et
3508 4695 3689 4755 Arabia.

2140 4802 2329 4871 quibus
2348 4815 2551 4869 semper
2587 4798 2844 4861 misistis,
2878 4805 3038 4869 atque
3065 4791 3490 4864 Mesopotamia,
3519 4791 3687 4846 Post“

2139 4895 2190 4941 et
2220 4884 2493 4957 Bithynia,
2522 4895 2579 4940 ut
2614 4886 2939 4957 conjunctim
2960 4901 3222 4947 asseram,
3242 4884 3523 4939 exsultant
3543 4888 3688 4936 om

2141 4976 2331 5048 ubique
2360 4978 2651 5033 concordia
2677 4986 2728 5032 et
2759 4994 2942 5033 amore
2968 4976 3334 5047 fraternitatis
3358 4974 3681 5047 gloriﬁcantes

2140 5070 2332 5127 Deum.
2364 5069 2635 5127 Praeterea
2667 5071 2810 5127 idem
2852 5086 3087 5143 magnus
3126 5069 3437 5138 Dionysius
3490 5066 3683 5123 Alenu-

2137 5164 2333 5219 drinus
2364 5163 2663 5235 episcopus
2694 5163 2764 5219 de
2794 5164 3126 5235 baptismate
3150 5164 3357 5218 scribit
3410 5171 3522 5217 tam
3545 5155 3684 5213 eidem

2140 5256 2421 5329 Stephano
2466 5272 2634 5327 quam
2673 5256 2832 5312 Sixto
2864 5259 3110 5329 pontiﬁci
3156 5266 3213 5314 et
3248 5254 3557 5314 Philemoni
3589 5262 3686 5321 ρκ-

2141 5351 2367 5422 sbytero
2391 5357 2447 5407 et
2476 5348 2742 5422 Dionysio
2769 5365 2927 5424 aque
2959 5351 3299 5423 presbytero.
3334 5352 3459 5406 viro
3486 5347 3681 5402 ratione

2141 5443 2234 5498 bili
2268 5451 2321 5497 et
2344 5442 2604 5510 mirabili,
2627 5441 2723 5513 qui
2755 5450 2811 5499 et
2840 5451 2965 5514 post
2995 5443 3274 5501 modicum
3309 5441 3553 5501 Romano
3574 5445 3680 5508 με*

2139 5536 2322 5594 ticitur
2348 5538 2565 5593 throno.

1966 5651 2196 5709 NOTAE.

766 5742 1211 5823 Observationes
1237 5751 1359 5823 Nic.
1393 5747 1614 5823 Rigaltii
1667 5749 1735 5805 ad
1762 5750 2087 5807 Tertullian.
2124 5750 2205 5806 Dc
2246 5752 2561 5822 spectaculis
2597 5752 2654 5808 in
2685 5751 2812 5819 line,
2840 5758 2895 5809 et
2924 5750 3170 5808 Menard.
3195 5750 3246 5806 in
3301 5749 3399 5804 lib.
3471 5746 3674 5799 Sacram.

460 5805 518 5863 S.
547 5802 802 5876 Gregor.,
834 5826 887 5880 p.
910 5802 1014 5873 389
1043 5826 1098 5874 et
1120 5802 1434 5876 5915mm.
