3906 6226
1539 243 1546 274 1

282 355 402 421 1205

1055 353 1423 416 HISTORIA
1460 355 2036 423 ECCLESMS’I‘ICA
2065 363 2166 423 EX
2200 363 2684 425 THEOPHANE.

3390 365 3540 430 12M”

337 464 511 519 Mundi
573 478 719 518 anno
770 463 933 528 5748,
993 465 1192 522 divma
1240 468 1642 525 incarnationis
1684 482 1838 531 anno
1868 477 1912 532 Α
1945 489 2065 530 nem
2102 475 2369 532 adversus
2397 476 2743 534 Christianos
2775 492 2996 534 movere
3023 478 3312 544 niteretur.
3338 484 3525 539 divino

277 557 387 621 ειε,
421 554 752 611 Valerianus
782 551 836 612 et
866 553 1129 614 Galienus
1180 559 1476 630 imperant.
1522 559 1835 631 Stephanus

275 649 446 706 Sixtus
479 656 532 703 et
568 645 862 718 Dionysius
897 646 1205 705 Romanum
1240 651 1582 721 pontiilcium
1616 664 1833 724 gerunt.

273 742 458 798 Paulus
511 739 906 796 Samosatenus
946 743 1191 799 decimus
1245 745 1474 815 quintus
1537 747 1839 803 Antiochiae

273 834 453 905 praesul
493 832 754 900 habetur,
784 833 988 904 quique
1025 837 1216 904 pulsus
1247 844 1331 892 est
1379 837 1568 893 divino
1616 837 1838 894 decreto

272 927 538 997 etjudicio
564 935 881 981 sanctorum
923 927 1169 987 Patrum.
1204 945 1325 982 cum
1377 930 1694 987 Artemonis
1725 933 1834 987 hae-

270 1021 416 1075 resim
455 1028 798 1074 renovasset.
837 1020 1037 1074 Verum
1075 1031 1198 1090 post
1231 1021 1444 1077 Gallum
1477 1032 1533 1078 et
1579 1022 1839 1079 Volusia-

269 1128 384 1169 num
419 1113 726 1169 secundum
781 1115 1047 1182 quosdam
1079 1113 1409 1170 Emilianus
1458 1118 1626 1171 sumit
1662 1119 1836 1189 impe-

269 1208 419 1261 rium.
456 1203 612 1261 Tunc
635 1211 689 1260 et
716 1201 933 1282 Scythae
962 1221 1160 1261 rursus
1201 1205 1448 1262 Histrum
1489 1217 1839 1267 transeuntes

268 1295 708 1354 Thessalonicam
742 1299 928 1352 urbem
983 1295 1184 1368 lllyrici
1239 1309 1624 1357 vastaverunt.
1675 1302 1836 1358 Tunc

269 1403 314 1449 et
332 1391 693 1446 Athenienses
724 1389 1196 1444 reaediiicaverunt
1225 1407 1462 1458 murum,
1497 1395 1588 1464 qui
1621 1396 1836 1450 destru-

269 1495 378 1540 ctus
407 1482 584 1539 fuerat
606 1499 634 1536 a
669 1481 829 1555 Syllae
857 1482 1213 1552 temporibus.
1247 1483 1463 1556 Scythae
1493 1497 1676 1541 autem
1709 1503 1834 1541 cum

273 1577 448 1630 multis
491 1574 694 1646 prmdis
728 1574 794 1628 ad
827 1573 1049 1644 propria
1100 1585 1430 1630 remearunt.
1477 1575 1630 1632 Tunc
1655 1586 1708 1632 et
1731 1577 1838 1633 He-

269 1670 363 1725 luri
387 1684 512 1724 cum
543 1667 861 1738 quingentis
905 1666 1141 1721 navibus
1169 1683 1262 1734 per
1290 1666 1569 1724 Maemides
1610 1669 1837 1740 paludes

269 1759 328 1817 ad
360 1759 593 1814 Pontum
629 1756 956 1829 navigantes
1001 1754 1325 1829 Byzantium
1363 1767 1417 1814 et
1455 1760 1835 1833 Chrysopolim

266 1867 540 1930 ceperunt.

327 1951 486 2005 Auno
531 1950 722 2004 mundi
773 1949 933 2011 5753,
985 1947 1184 2004 divinae
1243 1945 1644 2001 incarnationis
1695 1961 1841 2001 anno

265 2043 383 2106 253,
413 2040 677 2098 Claudius
735 2042 989 2111 imperat.
1025 2039 1214 2094 Heluri
1278 2041 1443 2095 etiam
1487 2055 1682 2094 rursus
1739 2039 1841 2094 sub

267 2135 363 2188 isto
386 2133 679 2187 infeliciter
707 2140 1027 2201 operantur.
1058 2129 1187 2185 Post
1218 2129 1508 2184 Claudium
1529 2129 1834 2195 Quintilius

265 2223 497 2279 obtinuit
521 2239 619 2294 per
647 2223 762 2278 dies
790 2222 876 2286 17,
912 2232 966 2276 et
997 2230 1245 2278 mortuus
1274 2231 1380 2276 est.

330 2315 514 2372 Mundi
564 2332 711 2370 anno
764 2314 925 2382 5764,
981 2315 1178 2370 divinae
1232 2314 1630 2369 incarnationis
1688 2329 1832 2369 anno

264 2410 380 2476 264,
408 2411 738 2465 Aurelianus
767 2409 1020 2478 imperat,
1049 2407 1153 2462 sub
1189 2422 1298 2477 quo
1325 2409 1482 2462 aiunt
1529 2405 1830 2461 Philostra-

264 2515 368 2558 tum
399 2503 818 2558 Atheniensium
864 2499 1371 2570 historiographum
1417 2508 1471 2554 et
1520 2499 1826 2570 Longinum

263 2597 480 2666 pollere.
514 2594 638 2661 Qui,
666 2593 922 2650 videlicet
954 2592 1310 2658 Aurelianus,
1334 2607 1458 2646 cum
1490 2591 1830 2661 persecutio.

1941 565 2171 622 fulmine
2205 567 2548 637 prohibetur,
2577 568 2878 642 fraudeque
2903 586 3127 626 suorum
3162 573 3380 630 occisus
3440 585 3524 630 est

1941 660 1995 714 in
2021 659 2418 730 Canophrurio
2459 663 2638 732 posito
2674 663 2817 717 inter
2867 663 3190 734 Byzantium
3245 674 3302 719 et
3351 666 3525 720 Hera-

1945 752 2130 806 cliam.
2161 750 2291 806 Post
2325 769 2483 822 quem
2520 755 2755 821 imperat
2784 753 3007 808 Tacitus
3037 771 3050 815 ;
3091 772 3198 825 quo
3243 768 3522 825 perempto

1943 843 2174 913 imperat
2199 843 2547 899 l‘hilorianus
2570 862 2583 908 ;
2605 860 2711 916 quo
2736 844 3023 900 interfecto
3041 846 3271 918 imperat
3289 845 3520 903 Probus.

2014 937 2197 992 Mundi
2253 953 2398 991 anno
2452 936 2615 1003 5770,
2670 939 2868 992 divina:
2932 939 3323 996 incarnationis
3381 957 3525 996 anno

1942 1030 2072 1093 c2'70,
2107 1029 2267 1084 tertio
2300 1045 2444 1083 anno
2470 1027 2648 1088 Probo
2686 1031 2988 1100 imperante
3017 1031 3301 1087 Anatolius
3325 1029 3526 1088 Laodi-

1941 1135 2114 1175 cenus
2173 1119 2468 1189 cpiscopus
2554 1122 2954 1194 philosophicis
3037 1123 3234 1179 studiis
3290 1127 3526 1182 dt‘COt‘Us

1943 1212 2284 1284 agnoscitur.
2329 1215 2536 1279 Quarto
2571 1231 2700 1268 vero
2727 1231 2872 1269 anno
2893 1217 3010 1285 ejus
3040 1231 3367 1272 vcsanorum
3413 1219 3525 1274 Ma—

1945 1307 2276 1361 nichaeorum
2346 1307 2585 1362 exitialis
2625 1307 2862 1378 perditio
2916 1310 3038 1364 vitae
3101 1311 3381 1366 hominum
3442 1322 3526 1368 est

1943 1400 2111 1454 illata.

2013 1489 2195 1545 Mundi
2253 1507 2398 1546 anno
2441 1491 2605 1554 5775,
2661 1491 2860 1546 divinae
2923 1493 3321 1549 incarnationis
3381 1511 3525 1550 anno

1939 1583 2066 1650 275,
2104 1583 2280 1638 Carus
2313 1600 2436 1639 cum
2475 1584 2602 1639 ﬁliis
2645 1582 2848 1638 Carino
2893 1590 2947 1640 ct
2982 1583 3314 1640 Numeriano
3355 1587 3524 1656 impc-

1940 1690 2021 1731 rat
2052 1696 2066 1744 ;
2109 1692 2341 1748 quorum
2372 1694 2538 1741 unus,
2590 1676 2954 1732 Nttmeriantts
3009 1677 3242 1741 scilicet,
3275 1694 3397 1733 cum
3429 1694 3524 1732 vc-

1944 1769 2121 1825 nisset
2170 1769 2539 1831 Antiochiam,
2589 1769 2760 1822 voluit
2795 1769 3003 1824 intrare
3031 1767 3084 1822 in
3149 1769 3543 1824 ecclesiastica-

1950 1867 2004 1914 (ιι
2067 1861 2359 1931 explorare
2417 1860 2862 1917 Christianorum
2931 1861 3210 1932 mysteria.
3269 1863 3336 1916 At
3397 1878 3524 1916 vero

1945 1962 2172 2007 sanctus
2211 1951 2445 2021 Babylas
2480 1953 2762 2021 prohibuit
2794 1967 2942 2014 eum,
2980 1953 3169 2007 dieetts
3201 1971 3216 2008 :
3253 1950 3373 2008 Non
3403 1953 3544 2008 ιῑςειιο

1946 2045 2041 2098 tibi
2073 2044 2248 2098 videre
2272 2041 2454 2098 divina
2489 2043 2914 2100 Christianorum
2967 2045 3244 2114 mysteria,
3297 2063 3414 2100 cum
3449 2048 3522 2100 si:

1944 2136 2180 2206 pollutus
2213 2135 2420 2190 idolicis
2445 2137 2766 2204 sacriﬁciis;
2799 2136 2890 2205 qui
2950 2135 3270 2207 indignatus
3322 2137 3520 2191 occidit

1944 2240 2092 2278 cum.
2141 2223 2299 2280 Circa
2349 2225 2463 2279 haec
2511 2231 2757 2295 tempora
2813 2224 2962 2280 Felix
3029 2225 3409 2298 Eutychianus
3469 2237 3538 2282 ct-

1941 2315 2105 2371 Caius
2133 2316 2321 2372 Romae
2353 2317 2641 2386 pontifices
2690 2318 3040 2372 exstiterunt.
3088 2316 3258 2372 Porro
3314 2317 3521 2374 Nume-

1942 2409 2130 2463 rianus
2162 2423 2284 2462 cum
2343 2407 2569 2479 triginta
2632 2415 2846 2462 tantum
2909 2408 3103 2464 diebus
3155 2417 3457 2478 regnasset,
3489 2423 3544 2462 a-

1939 2515 2137 2556 socero
2192 2517 2293 2556 suo
2322 2499 2647 2557 interfectus
2684 2512 2789 2568 est,
2824 2508 2880 2556 et
2935 2499 3309 2559 Diocletianus
3353 2503 3544 2559 sumit“

1911 2583 2247 2666 imperium.

1874 1831 1916 1890 Β

266 2831 3078 2858 WW

967 3053 1297 3122 ABHINC
1349 3054 1820 3128 HISAACIUS,
1855 3055 2007 3132 QUI
2037 3054 2158 3117 ET
2199 3052 2797 3118 THEOPHANES.

328 3401 507 3457 Mundi
559 3415 707 3456 anno
766 3402 926 3470 5777,
977 3404 1178 3461 divina:
1231 3405 1631 3461 incarnationis
1689 3410 1904 3468 annoc
1938 3407 2221 3477 proiicere,
2254 3405 2914 3478 ctdeprehendenshunc
2937 3403 3182 3460 futurum
3210 3407 3550 3478 tyrannidis.

259 3493 378 3557 9.77.
413 3495 791 3551 Diocletianus
817 3503 872 3552 et
923 3495 1284 3555 Maximianus
1337 3497 1626 3554 Herculius
1663 3500 1835 3569 impe-

261 3593 398 3648 rant.
422 3587 517 3656 qui
555 3585 803 3643 Caesares
832 3586 1012 3643 fecere
1057 3587 1440 3646 Constantium
1472 3601 1525 3646 et
1552 3591 1836 3646 Maximia-

256 3695 382 3732 num
409 3679 715 3736 Galerium.
741 3679 808 3736 Et
840 3680 1210 3739 Diocletianus
1238 3685 1456 3754 quidem
1489 3685 1653 3738 filiam
1681 3699 1834 3739 suam

254 3771 318 3828 ad
348 3771 572 3841 nuptias
609 3773 827 3827 Galerio
865 3773 1034 3841 dedit,
1083 3772 1376 3830 Herculius
1434 3783 1615 3829 autem
1663 3773 1838 3829 Maxi-

252 3865 470 3921 mianus
490 3866 837 3922 Theodoram
871 3867 1035 3922 tiliam
1067 3882 1221 3924 suam
1251 3867 1614 3923 Constantino
1661 3882 1835 3938 copu-

251 3959 399 4022 iavit,
425 3973 744 4027 quanquam
781 3970 1010 4030 uterque
1041 3974 1241 4015 uxores
1270 3960 1532 4026 haberet,
1561 3975 1700 4030 quas
1745 3975 1835 4016 re-

248 4051 384 4119 pulit
420 4051 490 4104 ob
518 4051 773 4106 aﬂ‘ectum
814 4067 922 4122 quo
949 4065 1078 4124 erga
1127 4054 1491 4121 imperatores
1547 4053 1833 4124 ﬂagrabat.

247 4141 408 4197 Tunc
454 4159 675 4214 quoque
718 4143 1009 4201 Marcellus
1055 4145 1351 4216 episcopus
1401 4147 1583 4202 ltomte
1627 4146 1831 4229 αξη-υἷι.

249 4232 634 4290 Diocletianus
667 4245 722 4289 et
761 4233 1130 4291 Maximianus
1167 4233 1459 4290 Herculius
1497 4239 1836 4305 persecutio-

246 4340 374 4378 nem
427 4341 682 4396 magnam
749 4337 802 4382 et
850 4329 1180 4383 horrendam
1239 4339 1431 4384 contra
1490 4328 1834 4387 Christianos

243 4413 658 4482 excitaverunt,
693 4425 747 4470 et
777 4419 1012 4488 plurima
1044 4429 1342 4490 martyrum
1373 4421 1540 4475 millia
1581 4433 1835 4493 patrave-

243 4515 420 4569 runt,
474 4510 692 4563 diversa
741 4520 1013 4566 tormenta
1083 4515 1461 4584 excogitantes
1525 4525 1578 4572 et
1639 4519 1834 4573 n‘mltas

240 4599 530 4667 nequitias
563 4611 877 4670 operantes.
1611 4605 1626 4622 '

317 4691 516 4746 Mundi
570 4707 717 4749 anno
757 4696 920 4762 5788,
974 4695 1173 4752 divinae
1227 4697 1625 4754 incarnationis
1687 4716 1833 4756 anno

228 4783 373 4845 288,
419 4781 766 4840 Diocletiano
790 4787 1094 4859 imperante
1131 4787 1315 4844 Romae
1335 4793 1536 4861 praesul
1562 4791 1832 4850 Eusebius

231 4880 506 4934 habetur.
535 4879 664 4946 Qui,
690 4881 947 4937 videlicet
982 4881 1381 4948 Diocletianus,
1415 4886 1560 4955 apud
1589 4885 1831 4939 Alexan-

227 4971 423 5026 driam
464 4971 770 5027 Achilleum
825 4974 1118 5029 interfecit.
1167 4973 1298 5028 Erat
1347 4984 1525 5031 autem
1560 4991 1684 5030 cum
1717 4977 1834 5046 ipso

224 5075 284 5118 et
330 5063 744 5120 Constantinus
779 5065 924 5121 illius
956 5067 1299 5134 Constantis,
1330 5070 1423 5139 qui
1477 5085 1598 5123 cum
1649 5069 1834 5124 adhuc

224 5156 403 5212 valde
454 5158 676 5226 juvenis
729 5168 896 5224 esset,
948 5157 1169 5215 fortiter
1225 5163 1419 5233 agebat
1474 5164 1528 5217 in
1585 5163 1829 5232 prteliis;

220 5261 407 5316 quem
443 5246 667 5301 intuens
698 5247 1070 5303 Diocletianus
1100 5251 1302 5305 invidia
1337 5261 1519 5306 motus
1550 5253 1677 5305 dolo
1699 5267 1826 5321 per-

218 5340 419 5404 linere
481 5341 764 5407 satagebat
816 5359 829 5396 :
893 5341 1041 5397 Dens
1105 5355 1285 5399 autem
1341 5343 1484 5398 hunc
1547 5345 1829 5414 inopinate

216 5431 484 5485 salvavit
512 5437 567 5485 et
593 5432 732 5502 patri
760 5435 1024 5488 restituit.
1056 5434 1206 5491 Alias
1241 5447 1422 5491 autem
1459 5437 1530 5490 ita
1567 5437 1824 5492 refertur.

211 5523 616 5579 Constantino
648 5540 778 5580 vero
813 5526 926 5581 filio
955 5525 1264 5583 Constantii
1300 5529 1352 5582 in
1384 5525 1607 5583 Oriente
1636 5545 1698 5582 ac
1723 5527 1828 5583 Pa-

211 5615 464 5670 laestina
517 5617 749 5689 degente
779 5628 831 5674 et
865 5635 988 5674 cum
1019 5619 1350 5675 Christianis
1397 5621 1689 5685 sentiente,
1743 5620 1828 5674 vi-

208 5707 382 5763 dens
421 5708 573 5763 hunc
605 5707 859 5768 Galerius
905 5711 1267 5769 Maximianus
1302 5712 1578 5769 intellectu
1633 5713 1829 5769 animae

213 5813 293 5852 ac
328 5800 595 5871 corporis
621 5801 820 5857 robore
847 5811 1011 5873 atque
1035 5802 1256 5873 ingenio
1288 5802 1433 5859 circa
1463 5801 1826 5858 eruditionem

1938 3505 1992 3553 et
2023 3498 2144 3565 ejus
2173 3496 2491 3568 dogmatum
2523 3497 2952 3562 destructorem,
2987 3497 3133 3553 hunc
3165 3499 3324 3553 morti
3357 3499 3513 3556 addi.

1938 3604 2064 3644 cere
2097 3589 2287 3645 fraude
2325 3592 2617 3644 tractabat.
2677 3595 2747 3644 At
2801 3591 2892 3645 ille
2937 3591 3121 3646 divina
3175 3591 3547 3662 providentia-

1938 3681 2130 3736 fraude
2158 3683 2396 3751 cognita,
2433 3682 2897 3752 quemadmodum
2944 3682 3131 3748 David,
3184 3682 3310 3755 fuga
3368 3684 3518 3740 salu-

1939 3780 2047 3828 tem
2083 3781 2380 3834 mercatur.
2419 3781 2472 3828 et
2506 3771 2574 3826 ad
2606 3783 2814 3842 patrem
2845 3787 3007 3826 suum
3059 3773 3246 3829 salvus
3294 3773 3515 3828 rediens
3545 3813 3552 3822 .

1937 3865 2141 3920 multas
2177 3879 2303 3919 cum
2337 3863 2429 3919 illo
2477 3865 2684 3935 gratias
2736 3861 2981 3928 Christo,
3033 3863 3125 3931 qui
3166 3878 3226 3918 se
3261 3864 3546 3928 salvavit,

1938 3957 2151 4029 agebat.
2185 3957 2343 4012 Circa
2375 3957 2490 4010 haec
2519 3971 2653 4011 sane
2691 3965 2939 4025 tempora
2971 3953 3243 4012 Miltiades
3285 3964 3340 4011 et
3387 3956 3512 4013 dein
3535 3991 3552 4010 .-

1939 4045 2204 4103 Silvester
2253 4045 2518 4101 Romanae
2570 4053 2768 4117 gerunt
2819 4044 3079 4100 Ecclesize
3141 4048 3511 4114 praesulatum.

1939 4138 2108 4194 Porro
2159 4137 2508 4194 Theotecuus
2562 4136 2803 4204 divinus,
2865 4139 2954 4192 cui
3018 4153 3215 4208 parens
3263 4137 3552 4193 Galerius.

1939 4228 2324 4295 Maximianus,
2373 4244 2500 4282 cum
2547 4229 2891 4285 daemonibus
2941 4229 3249 4285 immolaret
3304 4239 3360 4285 et
3421 4245 3514 4286 re-

1939 4339 2143 4396 sponsa
2175 4323 2500 4394 susciperet,
2523 4322 2788 4378 adversus
2802 4323 3150 4379 Christianos
3178 4325 3515 4395 persecutio-

1938 4435 2061 4475 nem
2097 4418 2417 4483 commovit,
2455 4419 2788 4474 monitiones
2819 4418 3110 4474 salvatoris
3145 4417 3323 4484 tinait,
3365 4427 3419 4473 et
3444 4419 3509 4474 ad

1939 4512 2124 4566 omnia
2164 4511 2281 4566 loca
2313 4511 2365 4565 in
2397 4511 2656 4578 injuriam
2697 4511 2864 4577 misit,
2901 4521 2956 4566 et
3002 4511 3304 4566 litterarum
3340 4512 3515 4582 magi-

1936 4606 2069 4663 stris
2103 4617 2302 4677 pucros
2320 4605 2518 4661 docere
2540 4607 2811 4674 praecepit,
2839 4605 3067 4676 studens
3097 4620 3206 4676 quo
3231 4605 3512 4662 deridere-

1937 4705 2028 4752 tur
2073 4699 2396 4770 mysterium
2442 4707 2715 4753 nostrum.
2753 4697 3020 4752 Praeterea
3059 4696 3418 4754 Constantius
3456 4700 3509 4754 in

1860 4761 1904 4818 C
1935 4789 2240 4846 Britanniis
2265 4791 2517 4855 moritur,
2542 4805 2666 4844 cum
2697 4791 3192 4858 imperassetannis
3211 4789 3467 4847 undecim
3491 4807 3509 4858 ;
3537 4843 3545 4848 .

1933 4887 2028 4955 qui
2070 4901 2168 4955 pro
2191 4899 2252 4940 se
2273 4883 2698 4937 Constantinum
2732 4883 3184 4951 pronuntiaverat
3215 4884 3513 4954 imperato-

1933 4993 2073 5045 rem,
2104 4975 2527 5047 primogenitum
2563 4971 2733 5038 tilium
2769 4987 2956 5036 suum,
2991 4974 3045 5028 in
3079 4984 3381 5045 conspectu
3421 4984 3524 5047 tos

1932 5071 2043 5123 tius
2077 5069 2284 5138 populi,
2313 5065 2680 5136 praesentibus
2705 5081 2926 5135 quoque
2947 5068 3162 5122 caeteris
3196 5066 3326 5122 tlliis
3358 5066 3501 5126 suis.

1931 5157 2276 5213 Constantini
2349 5155 2751 5224 compatriotis,
2821 5154 3142 5211 Constantio
3206 5156 3413 5212 scilicet
3457 5162 3542 5209 etv

1935 5249 2293 5310 Auaballeno.
2333 5247 2426 5317 qui
2467 5257 2521 5302 et
2553 5245 2858 5302 Dalmatius
2894 5247 3076 5301 dictus
3119 5253 3225 5309 est,
3272 5245 3362 5314 qui
3394 5246 3507 5298 nati

1937 5341 2154 5398 fuerant
2185 5355 2250 5396 ex
2274 5339 2560 5394 Theodore
2593 5340 2701 5394 lilia
2731 5337 2969 5393 Herculii
3003 5356 3018 5392 :
3051 5352 3173 5392 nam
3192 5335 3510 5392 Constanti-

1939 5449 2042 5490 nus
2071 5448 2134 5486 (ιιι
2164 5430 2367 5486 Helena
2404 5431 2604 5495 fuerat,
2635 5432 2802 5501 priori
2831 5428 3135 5484 Constantii
3159 5426 3412 5499 conjuge.
3438 5427 3520 5484 At.

1935 5525 2296 5583 Constantius
2328 5529 2520 5579 horum
2560 5533 2713 5595 pater
2739 5538 2906 5593 nepos
2935 5529 3054 5576 erat
3084 5522 3298 5577 Claudii
3335 5522 3526 5593 impe-g

1937 5617 2160 5680 ratoris,
2190 5632 2256 5672 ex
2289 5616 2398 5670 lilia
2421 5615 2540 5685 ejus
2571 5614 2807 5686 genitus.
2835 5613 3006 5668 Porro
3042 5610 3311 5669 Eusebius
3329 5612 3511 5670 Caesa-

1939 5709 2142 5764 riensis
2168 5707 2302 5764 dicit
2323 5707 2472 5779 quod
2500 5706 2870 5762 Diocletianus
2917 5720 3109 5762 amens
3139 5705 3368 5762 effectus
3401 5723 3509 5762 una

1939 5815 2063 5856 cum
2097 5797 2356 5857 Herculio
2381 5800 2613 5870 imperio
2643 5798 2895 5868 deposito
2923 5800 3191 5872 privatam
3225 5797 3392 5852 vitam
3415 5807 3508 5851 asp
