3950 6234
417 303 553 370 1207

1463 302 1860 366 ANASTASII
1919 303 2549 366 BIBLIOTHECARII

3533 298 3674 364 ωε

411 416 639 486 ripucrit
671 433 686 481 ;
718 429 951 485 quorum
1008 426 1152 467 unus
1201 409 1422 482 quidem
1469 412 1771 483 suspendio
1818 413 1986 466 vitam
2018 418 2060 474 Α
2091 413 2162 467 At
2194 429 2325 469 vero
2365 415 2512 470 cives
2544 411 2799 478 Romani,
2845 410 2939 482 qui
2981 411 3131 467 hunc
3191 425 3564 482 poposcerant
3617 413 3680 464 ιιι

407 505 722 567 mutaverit,
753 503 892 556 alter
921 517 1070 567 vero,
1110 501 1161 556 id
1184 511 1270 557 est
1306 501 1697 566 Diocletianus,
1721 502 1983 574 languore

406 597 619 667 prolixo
649 603 1010 666 consumptus
1041 594 1390 650 emarcnerit.
1415 595 1683 650 Caeterum
1707 592 1981 660 Gelasins,

406 687 650 752 ejusdem
680 687 934 745 Catsaria:
963 691 1218 756 antistes,
1267 689 1402 745 dicit
1455 690 1601 761 quod
1661 692 1980 762 pcenitentia

407 777 578 842 «Ιιιιοιί,
608 788 661 834 et
692 779 874 834 denuo
912 779 1179 850 imperare
1204 783 1471 847 volentes,
1512 783 1786 836 communi
1823 798 1983 837 sena-

407 880 496 922 lus
525 869 748 922 decreto
784 871 1154 940 perimuntur.
1196 870 1296 927 His
1327 887 1459 940 ergo
1486 873 1553 928 de
1585 873 1768 928 medio
1801 873 1982 938 factis,

405 967 460 1012 et
488 974 609 1029 quae
634 959 1069 1015 Christianitatis
1093 971 1222 1016 sunt
1251 963 1522 1019 sentiente
1543 964 1869 1019 Constantio
1891 964 1984 1020 de-

406 1048 620 1116 functo,
654 1050 968 1122 imperium,
1007 1060 1066 1106 ut
1094 1053 1348 1123 prmdixi,
1393 1054 1682 1112 obtinuere
1712 1054 1984 1112 Constan-

408 1139 558 1198 tinus
586 1143 885 1215 Augustus,
911 1152 965 1200 et
995 1142 1356 1203 Maximianus
1391 1147 1664 1204 Galerius.

485 1235 673 1290 Mundi
727 1251 876 1290 anno
934 1237 1098 1300 5797,
1141 1238 1342 1294 divinae
1402 1240 1799 1297 incarnationis
1855 1242 1982 1308 297,

411 1328 806 1384 Constantinus
836 1330 1247 1387 sacratissimus
1269 1342 1322 1386 et
1352 1333 1854 1390 christianissimus
1887 1339 1988 1390 im-

414 1429 568 1492 perat
595 1423 649 1476 in
684 1421 874 1478 Galliis
904 1429 958 1478 et
989 1422 1314 1490 Britannia;
1370 1439 1494 1478 enm
1539 1441 1646 1494 quo
1695 1441 1792 1495 per
1843 1426 1984 1480 idem

415 1526 632 1586 tempus
685 1513 894 1586 pariter
949 1513 1257 1584 imperabat
1329 1515 1690 1571 Maximianus
1738 1517 1987 1570 Galerius

412 1622 540 1662 cum
564 1605 778 1661 duobus
810 1604 1121 1662 Caesaribus
1147 1603 1352 1661 Severo
1380 1616 1434 1661 et
1455 1604 1771 1660 Maximino.
1804 1608 1989 1661 Romae

413 1706 596 1753 autem
629 1695 934 1754 Maxentius
968 1707 1236 1769 tyrannus
1266 1698 1470 1766 injuste
1497 1699 1775 1768 imperans
1803 1699 1984 1753 omnia

415 1775 558 1846 saeve
593 1789 944 1860 operabatur.
980 1763 1135 1843 'i'unc
1167 1797 1224 1842 et
1265 1763 1541 1843 Licinium
1570 1763 1839 1845 ἀπείη-ειη
1876 1789 1986 1843 Ro-
2020 1763 2060 1818 Β

417 1882 561 1937 mani
589 1881 951 1952 appellavere,
974 1881 1206 1952 gratiam
1243 1881 1606 1936 Constantino
1649 1896 1989 1953 praestantes,

415 1989 540 2026 eum
570 1983 719 2029 esset
775 1974 986 2029 sororis
1035 1974 1373 2028 Constantia:
1403 1976 1609 2044 nuptiis
1667 1977 1990 2041 honoratus.

417 2065 625 2136 quique
658 2065 916 2136 pietatem
949 2065 1286 2139 Christianae
1311 2067 1597 2138 religionis
1629 2066 1900 2123 fallaciter
1923 2070 1996 2124 si-

424 2159 686 2212 mulabat.
723 2155 931 2212 Interea
965 2157 1168 2213 Severo
1210 2167 1428 2213 mortuo
1463 2160 1655 2214 Petrus
1704 2160 1996 2228 episcopus

417 2249 848 2314 Alexandrinus,
874 2266 998 2305 cum
1033 2260 1179 2307 esset
1211 2251 1265 2306 in
1299 2251 1553 2306 custodia
1586 2262 1855 2322 prmeepto
1885 2249 1996 2304 Ma-

419 2341 642 2396 ximiani
669 2337 872 2397 Galerii
897 2351 953 2397 et
977 2339 1260 2398 Maximini
1299 2343 1392 2398 filii
1425 2343 1563 2411 ejus,
1609 2345 1787 2412 capite
1822 2344 1998 2400 reciso

408 2419 669 2502 glorioso
721 2435 1111 2505 martyrizatns
1165 2444 1288 2500 est;
1338 2435 1432 2505 qui
1478 2434 1666 2489 Arium
1707 2433 1997 2488 diaconum

420 2525 773 2580 exsistentem
801 2525 1008 2594 absque
1039 2525 1426 2581 communione
1455 2525 1602 2590 fecit,
1641 2527 1733 2596 qui
1777 2535 1830 2580 et
1865 2537 2005 2592 post-

423 2616 526 2670 hac
558 2615 810 2684 pessimae
847 2616 1123 2686 opinionis
1163 2617 1440 2672 haereseos
1475 2625 1742 2688 patronus
1772 2617 2000 2673 effectus

424 2707 629 2762 multos
662 2721 691 2760 a
726 2707 928 2776 pietate
980 2707 1235 2762 removit.
1269 2707 1421 2761 Multi
1468 2723 1596 2762 vero
1655 2717 1712 2763 et
1761 2709 1851 2762 alii
1901 2711 2003 2764 sub

422 2801 546 2856 istis
575 2799 829 2872 tyrannis
866 2799 1112 2869 martyrii
1166 2815 1269 2870 pro
1303 2799 1526 2854 Christo
1562 2815 1768 2854 corona
1830 2800 2003 2856 induti

423 2900 571 2957 sunt,
617 2906 854 2962 quorum
907 2899 1038 2946 sunt
1083 2889 1305 2946 Phileas
1375 2893 1668 2963 episcopus
1731 2891 2006 2948 Thmueos

424 2983 668 3053 ngypti,
690 2983 881 3038 Peleus
905 2991 960 3038 et
988 2981 1144 3039 Nilus
1165 2983 1408 3053 episcOpi
1433 2982 1677 3055 Egypti,
1703 2985 2006 3040 Anthenius

2086 509 2140 564 in
2171 525 2329 563 suum
2357 516 2677 577 exsurgeret
2718 504 3078 576 adjutorium,
3100 519 3129 556 a
3158 502 3382 572 maligni
3409 500 3679 555 Maxentii

2085 601 2386 671 tyrannide
2425 599 2644 654 liberati
2681 597 2960 652 civitatem
2993 601 3285 655 coronant.
3321 612 3447 648 cum
3474 595 3685 661 gaudio

2083 697 2354 750 victorem
2377 694 2803 751 Constantinum
2831 707 2936 746 una
2967 706 3092 745 cum
3123 691 3412 744 victoriam
3439 688 3688 741 faciente

2084 801 2250 842 cruce
2275 786 2667 856 suscipientes,
2694 793 2748 840 et
2772 785 2917 838 hunc
2949 783 3276 837 salvatorem
3303 795 3432 834 cum
3474 779 3690 849 gaudio

2085 880 2479 933 acclamantes.

2157 969 2342 1024 Mundi
2371 983 2517 1023 anno
2557 967 2721 1030 5805,
2754 964 3155 1022 Constantinus
3192 963 3430 1032 septimo
3455 960 3689 1030 imperii

2085 1061 2169 1116 sui
2211 1075 2378 1126 anno,
2413 1077 2536 1114 cum
2562 1059 2750 1114 divina
2776 1073 2878 1128 ope
2908 1056 3137 1111 Romam
3165 1052 3527 1113 obtinuisset.
3557 1062 3694 1106 ante

2085 1155 2269 1208 omnia
2321 1166 2556 1222 corpora
2621 1160 2948 1205 sanctorum
3012 1155 3319 1217 martyrum
3383 1142 3580 1212 colligi
3640 1153 3697 1196 et

2086 1254 2290 1302 sanctze
2323 1245 2619 1314 sepulturae
2645 1242 2789 1296 tradi
2831 1239 3116 1312 praecepit.
3145 1238 3209 1292 Et
3247 1247 3408 1293 erant
3441 1236 3692 1290 Romani

2087 1337 2470 1403 triumphalem
2499 1335 2854 1388 festivitatem
2881 1339 3108 1403 agentes
3151 1339 3204 1383 et
3241 1327 3537 1382 Dominum
3572 1327 3695 1382 col-

2089 1429 2425 1490 laudantes,
2501 1442 2599 1478 nec
2658 1440 2766 1479 non
2819 1431 2876 1476 et
2939 1423 3211 1476 viviﬁcam
3272 1436 3504 1474 crucem
3592 1437 3694 1489 per

2089 1529 2302 1590 septem
2341 1519 2460 1574 dies
2511 1529 2564 1572 et
2615 1516 3040 1574 Constantinum
3098 1515 3365 1570 victorem
3423 1515 3694 1583 magniﬁ-

2088 1621 2296 1667 cantes.

2160 1705 2508 1760 Constantini
2573 1719 2718 1760 anno
2766 1705 2800 1760 9
2847 1702 3178 1758 Maximinus
3233 1700 3380 1755 ﬁlius
3449 1697 3698 1761 Galerii,

2094 1797 2345 1852 insiliens
2376 1805 2428 1850 et
2454 1797 2681 1851 sibimet
2722 1795 3015 1866 imperium
3063 1791 3378 1852 reﬂectens,
3444 1790 3701 1858 turpiter

2095 1890 2146 1943 in
2173 1887 2363 1945 Cilicia
2391 1890 2558 1942 vitam
2588 1888 2781 1943 finivit.
2814 1887 3062 1941 Audiens
3094 1895 3278 1938 autem
3311 1881 3699 1935 Maximianus

2093 1979 2346 2034 Galerius
2385 1987 2538 2048 pater
2593 1978 2760 2045 hujus
2813 1976 3147 2031 Maxentium
3211 1974 3381 2028 ﬁlium
3437 1973 3700 2025 Herculii

2095 2071 2282 2127 Romm
2313 2087 2342 2124 a
2373 2071 2737 2126 Constantino
2782 2085 2879 2140 per
2914 2068 3171 2121 virtutem
3226 2065 3410 2118 crucis
3462 2064 3699 2118 admet-

2097 2179 2217 2217 snm
2251 2203 2265 2228 ,
2339 2163 2547 2223 timuit,
2600 2171 2656 2217 et
2705 2159 3145 2231 persecutionem
3201 2169 3367 2226 quam
3421 2153 3701 2208 adversus

2097 2254 2442 2310 Christianos
2472 2251 2714 2322 agitabat
2747 2265 2968 2306 cessare
2992 2248 3145 2302 fecit.

2169 2345 2568 2400 Constantinus
2623 2353 2805 2397 autem
2863 2341 3079 2395 decimo
3108 2338 3327 2408 imperii
3391 2336 3488 2392 sui
3545 2352 3702 2390 anno

2102 2452 2207 2491 una
2240 2451 2364 2488 eum
2422 2431 2636 2486 Licinio
2665 2433 2903 2497 Caesare,
2972 2431 3092 2486 zelo
3119 2430 3212 2485 Dei
3241 2429 3472 2490 ductus,
3506 2439 3698 2482 castra

2103 2529 2268 2581 movit
2306 2525 2572 2578 adversus
2607 2522 2995 2576 Maximianum
3031 2519 3334 2580 Galerium,
3360 2520 3459 2590 qui
3502 2519 3701 2571 mode-

2105 2621 2327 2673 rabatur
2355 2618 2651 2670 Orientem.
2691 2616 2756 2667 At
2809 2613 2900 2667 ille
2956 2619 3146 2667 contra
3201 2611 3508 2664 restitnrns
3569 2626 3700 2663 cum

2109 2714 2375 2766 immensa
2417 2707 2771 2764 multitudine
2811 2720 3103 2776 aggressus
3142 2710 3227 2759 est
3252 2719 3372 2767 eos,
3417 2702 3564 2757 fisus
3615 2702 3699 2757 di-

2105 2801 2484 2857 vinationibus
2527 2800 2838 2854 daemonum
2870 2805 2926 2851 et
2964 2796 3230 2850 maleficis
3277 2795 3700 2849 adinventioni-

2107 2894 2230 2949 bus.
2263 2896 2513 2964 Cumque
2565 2891 2780 2945 viviﬁca
2845 2904 2979 2944 crux
3035 2903 3293 2958 magnum
3354 2887 3703 2956 pracederet

2108 2987 2553 3052 Constantinum,
2588 2996 2853 3057 tyrannus
2880 3000 2988 3036 una
3024 2999 3151 3038 cum
3201 2982 3618 3053 congressione
3653 2982 3699 3033 in

420 3079 716 3147 episcopus
746 3075 1104 3140 Nicomediae,
1165 3075 1446 3146 Tyrannio
1496 3078 1790 3148 episcopus
1848 3077 2000 3148 Tyri,
2027 3089 2073 3149 α
2108 3078 2290 3148 fugam
2327 3094 2536 3133 versus.
2575 3077 2706 3131 dum
2757 3075 3057 3130 multitudo
3087 3073 3417 3139 mederetur,
3453 3072 3702 3142 impera-

425 3170 682 3224 Silvanns
713 3169 1004 3239 episcopus
1055 3167 1285 3223 Hemisze
1314 3177 1368 3223 et
1394 3168 1652 3225 Silvanus
1701 3171 1995 3239 episcopus

423 3263 604 3325 Gaza‘,
666 3260 948 3316 Lucianus
995 3260 1284 3331 presbyter
1329 3260 1668 3327 Antiochiae,
1721 3262 1997 3317 Zenobins

429 3356 713 3426 presbyter
742 3353 984 3417 Sidonis,
1018 3352 1337 3423 Pamphilus
1394 3355 1678 3426 presbyter
1706 3355 1955 3411 Caesaries
1979 3398 1994 3421 ,

425 3458 591 3518 atque
627 3447 720 3500 alii
748 3447 1045 3500 innumeri.
1081 3446 1325 3516 Denique
1355 3446 1604 3502 Galerius
1631 3447 1997 3503 Maximianus

424 3533 589 3596 omne
648 3539 908 3610 praecepit
973 3537 1416 3593 Christianorum
1481 3539 1868 3594 exterminium
1921 3541 1996 3609 (εὶ)

429 3634 568 3694 tieri,
605 3646 716 3685 non
742 3637 954 3685 tantum
991 3637 1216 3699 propter
1250 3630 1586 3699 impietatem
1634 3645 1790 3684 suam
1825 3647 1998 3700 quan-

427 3735 540 3776 tum
565 3723 636 3776 ob
665 3721 908 3791 rapinam
943 3721 1397 3790 patrimoniorum
1432 3721 1700 3790 ipsorum.

500 3816 668 3868 Porro
692 3813 1094 3870 Constantinus
1141 3823 1296 3869 sexto
1346 3815 1563 3884 imperii
1618 3819 1704 3870 sui
1751 3831 1894 3870 anno
1945 3815 1997 3870 in

427 3903 859 3959 destructionem
894 3911 1254 3974 tyrannorum
1276 3904 1538 3959 surrexit.
1567 3905 1873 3963 Maxentius
1899 3924 1999 3962 au-

429 4013 536 4050 teni
579 3997 780 4066 impius
825 3995 970 4051 facto
998 3997 1052 4051 in
1085 3996 1274 4060 ﬂuvio,
1303 3997 1395 4067 qui
1444 3997 1591 4052 circa
1649 3999 1838 4058 urbem
1891 3997 2000 4052 llo-

433 4103 574 4142 mam
603 4087 870 4152 decurrit,
921 4103 985 4142 ex
1037 4087 1265 4142 navibus
1297 4098 1463 4157 ponte
1510 4097 1701 4143 contra
1751 4107 2001 4160 magnum

429 4179 854 4240 (Loristantinum
891 4178 1063 4232 aciem
1109 4177 1319 4248 dirigit,
1350 4179 1443 4248 qui
1479 4181 1739 4236 Maxentii
1777 4183 2007 4251 pavehat

435 4267 704 4324 maleficia
729 4267 991 4338 parvulos
1022 4267 1322 4322 incidentis
1368 4277 1590 4338 propter
1639 4269 2008 4324 divinationes

431 4363 693 4415 nefarius.
730 4361 977 4429 Cumque
1013 4359 1066 4414 in
1090 4361 1433 4416 hzesitatione
1463 4361 1636 4416 multa
1657 4364 2005 4424 consisteret,

2102 3173 2299 3225 toriam
2333 3178 2536 3224 vestem
2583 3167 2863 3239 deposuit,
2915 3175 2970 3222 et
3026 3165 3251 3220 militari
3308 3164 3701 3220 circumdatus

2103 3263 2313 3327 habitu,
2349 3261 2539 3331 paucis
2577 3275 2642 3316 ex
2689 3259 3004 3314 fautoribus
3034 3273 3221 3313 secum
3270 3256 3698 3316 comitantibus.

2103 3355 2288 3410 avilla
2315 3354 2368 3410 in
2400 3353 2583 3407 villam
2647 3351 2770 3423 fuga
2823 3351 3166 3406 clandestina
3219 3349 3583 3419 properabat,
3649 3357 3700 3400 et

2104 3461 2211 3500 non
2247 3445 2424 3499 solum
2449 3443 2761 3498 sacerdotes
2785 3441 3054 3497 idolorum
3072 3449 3124 3494 et
3153 3440 3204 3494 in
3230 3438 3462 3509 magicis
3485 3441 3701 3492 artibus

2105 3533 2439 3599 ditfamatos,
2502 3535 2596 3588 sed
2629 3544 2686 3588 et
2733 3543 2884 3589 vates
2919 3547 3112 3588 eorum
3161 3531 3454 3594 collectos,
3509 3539 3699 3601 utpote

2104 3629 2443 3697 deceptores,
2479 3626 2696 3682 occidit.

2177 3725 2378 3778 Interea
2409 3722 2808 3778 Constantinus
2835 3737 2959 3777 cum
2988 3721 3047 3774 tl
3080 3731 3304 3793 gereret
3344 3717 3571 3790 imperii
3607 3732 3698 3771 an-

2108 3830 2261 3882 num,
2309 3826 2364 3869 et
2405 3815 2585 3869 vivum
2633 3813 2912 3869 Galerium
2970 3811 3366 3866 Maximianum
3415 3820 3569 3865 esset
3620 3824 3697 3877 ag-

2107 3923 2422 3978 gressurus,
2477 3907 2662 3961 divina
2721 3907 3065 3976 praeveniens
3121 3905 3200 3958 ira
3277 3903 3698 3973 comprehendit

2109 4015 2232 4055 eum
2264 4019 2276 4054 :
2318 3999 2533 4052 ﬂamma
2575 3998 2719 4053 enim
2752 3998 2820 4053 de
2868 3997 3046 4052 medio
3079 3997 3355 4050 viscerum
3402 3979 3459 4046 et
3493 3992 3700 4046 medul-

2113 4098 2285 4152 larum
2339 4111 2602 4152 succensa
2659 4110 2785 4148 cum
2835 4095 3022 4150 dolore
3075 4090 3410 4146 intolerabili
3465 4102 3698 4159 pronum

2113 4206 2276 4260 super
2308 4197 2507 4243 terram
2543 4187 2887 4242 anhelantem
2915 4186 3234 4256 prostravit.
3265 4185 3341 4235 ita
3378 4191 3438 4234 ut
3467 4191 3702 4249 uterque

2116 4283 2309 4336 oculus
2340 4281 2460 4348 ejus
2497 4281 2767 4343 exsiliret,
2816 4287 2870 4334 et
2901 4293 3106 4343 ezecus,
3139 4285 3197 4330 ut
3231 4291 3291 4330 re
3327 4290 3485 4339 vera,
3532 4274 3702 4327 scele-

2118 4382 2236 4430 stus
2281 4374 2708 4440 relinqueretur.
2755 4371 2928 4426 Porro
2959 4387 3084 4425 cum
3119 4384 3314 4423 carnes
3356 4367 3482 4436 ejus
3516 4377 3702 4436 putre-

432 4452 684 4522 apparnit
711 4451 784 4515 ei,
820 4452 952 4504 hora
990 4458 1148 4506 sexta
1182 4451 1313 4514 diei,
1345 4451 1585 4522 pretiosa
1619 4469 1753 4508 crux
1787 4469 1854 4508 ex
1889 4455 1998 4509 lnce

2117 4468 2272 4521 factae
2306 4482 2415 4534 pra:
2445 4464 2832 4519 innumerabili
2864 4464 3075 4518 ossium
3113 4462 3371 4516 incendio
3413 4460 3698 4519 caderent.

434 4547 689 4612 formata,
743 4545 955 4600 habens
1008 4545 1556 4614 superscriptionem,
1590 4544 1658 4598 In
1717 4546 1816 4600 hoc
1840 4547 2003 4601 vince.

436 4639 625 4692 Astitit
659 4645 842 4693 autem
874 4637 923 4692 ei
951 4636 1218 4692 Dominus
1256 4636 1307 4690 in
1343 4637 1559 4692 visione
1591 4640 1793 4703 noctis,
1829 4647 1883 4691 et
1928 4640 2011 4692 di-

439 4737 515 4781 xit
551 4747 564 4783 :
605 4727 760 4784 Utere
786 4729 926 4811 quod
964 4738 1230 4784 ostensum
1262 4738 1340 4782 est
1393 4728 1508 4792 tibi,
1565 4739 1615 4784 et
1657 4731 1824 4784 vince.
1859 4728 2014 4786 Tunc

437 4845 446 4866 ι
474 4837 601 4876 rucc
626 4838 789 4878 aurea
827 4821 1085 4889 formata,
1111 4838 1232 4892 qua:
1254 4829 1339 4878 est
1366 4838 1542 4891 usque
1584 4823 1638 4877 in
1686 4823 2011 4878 hodiernum

437 4915 604 4976 diem,
631 4912 800 4982 jussit
827 4923 887 4967 ut
916 4922 1042 4968 ante
1068 4930 1128 4968 se
1159 4923 1468 4984 portaretur
1501 4914 1554 4968 in
1590 4915 1809 4984 praelio;
1845 4915 2014 4969 facta-

437 5019 544 5071 que
590 5004 983 5072 congressione
1029 5005 1272 5075 superati
1303 5015 1431 5060 sunt
1459 5007 1548 5075 qui
1607 5007 1755 5060 circa
1799 5003 2013 5060 Maxen-

439 5099 573 5149 tium
607 5093 845 5158 fuerant,
895 5095 1142 5164 plurimis
1175 5112 1240 5150 ex
1274 5096 1360 5151 his
1389 5097 1754 5166 interemptis.
1787 5095 2013 5151 Maxen-

437 5190 548 5243 tius
606 5195 789 5242 autem
841 5201 966 5240 cum
1018 5185 1253 5240 residuis
1306 5187 1542 5255 fugiens,
1605 5199 1766 5257 ponte
1827 5188 2011 5242 divina

440 5285 637 5334 virtute
665 5278 923 5344 discisso,
950 5277 1003 5332 in
1027 5275 1224 5331 flumen
1260 5276 1618 5348 demergitnr,
1653 5278 2013 5348 quemadmo-

436 5375 566 5426 dum
611 5372 825 5426 Pharao
865 5371 1146 5441 quondam
1175 5387 1300 5426 cum
1332 5372 1478 5424 omni
1529 5373 1796 5437 exercitu,
1828 5373 1900 5425 ita
1957 5380 2018 5426 ut

439 5464 616 5519 amnis
651 5462 863 5518 necatis
889 5461 1045 5533 equis
1075 5477 1198 5518 cum
1252 5462 1642 5518 ascensoribus
1675 5464 2014 5533 impleretur.

2116 4562 2230 4630 ipse
2262 4559 2668 4627 impugnantem
2693 4557 2860 4612 Deum
2885 4557 3112 4627 projecit
3149 4556 3416 4609 animam.

2188 4645 2524 4699 Duodecimn
2552 4662 2694 4698 anno
2732 4645 2946 4716 imperii
2984 4647 3069 4699 sui
3106 4645 3517 4700 Constantinus
3561 4643 3694 4697 Lici-

2118 4739 2228 4799 uio.
2251 4739 2342 4808 qui
2371 4754 2553 4792 secum
2573 4748 2786 4792 certare
2811 4737 3104 4793 videbatur
3130 4747 3184 4794 et
3207 4737 3403 4791 dolose
3425 4737 3696 4792 Christia-

2118 4830 2354 4884 nisnmm
2392 4830 2707 4891 simulabat,
2749 4844 3044 4898 segregans
3075 4836 3285 4898 partem
3323 4826 3692 4881 Romanorum

2121 4929 2282 4975 terrae
2319 4921 2550 4991 largitus
2574 4927 2680 4983 est,
2713 4920 2997 4988 appellans
3028 4935 3153 4975 eum
3199 4919 3623 4988 imperatorem,
3649 4926 3693 4970 et

2120 5021 2454 5081 extorqueas
2483 5011 2550 5066 ab
2580 5027 2646 5066 eo
2687 5010 2890 5065 foedera
2925 5011 3000 5064 nil
3043 5026 3102 5065 se
3131 5017 3326 5063 contra
3357 5008 3693 5064 Christianos

2123 5113 2398 5158 acturum.
2435 5103 2498 5154 Et
2540 5103 2668 5157 hinc
2697 5113 3054 5171 tyrannorum
3087 5097 3405 5172 gratia-Dei
3445 5114 3694 5170 persecu-

2123 5194 2199 5249 tio
2225 5193 2562 5261 conquievit.

2197 5286 2378 5340 Mundi
2436 5300 2580 5339 anno
2634 5284 2812 5346 58l0,
2869 5283 3069 5338 divinae
3130 5283 3535 5338 incarnationis
3578 5282 3690 5338 510.

2123 5388 2322 5449 quarto
2355 5377 2569 5434 decimo
2603 5377 2819 5448 imperii
2851 5377 2935 5431 sui
2980 5390 3127 5429 anno
3161 5374 3564 5430 Constantinus
3614 5383 3692 5423 to-

2127 5473 2236 5526 tins
2263 5471 2492 5526 Romani
2523 5469 2674 5524 orbis
2721 5476 3074 5525 monocrator
3101 5466 3329 5522 cﬂ‘ectus
3359 5482 3577 5523 omnem
3605 5481 3696 5518 cn~

1948 5583 2178 5642 ΝΟΤᾹΣ.

522 5671 596 5733 (2)
629 5672 1037 5728 Exlerminium.
1068 5674 1252 5730 Utitur
1286 5675 1658 5732 Tertullianns
1713 5676 1833 5730 adr.
1895 5676 2024 5732 1nd.
2066 5697 2116 5736 c.
2153 5683 2184 5738 8
2219 5693 2272 5738 ct
2314 5684 2364 5737 tl
2400 5691 2455 5737 et
2525 5683 2645 5736 adv.
2711 5678 3112 5734 Valentiniano:
3156 5691 3205 5729 e.

441 5740 681 5807 cpistola:
709 5743 764 5796 S.
809 5743 1087 5799 Barnabw.
1127 5743 1292 5801 Fasti.

3287 5673 3372 5732 l6.
3437 5674 3700 5742 Interpres
