3906 6226
248 255 388 323 1209

1049 266 1419 329 HISTORIA
1449 268 2036 332 ECCLESIASTICA
2069 275 2172 335 sx
2206 245 2696 340 THEOPHANE.

3366 279 3501 344 3219

240 385 360 422 ram
398 370 682 425 transtulit
707 370 773 425 ad
805 371 1015 439 divina,
1046 374 1316 430 ecclesias
1349 376 1569 448 erigens
1599 385 1654 432 et
1686 379 1823 432 lihe—
1855 380 1900 436 Δ
1930 380 2224 450 baptizari.
2253 384 2384 439 Mihi
2424 393 2607 441 autem
2659 386 2842 441 verius
2880 396 3107 458 apparet
3136 394 3282 460 quod
3319 392 3502 450 Ιιυηιω

239 462 430 516 raliter
464 461 563 517 bas
604 479 669 517 ex
702 464 919 521 ratione
957 466 1176 535 publica
1213 467 1424 523 ditans.
1456 468 1560 524 Iste
1592 470 1821 538 primam

242 551 419 623 legem
444 553 982 624 scripsit,'idolorum
1018 558 1219 628 templa
1241 559 1328 613 bis
1355 559 1495 615 tradi
1522 575 1644 630 quae
1666 558 1823 615 Chri-

242 654 333 700 sto
381 654 510 700 sunt
543 645 828 716 deputata.
869 650 1005 703 Cum
1037 666 1103 705 eo
1145 665 1279 706 sane
1326 651 1476 722 leges
1516 652 1824 723 proferebat

237 735 472 809 Crispus
500 739 645 794 illius
670 738 813 808 ejus.
846 738 1156 797 Secundam
1192 759 1343 806 vero,
1366 744 1710 802 Christianos
1733 761 1825 801 so-

238 829 324 884 los
377 829 616 883 militare
645 831 1015 903 gentibusque
1042 848 1107 889 ac
1135 836 1470 891 exercitibus
1496 837 1819 909 principari,

233 933 332 972 eos
356 929 540 974 autem
567 920 661 989 qui
688 932 1074 989 permanerent
1101 925 1153 978 in
1177 925 1508 991 idololatria,
1532 930 1819 999 capitalem

235 1008 431 1066 subire
464 1012 824 1066 sententiain.
870 1011 1135 1082 Tertiam,
1178 1016 1316 1073 duas
1360 1020 1647 1089 paschales
1683 1020 1818 1077 heb-

236 1101 529 1164 domadas,
571 1118 735 1156 unam
781 1105 996 1161 scilicet
1028 1116 1155 1163 ante
1195 1117 1249 1163 et
1293 1110 1521 1166 alteram
1575 1123 1698 1182 post
1734 1130 1821 1171 re.

237 1193 663 1257 surrectionem,
701 1193 819 1249 sine
864 1195 1047 1252 labore
1077 1197 1405 1269 cujusquam
1439 1203 1623 1275 operis
1670 1205 1817 1262 cele-

238 1280 503 1338 brandas.
545 1280 639 1338 His
676 1285 749 1338 ita
795 1288 966 1356 gestis
1014 1304 1116 1358 pax
1155 1289 1426 1359 profunda
1458 1302 1511 1349 et
1547 1297 1819 1367 tranquil-

236 1372 365 1427 litas
416 1374 655 1428 obtinuit
683 1376 871 1433 orbem
917 1388 973 1434 et
1012 1381 1309 1438 exsultatio
1342 1384 1549 1450 tideles,
1585 1402 1819 1443 concur-

236 1463 495 1520 rentibus
554 1465 777 1523 assidue
844 1470 1101 1527 omnibus
1156 1474 1474 1532 nationibus
1525 1476 1592 1532 ad
1655 1477 1815 1534 ﬁdem

233 1554 464 1620 Christi,
511 1566 564 1612 et
613 1557 927 1629 baptizatis,
973 1576 1038 1617 ac
1083 1565 1258 1634 patria
1314 1572 1816 1639 conquassantibus

232 1647 558 1703 simulacra.

1926 490 1955 526 a
2010 474 2277 531 Silvestro
2329 478 2495 532 fuerit
2544 478 2873 548 baptizatus.
2903 489 2959 535 et
3012 483 3158 551 quod
3208 487 3502 542 nominata:

1925 565 2383 629 Constitutiones.
2435 585 2557 639 quae
2600 571 2666 624 ad
2722 570 3074 627 Mcicbiailetn
3134 573 3401 643 ferttntur,
3434 580 3504 635 ab

1923 657 2147 713 Ariauis
2185 659 2322 714 fictas
2356 660 2490 719 sint.
2524 662 2616 732 qui
2658 663 2890 733 gloriam
2938 665 3066 720 hinc
3101 667 3203 723 sibi
3240 668 3502 725 festinant

1926 750 2237 820 acquirere,
2265 752 2353 806 vel
2376 753 2539 806 etiam
2573 752 2879 822 piissimum
2902 757 3204 826 principem
3241 759 3498 821 lacerare.

1926 842 2059 897 dum
2096 844 2310 898 scilicet
2356 859 2420 898 ex
2468 844 2572 899 hoc
2606 845 2795 899 volunt
2834 862 2957 900 eum
3008 865 3115 903 non
3164 850 3498 919 baptizatum

1926 935 2244 1001 ostendere,
2294 935 2440 1005 quod
2495 946 2580 990 est
2624 936 3002 995 irrationabile
3052 950 3216 1009 atque
3267 941 3500 997 falsissi-

1923 1042 2096 1081 mum.
2123 1025 2182 1083 Si
2213 1028 2360 1083 enim
2388 1044 2496 1082 non
2532 1039 2652 1084 erat
2682 1030 2736 1084 in
2767 1030 2985 1086 Nicaena
3017 1034 3229 1102 synodo
3253 1035 3500 1103 baptiza-

1925 1127 2035 1184 tus,
2068 1135 2199 1189 ergo
2226 1136 2326 1175 nec
2360 1121 2671 1177 divinorum
2696 1123 3059 1194 participator
3088 1127 3495 1196 mysteriorum,

1921 1226 2024 1268 nec
2057 1214 2251 1267 orabat
2281 1228 2404 1266 cum
2454 1214 2663 1269 sanctis
2708 1214 2985 1276 Patribus,
3030 1217 3172 1285 quod
3227 1219 3502 1288 nequissi-

1920 1318 2069 1358 mum
2110 1310 2195 1359 est
2238 1313 2291 1358 et
2327 1304 2512 1359 dicere
2542 1315 2595 1358 et
2632 1304 2857 1359 sentire.
2904 1304 3135 1372 Quidam
3186 1322 3316 1362 vero
3345 1307 3501 1362 Aria-

1920 1410 2118 1449 norum
2171 1403 2334 1464 atque
2381 1410 2716 1465 paganorum
2753 1397 2912 1466 quasi
2952 1396 3142 1466 spurio
3186 1412 3384 1466 magno
3407 1399 3500 1452 dc—

1922 1487 2146 1541 trabunt
2192 1487 2582 1552 Constantino,
2619 1502 2935 1557 quanquam
2986 1497 3041 1543 ct
3082 1487 3183 1558 ipsi
3226 1489 3495 1543 mentian-

1922 1587 2024 1632 tur.
2057 1577 2381 1650 Ceneaiogia
2413 1580 2557 1634 enim
2600 1580 2720 1649 ejus
2752 1582 2898 1648 regia
2928 1588 3068 1643 erat,
3113 1589 3167 1636 et
3197 1589 3491 1653 antequam

1925 1669 2294 1731 Diocletianus
2337 1681 2504 1725 esset.
2562 1670 2925 1726 Constantius
2983 1672 3129 1726 enim
3187 1682 3343 1741 pater
3373 1673 3496 1742 ejus

300 1738 509 1806 Quinto
557 1741 775 1800 decimo
823 1744 1039 1815 imperii
1083 1745 1430 1805 Constantini
1481 1768 1624 1808 anno
1669 1752 1823 1809 Lici-
1849 1738 1893 1769 ⁸³
1920 1777 2092 1831 ncpos
2122 1761 2222 1815 fuit
2258 1761 2470 1816 Claudii
2501 1763 2875 1832 imperatoris,
2910 1772 2965 1818 et
2990 1778 3058 1817 ex
3088 1738 3290 1818 Helena
3324 1738 3494 1834 priori

232 1827 361 1885 nius
395 1831 562 1898 cmpit
598 1840 792 1888 contra
843 1836 1189 1893 Christianos
1224 1844 1660 1910 persecutionem
1696 1861 1816 1899 mo-

230 1936 402 1985 rere;
463 1932 519 1975 et
587 1926 764 1993 primo
820 1928 1040 1996 quidem
1098 1930 1442 1988 Christianos
1502 1936 1593 2004 qui
1656 1946 1814 1991 erant

233 2012 285 2063 in
339 2013 549 2083 palatio
600 2027 924 2086 persecutus
963 2031 1066 2087 est,
1111 2024 1378 2079 oblivioni
1438 2029 1663 2084 tradens
1714 2030 1815 2084 de-

233 2107 597 2161 structionem
645 2112 1069 2179 praecedentium
1119 2124 1476 2188 tyrannorum
1529 2131 1585 2177 et
1620 2134 1811 2195 pacto-

236 2208 351 2250 tum
387 2213 585 2269 magno
610 2199 976 2260 Constantino
1015 2207 1308 2266 factorum.
1346 2214 1404 2269 ln
1446 2214 1679 2273 feminas
1706 2234 1809 2274 au-

232 2295 336 2341 tem
362 2288 621 2346 furiendo
648 2303 702 2347 et
737 2298 1101 2365 opprimendo
1136 2311 1302 2371 atque
1345 2303 1693 2364 Christianos
1717 2325 1810 2365 oc-

231 2379 464 2435 cidendo
500 2385 725 2441 minime
749 2391 1090 2457 quiescebat.
1122 2392 1263 2450 Huic
1301 2411 1398 2465 per
1430 2397 1645 2454 litteras
1671 2399 1809 2455 Con-

232 2475 510 2530 stantinus
541 2476 745 2546 j‘ubens
795 2481 864 2535 ab
910 2480 1226 2552 hujusmodi
1266 2489 1486 2544 vesania
1541 2493 1806 2549 receden-

229 2567 399 2633 dum,
470 2585 817 2642 nequaquam
890 2579 1254 2647 compescuit.
1332 2579 1470 2636 llinc
1535 2584 1699 2638 etiam
1752 2597 1808 2641 et

229 2658 438 2713 Basilea
495 2662 809 2733 episcopum
857 2666 1112 2733 Amasite,
1167 2679 1223 2726 et
1266 2681 1325 2726 ut
1366 2675 1587 2744 quidam
1628 2678 1803 2743 aiunt,

228 2747 391 2802 etiam
430 2748 1053 2828 sanrtos'quadraginta
1099 2770 1367 2835 martyres
1400 2773 1454 2821 et
1497 2767 1636 2824 alios
1666 2771 1805 2825 ntul-

229 2849 315 2894 tos
340 2842 486 2895 liniri
515 2859 610 2913 per
640 2847 908 2917 supplicia
943 2849 1096 2907 fecit.

292 2929 463 2986 Sexto
491 2933 705 2991 decimo
738 2953 882 2995 anno
916 2940 1129 3011 imperii
1160 2942 1508 3004 Constantini
1534 2951 1702 3009 Arius
1733 2953 1802 3009 ab

224 3018 439 3077 insania
481 3029 904 3095 cognominatus
946 3033 1091 3102 apud
1132 3036 1520 3094 Alexandriam
1551 3042 1802 3100 haeresim

224 3128 376 3167 suam
403 3115 457 3168 in
490 3119 727 3174 ecclesia
756 3124 1137 3180 manifestavit
1170 3138 1225 3183 et
1257 3131 1500 3186 schisma
1537 3147 1800 3204 operatus

223 3215 325 3270 cst,
369 3221 706 3277 coeperanle
748 3213 852 3269 sibi
898 3218 1139 3287 maligno
1176 3221 1516 3290 adversario,
1554 3230 1646 3296 qui
1691 3242 1799 3283 non

223 3294 327 3349 fert
362 3297 550 3354 ridere
617 3317 804 3371 pacem
840 3306 1119 3364 Ecclesia.
1166 3309 1368 3369 Factus
1410 3327 1493 3371 est
1534 3294 1713 3372 autem
1746 3328 1799 3375 et

221 3396 379 3441 terra:
410 3402 592 3445 motus
625 3393 972 3453 Alexandria
1019 3402 1397 3472 gravissimus,
1434 3404 1508 3460 ita
1551 3420 1610 3463 ut
1639 3413 1799 3467 calle-

286 3674 537 3745 Septimo
576 3677 789 3735 decimo
825 3681 1038 3753 imperii
1085 3686 1171 3741 sui
1221 3702 1366 3744 anno
1397 3687 1795 3746 Constantinus

212 3777 497 3835 comperta
529 3771 643 3823 Arii
670 3774 1037 3831 commotione
1060 3762 1217 3834 valde
1247 3779 1543 3844 tribulatus
1571 3782 1795 3851 scripsit

212 3858 526 3913 Alexandro
556 3870 612 3917 et
662 3864 793 3917 Ario
849 3881 1196 3925 communem
1247 3872 1559 3942 epistolam,
1606 3876 1792 3930 consi-

209 3945 345 4001 lium
397 3948 538 4007 dans
588 3970 817 4024 nequam
845 3964 1293 4034 commotionem
1346 3964 1594 4020 solvendi
1636 3976 1691 4020 et
1723 3968 1788 4022 ad

209 4053 404 4106 pacem
460 4052 704 4101 mutuam
754 4049 1041 4107 redeundi.
1080 4052 1225 4110 Misit
1272 4065 1453 4112 autem
1500 4068 1554 4112 et
1602 4058 1790 4116 Osium

204 4131 527 4202 episcopum
560 4135 832 4195 Corduba:
871 4142 1261 4199 Alexandriam
1292 4157 1484 4202 contra
1510 4148 1703 4204 Arium
1736 4157 1791 4205 et

205 4222 275 4274 ad
310 4223 617 4292 Orientem,
658 4243 1015 4291 correcturus
1046 4239 1352 4297 Orientales
1389 4239 1601 4297 Pascha
1632 4242 1789 4314 pejus

203 4332 375 4379 quam
411 4315 583 4375 Judaei
614 4337 679 4378 ex
713 4326 941 4397 antiqua
977 4331 1379 4389 consuetudine
1421 4335 1785 4392 celebrantes.

1919 1868 2089 1907 uxore
2127 1869 2224 1907 sua
2243 1851 2665 1909 Constantinum
2687 1854 2884 1909 habuit
2915 1871 3195 1925 magnum.
3223 1857 3493 1911 Cmtcrum

1919 1945 2109 1999 habuit
2137 1953 2190 1998 et
2222 1946 2361 1999 filios
2388 1962 2454 2001 ex
2482 1945 2767 2002 Theodora
2796 1948 2906 2002 filia
2939 1948 3253 2004 Maximiani
3282 1949 3493 2005 Hercu-

1916 2035 1993 2096 lii.
2026 2051 2149 2104 qua:
2180 2051 2339 2090 soror
2363 2047 2484 2091 erat
2509 2035 2792 2100 Maxentii,
2831 2036 2925 2106 qui
2966 2039 3310 2109 tyrannidem
3348 2038 3491 2109 apud

1918 2127 2219 2180 Romanam
2262 2127 2456 2182 urbem
2508 2128 2778 2193 exercuit,
2812 2128 3018 2198 quique
3063 2137 3380 2200 peremptus
3410 2139 3495 2184 est

1913 2229 1942 2267 a
1979 2214 2345 2271 Constantino
2394 2217 2537 2286 apud
2584 2216 2846 2272 Mulbium
2909 2225 3154 2288 pontem,
3196 2219 3414 2287 quando
3439 2225 3494 2273 et

1913 2309 2101 2362 crucis
2133 2309 2346 2379 signum
2390 2310 2526 2363 vidit
2555 2308 2610 2363 in
2657 2310 2820 2374 cado,
2850 2319 3014 2379 atque
3056 2308 3269 2364 Fausta:
3303 2310 3491 2365 uxoris

1910 2398 2092 2469 magni
2117 2397 2470 2455 Constantini
2508 2417 2521 2453 :
2553 2408 2608 2454 et
2657 2414 2818 2454 nemo
2867 2401 3100 2455 miretur
3132 2401 3176 2456 si
3218 2409 3345 2454 ante
3397 2401 3493 2455 ba-

1911 2493 2194 2561 ptisnmm,
2228 2506 2351 2547 cum
2381 2490 2561 2546 adhuc
2590 2506 2831 2561 paganos
2858 2491 3000 2547 ritus
3022 2499 3325 2555 servarent,
3350 2492 3491 2548 duas

1908 2598 2127 2638 sorores
2154 2582 2427 2639 duxerant
2460 2592 2613 2653 pater
2636 2589 2689 2637 et
2719 2581 2886 2637 filius.
2937 2580 3076 2636 Sunt
3109 2590 3288 2637 autem
3325 2598 3491 2655 gene-

1910 2676 2152 2730 rationes
2179 2691 2370 2731 eorum
2399 2676 2543 2730 sicut
2579 2673 2814 2731 inferius
2844 2684 3201 2730 annotantur.

2478 2825 2916 2879 CONSTANTIUS

2057 2943 2123 2979 ex
2153 2929 2417 2980 Theodora
2440 2927 2539 2978 tilia
2568 2926 2795 2978 Herculii
2818 2927 2983 2991 gignit
3201 2939 3267 2976 ex
3289 2925 3486 2991 Helena

3183 3000 3305 3036 vero
3327 2985 3489 3047 gignit

1832 3047 1874 3102 δ
1906 3071 2299 3133 Constantinum,
2332 3075 2525 3133 patrem
2588 3068 2806 3133 Anabal-
2865 3069 3107 3121 Constan-
3184 3068 3465 3120 Constanti-

3240 3142 3359 3177 num

3156 3200 3487 3251 magnumm-

3185 3250 3454 3301 lummodo.

2002 3132 2129 3184 Galli
2155 3128 2432 3192 Dalmaiiei,
2588 3129 2796 3192 lianum,
2853 3134 2971 3181 tiam
2994 3145 3119 3181 uxo-

1908 3206 1971 3264 _ex
1994 3208 2095 3264 quo
2118 3194 2535 3264 fuit-Dalmiticus
2591 3191 2689 3264 qui
2711 3201 2766 3241 et
2878 3254 2890 3264 _
2916 3206 3031 3264 rem

1900 3254 2092 3319 junior,
2124 3254 2310 3319 Iuliani
2341 3268 2532 3316 praeva-
2587 3254 2775 3306 Gallus.
2876 3254 3070 3304 Licinii.

1996 3318 2223 3367 ricatoris
2244 3316 2415 3366 frater.

2188 3438 2448 3492 MAGNUS
2475 3439 2696 3491 AUTEM
2721 3438 3207 3491 CONSTANTINUS

2289 3556 2351 3592 ex
2369 3544 2549 3593 Fausta
2570 3544 2668 3593 ﬁlia
2693 3543 2913 3594 Herculii
2936 3542 3100 3607 gignit

1902 3623 2148 3685 Crispum,
2183 3621 2987 3685 Constantium,ACoustantinum,
3041 3624 3379 3685 Constantem,
3425 3628 3482 3674 et

2549 3682 2798 3733 Helenam
2824 3698 3031 3733 uxorem
3056 3683 3240 3735 Juliani
3276 3685 3461 3748 refuga

1972 3786 2156 3842 Mundi
2181 3802 2325 3840 anno
2348 3784 2509 3849 58l5,
2534 3786 2732 3840 divina:
2764 3787 3161 3842 incarnationis
3188 3805 3333 3842 anno
3352 3788 3476 3854 515,

1900 3894 2103 3934 nonum
2130 3878 2405 3933 decimum
2435 3877 2649 3946 imperii
2686 3879 2771 3932 sui
2807 3894 3012 3933 annum
3046 3880 3169 3949 pius
3205 3878 3480 3934 Constan-

1901 3972 2047 4026 tinus
2090 3972 2331 4041 agebat;
2387 3970 2479 4039 qui
2533 3969 2724 4025 videns
2777 3969 3046 4025 Licinium
3101 3970 3479 4040 persecutione

1898 4064 2061 4119 solito
2092 4063 2341 4118 insanius
2390 4064 2707 4117 abutentem
2740 4072 2794 4117 et
2828 4071 3018 4116 contra
3070 4062 3474 4117 benefactorem

1897 4156 2186 4211 consilium
2217 4155 2596 4220 meditantem,
2639 4138 2888 4209 armatur
2927 4153 3190 4208 adversus
3227 4169 3351 4209 eum
3376 4170 3473 4221 per

1897 4246 2100 4302 siccam
2137 4246 2213 4316 (3)
2265 4255 2321 4300 et
2368 4234 2536 4301 mare.
2594 4246 2839 4316 Cumque
2895 4245 3171 4315 publicum
3226 4246 3472 4317 praelium

1902 4349 2175 4409 ageretur,
2200 4339 2359 4393 vivus
2390 4337 2636 4392 Licinius
2667 4339 2721 4392 in
2756 4338 3005 4410 Bithynia
3033 4354 3199 4408 penes
3235 4337 3474 4409 Chryso-

205 4406 486 4465 lleversus
528 4425 610 4469 est
661 4426 845 4471 autent
899 4419 966 4473 ad
1017 4430 1310 4492 utrumque
1369 4424 1631 4482 inefficax.
1677 4426 1793 4482 lloc
1824 4403 1867 4458 υ
1899 4403 2061 4500 politn
2096 4431 2587 4500 comprehenditur
2611 4439 2663 4485 et
2687 4431 3033 4486 Constantini
3069 4431 3322 4485 manibus
3362 4441 3473 4483 tra-

201 4500 371 4552 etiam
401 4517 545 4558 anno
582 4507 982 4568 Constantinus
1011 4513 1373 4570 Constantem
1408 4517 1579 4573 illium
1627 4534 1787 4575 suum

201 4596 485 4653 Caesarem
522 4600 653 4656 fecit
687 4612 742 4658 et
769 4607 917 4661 misit
944 4607 998 4661 in
1031 4607 1258 4665 Gallias.

276 4689 486 4744 Octavo
509 4693 726 4749 decimo
757 4712 890 4762 sane
921 4697 1130 4768 imperii
1167 4701 1252 4755 sui
1287 4715 1453 4769 anno,
1487 4713 1542 4758 ut
1568 4706 1787 4774 quidam

195 4777 421 4845 dicunt,
452 4782 854 4843 Constantinus
878 4803 1002 4845 cum
1037 4790 1232 4860 Crispo
1267 4794 1377 4848 tilio
1404 4811 1504 4849 suo
1530 4795 1717 4852 Romae
1756 4813 1787 4853 a

194 4868 475 4928 Silvestre
505 4874 816 4945 baptizatus
845 4888 951 4935 est.
986 4880 1270 4952 Quotquot
1312 4885 1456 4938 enim
1496 4885 1548 4939 in
1579 4888 1786 4943 seniori

198 4964 377 5019 Roma
409 4969 721 5025 consistunt
747 4987 920 5041 usque
951 4973 1131 5041 hodie,
1161 4976 1541 5045 baptisterium
1582 4980 1786 5034 habent

192 5058 250 5112 in
282 5059 963 5135 testimonium,quoniam
994 5082 1022 5121 a
1047 5066 1315 5123 Silvestre
1338 5069 1521 5125 Romae
1538 5072 1783 5141 baptiza-

194 5157 293 5203 tus
328 5159 416 5206 est
439 5162 563 5222 post
591 5162 952 5225 tyrannorum
987 5162 1439 5229 peremptionem.
1475 5162 1784 5222 Orientales

191 5249 384 5297 autem
419 5247 563 5313 apud
609 5246 979 5304 Nicomediam
1009 5251 1165 5305 aittnt
1203 5267 1328 5306 eum
1369 5254 1514 5309 circa
1549 5265 1779 5311 morteut

194 5334 270 5387 ab
304 5334 543 5391 Eusebio
588 5337 996 5396 Nicomediensi
1044 5342 1254 5398 Ariano
1299 5344 1656 5414 baptizatum,
1689 5350 1780 5404 tibi

194 5433 250 5480 ct
293 5428 528 5498 contigit
583 5447 706 5486 eum
760 5433 1031 5491 dormisse
1075 5450 1091 5488 :
1140 5435 1428 5492 differebat
1468 5439 1637 5505 enim,
1690 5442 1778 5496 in-

197 5518 419 5585 quiunt,
474 5520 838 5591 baptismum,
891 5541 1124 5596 sperans
1169 5527 1226 5582 in
1260 5526 1499 5585 Jordane
1552 5530 1776 5588 flumine

1894 4522 2066 4586 ditur,
2098 4523 2189 4591 qui
2219 4533 2482 4577 consueta
2516 4523 2853 4577 humanitate
2895 4537 3028 4577 usus
3056 4522 3105 4575 ei
3138 4523 3244 4576 vita
3272 4521 3471 4574 donata

1893 4611 2344 4671 Thessalonicam
2375 4616 2538 4668 mittit
2562 4614 2770 4685 carceri
2796 4615 3240 4683 mancipandum.
3273 4611 3471 4667 Verum

1889 4724 1999 4762 non
2044 4708 2213 4762 multo
2242 4717 2367 4777 post
2416 4707 2666 4760 barbaris
2703 4704 2952 4759 mercede
2981 4704 3272 4759 conductis
3319 4703 3471 4758 futu-

1892 4815 2011 4854 rum
2042 4809 2161 4855 erat
2195 4808 2255 4853 ut
2287 4798 2636 4854 rebellionem
2664 4803 2904 4866 pararet,
2944 4796 3050 4851 nisi
3085 4796 3190 4850 hoc
3241 4796 3471 4851 mitissi-

1894 4910 2021 4949 mus
2052 4893 2447 4949 Constantinus
2497 4904 2848 4961 praenoscens
2884 4888 3067 4960 gladio
3119 4888 3266 4944 hunc
3300 4889 3469 4944 recidi

1887 4986 2167 5055 iussisset.
2204 4986 2269 5038 Et
2297 4984 2375 5038 sic
2399 4983 2465 5037 de
2500 4991 2699 5037 caetero
2723 4979 2963 5052 perfecta
2995 4982 3133 5036 freta
3158 4989 3295 5039 sunt
3317 4990 3469 5035 tran-

1891 5078 2163 5149 quiliitate
2221 5076 2658 5132 Christianorum
2739 5074 3175 5130 conversationis
3229 5074 3464 5142 negotia,

1890 5187 1987 5242 per
2021 5171 2278 5225 virtutem
2317 5167 2528 5222 scilicet
2555 5166 2789 5222 vivitlcae
2825 5167 3010 5223 crucis
3046 5166 3250 5235 fugatis
3282 5173 3468 5234 tyran-

1890 5265 2019 5329 nis,
2074 5271 2129 5318 et
2189 5261 2543 5332 singulariter
2602 5261 2889 5318 obtinente
2943 5260 3209 5315 divinitus
3275 5255 3464 5326 adjuto

1883 5354 2248 5409 Constantino
2279 5353 2582 5409 Romanum
2618 5352 2930 5422 imperium.
2967 5347 3304 5405 Constitutis
3336 5360 3466 5416 ergo

1882 5443 2068 5512 pueris
2096 5442 2211 5496 suis
2231 5441 2548 5497 Caesaribus
2578 5447 2766 5509 optata
2787 5454 2920 5507 pace
2953 5437 3160 5507 potitus
3192 5442 3298 5492 est.
3330 5433 3467 5489 Erat

1883 5542 2063 5589 autem
2100 5532 2184 5587 vir
2219 5547 2315 5602 per
2349 5532 2535 5588 omnia
2576 5530 2762 5586 clarus
2801 5529 2854 5582 in
2902 5527 3104 5584 virtute
3138 5525 3359 5594 animae,
3404 5526 3463 5582 in

1727 5627 1802 5681 Ν(

278 5704 357 5773 (ὅ)
394 5704 548 5760 Sicca
588 5708 703 5765 sive
743 5710 897 5765 arida
950 5729 1048 5783 pro
1072 5721 1240 5780 terra,
1275 5723 1334 5770 ut
1361 5717 1568 5788 psalmo
1604 5734 1720 5776 χειν
1751 5740 1761 5776 ;

1909 5660 2095 5793 ξηρὰν
2130 5720 2183 5774 αἱ
2213 5679 2391 5791 χέῖρες
2414 5714 2578 5773 αὐτοῦ
2609 5711 2865 5769 ἔπλασαν.
2897 5712 3066 5768 ῈΑηιι.
