3906 6226
389 246 518 311 1211

1495 248 1890 309 ANASTASIi
1931 248 2008 308 BI
2019 249 2562 310 BLIUTIIEQlRII

3508 241 3649 306 1211

384 366 639 421 acumine
660 376 879 426 sensus,
905 362 961 416 in
996 363 1303 417 eruditione
1342 363 1656 427 verborum,
1694 366 1748 419 in
1780 365 1955 435 aequis
1982 369 2035 427 Λ
2059 363 2203 419 dona
2256 367 2507 437 largitus,
2568 363 2910 435 principibus
2955 362 3294 432 singularum
3355 361 3649 415 nationum

386 468 494 512 tate
527 456 779 527 iustitiae,
820 456 875 510 in
914 454 1194 511 alacritate
1238 454 1635 523 beneficentiae,
1681 458 1735 512 in
1760 458 1960 513 decore

384 548 593 615 vultus,
623 549 677 603 in
717 546 986 603 bellorum
1020 548 1279 603 virilitate
1309 562 1373 602 ac
1422 544 1703 610 felicitate.
1742 549 1795 602 in
1834 548 1961 602 bar-

386 642 588 697 baricis
644 655 896 712 magnus,
962 641 1014 693 in
1069 641 1473 697 contribniibus
1531 640 1958 711 insuperabilis;

390 736 534 790 unde
576 744 629 789 et
679 745 870 789 contra
910 746 1108 789 omnes
1143 734 1328 790 hostes
1360 735 1643 790 victoriam
1698 735 1959 791 orationi-

389 827 493 881 bus
524 825 824 880 obtinebat.

461 915 641 970 Mundi
660 930 805 969 anno
831 915 993 977 5816,
1028 915 1227 970 divinat
1255 916 1813 970 incarnationisanno
1835 912 1961 978 316,

389 1010 692 1064 vicennaiia
746 1009 958 1078 imperii
993 1007 1269 1063 celebrata
1307 1016 1437 1062 sunt
1471 1008 1817 1063 Constantini
1855 1008 1965 1059 Au-

390 1103 559 1167 gusti,
596 1108 649 1156 et
682 1102 822 1156 facta
859 1110 943 1158 est
976 1113 1163 1156 sancta
1209 1109 1262 1156 et
1307 1101 1635 1157 universalis
1668 1101 1844 1171 prima
1874 1115 1967 1171 sy-

392 1198 570 1251 nodus
620 1195 723 1250 5i8
777 1194 1021 1258 Patrum,
1065 1210 1296 1266 quorum
1356 1196 1510 1249 multi
1572 1196 1963 1249 miraculorum

310 1362 323 1369 _
392 1298 550 1343 cet-ant
583 1297 889 1358 patratores
913 1298 965 1342 et
998 1289 1297 1359 coangelici
1332 1288 1454 1351 viri,
1487 1290 1741 1358 stigmata
1760 1287 1964 1343 Christi

393 1385 447 1437 in
479 1396 713 1454 corpore
744 1398 843 1438 suo
875 1381 1134 1439 ferentes.
1176 1380 1283 1436 Pro
1313 1381 1563 1437 Romano
1589 1391 1770 1437 autem
1810 1378 1968 1437 Vitus

391 1484 446 1529 et
476 1472 797 1530 Vincentius
834 1476 1082 1530 aderant.
1114 1476 1242 1529 iitec
1266 1483 1455 1529 sancta
1497 1473 1741 1545 synodus
1778 1473 1966 1527 Arium

391 1576 445 1621 et
506 1576 909 1623 consentaneos
958 1569 1078 1637 ejus
1123 1566 1395 1637 deposuit,
1456 1576 1684 1638 excepto
1733 1564 1972 1621 Eusebio

391 1660 685 1731 Pamphili,
713 1663 804 1731 qui
839 1662 903 1714 ad
931 1676 1172 1732 pratsens
1206 1660 1475 1715 homousii
1506 1674 1567 1715 se
1590 1667 1780 1714 tenere
1811 1657 1968 1713 fidem

2063 457 2336 512 honorare
2394 456 2712 512 sacerdotes
2781 454 3152 525 praecipiebat,
3196 462 3251 510 et
3312 453 3389 507 ita
3452 469 3653 510 omnes

2063 550 2364 621 gaudentes
2392 551 2648 606 absolvit.
2682 548 2996 605 Edificavit
3036 557 3217 604 autem
3245 546 3655 602 Constantino-

2063 640 2253 713 polim.
2283 659 2388 713 qua
2421 659 2634 698 summa
2675 641 3005 697 liberalitate
3031 638 3202 693 ditata
3252 637 3308 693 in
3335 636 3659 693 illustribus

2064 732 2325 790 domibus
2356 750 2453 790 eos
2483 735 2577 803 qui
2614 734 2681 789 ab
2718 734 2856 789 urbe
2884 730 3057 787 Roma
3086 740 3243 787 erant
3266 730 3370 784 viri
3401 730 3656 784 rationa-

2066 826 2203 880 biles
2239 826 2572 886 collocavit;
2609 836 2664 881 et
2701 842 2763 881 ex
2802 825 2928 879 aliis
2954 822 3089 879 locis
3131 823 3442 879 secundum
3476 835 3657 892 genus

2065 917 2293 989 eligens,
2320 928 2375 974 et
2403 923 2593 975 domos
2640 933 2874 989 magnas
2913 917 2993 971 eis
3029 916 3306 981 tribuens,
3336 924 3399 969 ut
3432 912 3663 969 habita.

2067 1024 2222 1068 retur
2257 1013 2452 1068 civitas
2487 1013 2619 1084 egit.
2668 1012 2822 1068 Tunc
2855 1013 3019 1069 etiam
3050 1018 3102 1065 et
3140 1010 3409 1080 templum
3441 1016 3662 1062 sancta:

2068 1103 2288 1176 Sophia:
2319 1114 2375 1163 et
2404 1115 2608 1162 sanctae
2667 1105 2835 1160 lrenae
2889 1112 2945 1158 et
2985 1101 3358 1174 apostolorum
3391 1110 3449 1156 et
3474 1102 3671 1155 sancti.

2069 1198 2225 1254 Monii
2261 1209 2313 1253 et
2335 1198 2646 1268 archangeli
2671 1198 2767 1253 Dei
2802 1197 3016 1252 amicus
3048 1196 3307 1267 princeps
3329 1193 3660 1249 :edificavit.

2068 1290 2225 1347 Tunc
2268 1291 2514 1347 funditus
2540 1291 2743 1361 templo
2789 1289 3025 1359 Aselepii
3072 1304 3241 1359 penes
3264 1286 3435 1357 Egas
3458 1300 3518 1341 et
3556 1283 3673 1341 Ve-

2071 1386 2221 1442 neris
2250 1385 2306 1440 in
2341 1386 2585 1456 Aphacis
2618 1386 2727 1440 sito
2757 1385 3065 1449 destructo,
3098 1392 3262 1451 atque
3290 1381 3415 1437 aliis
3459 1380 3667 1435 multis

2069 1478 2302 1540 eversis,
2367 1478 2564 1531 horum
2625 1477 2832 1532 reditus
2886 1476 3111 1531 donavit
3164 1475 3442 1531 ecclesiis.
3492 1471 3665 1527 Tunc

2073 1569 2255 1623 multa:
2298 1576 2486 1639 gentes
2521 1569 2585 1622 ad
2642 1568 2977 1639 baptismum
3020 1580 3311 1621 accessere
3361 1563 3677 1620 miraculis

2072 1667 2229 1723 actae,
2254 1673 2381 1730 quae
2398 1669 2611 1729 patrata
2635 1668 2769 1712 sunt
2793 1672 2823 1709 a
2864 1655 3099 1726 captivis
3129 1652 3543 1722 sacerdotibus,
3564 1652 3677 1721 qui.

391 1768 527 1807 voce
549 1722 1164 1823 profitebatur.-lmpins
1210 1753 1395 1822 itaque
1437 1751 1599 1810 Arius
1630 1768 1756 1807 cum
1789 1752 1843 1806 in
1875 1768 1969 1825 sy-
2003 1722 2293 1807 Bfueraui
2344 1752 2446 1807 sub
2510 1752 2738 1807 Galieno
2809 1751 3146 1822 imperatore
3220 1747 3521 1818 captivati;
3611 1755 3667 1801 et

394 1846 536 1898 nodo
561 1861 800 1915 praesens
829 1845 1208 1909 adduceretur,
1236 1844 1502 1901 Eusebius
1535 1843 1968 1902 Nicontediensis

392 1947 449 1992 ct
490 1936 767 2009 Theognis
790 1950 843 1993 ct
868 1937 1039 1994 Maris
1067 1947 1121 1993 et
1157 1936 1447 1994 Narcissus
1479 1948 1534 1994 et
1573 1937 1967 2010 Theophantus

396 2040 449 2084 rt
488 2029 837 2102 Patrophilus
893 2034 1037 2087 imae
1082 2031 1377 2088 defendere
1423 2032 1835 2099 moliebantur;
1874 2033 1966 2104 qui

395 2134 789 2199 componentes
844 2124 967 2180 fidei
1016 2127 1245 2182 verbum
1313 2127 1693 2199 blasphemum
1758 2128 1970 2199 synodo

396 2233 711 2288 perrexere.
750 2218 907 2286 Quod
950 2234 1074 2274 cum
1128 2220 1409 2290 diruptum
1459 2229 1628 2284 esset,
1661 2220 1715 2275 hi
1755 2220 1847 2290 qui
1892 2220 1971 2274 fe-

396 2321 593 2366 cerunt
623 2312 758 2368 illud
792 2312 994 2367 reversi
1036 2312 1436 2368 damnaverunt
1476 2314 1700 2378 Arium,
1722 2314 1970 2384 exceptis

399 2400 652 2459 Secundo
687 2403 1006 2460 Ptolmaidis
1026 2398 1247 2477 Egypti
1272 2413 1326 2459 et
1353 2402 1577 2460 Theoua
1603 2403 1970 2461 Marmaricas.

396 2497 610 2563 Quibus
659 2513 783 2550 cum
824 2496 955 2551 Ario
1007 2497 1251 2566 repulsis
1293 2504 1347 2552 et
1390 2497 1969 2569 anathematizatisﬂ)

398 2594 645 2639 sanctum
682 2586 989 2655 symbolqu
1036 2585 1156 2640 fidei
1203 2585 1501 2650 dictavere,
1559 2588 1970 2644 subscribentes

397 2691 588 2731 omnes
609 2692 731 2731 cum
764 2678 1539 2748 augustissimoimperatore;
1570 2691 1617 2735 el
1649 2680 1809 2736 laude
1825 2682 1969 2736 dicta

399 2771 617 2826 solutus
672 2779 756 2825 est
810 2779 1009 2835 ccetus,
1066 2784 1211 2826 anno
1262 2787 1373 2842 quo
1430 2771 1749 2843 Byzantium
1807 2775 1974 2844 coepit

398 2861 678 2917 a-diiicari.
718 2862 1001 2918 Celebrata
1043 2873 1128 2919 est
1184 2864 1349 2936 igitur
1389 2873 1581 2920 sancta
1616 2866 1860 2937 syumius
1891 2867 1969 2920 in—

397 2954 639 3010 dictione
672 2954 759 3018 ‘12,
791 2970 977 3010 mense
999 2954 1167 3022 Maio,
1193 2955 1281 3011 die
1307 2955 1402 3020 20,
1434 2970 1555 3025 qua:
1601 2956 1823 3026 scripsit
1854 2957 1972 3025 epi-

2071 1848 2226 1917 prius
2283 1846 2500 1915 quidem
2557 1861 2622 1899 ex
2686 1843 2880 1901 Gothis
2926 1851 2980 1897 et
3027 1841 3196 1896 Celtis
3240 1850 3405 1909 atque
3439 1838 3679 1895 Galatis

2073 1938 2460 2010 liesperiarttm
2497 1940 2757 2008 partium,
2788 1937 2877 2006 qui
2905 1945 3097 1990 contra
3130 1934 3406 1989 Romanos
3428 1931 3673 1988 fueram

2071 2031 2202 2096 nisi,
2256 2046 2401 2085 nunc
2444 2043 2623 2084 autem
2666 2037 2720 2084 et
2764 2030 2867 2083 sub
2899 2031 3106 2085 victore
3132 2026 3496 2082 Constantino
3527 2026 3666 2093 plu-

2073 2119 2207 2177 rintu
2227 2126 2518 2179 multitudo
2535 2124 2780 2194 gentium
2811 2122 3118 2177 illominata
3155 2107 3244 2175 est
3268 2120 3335 2173 ad
3362 2118 3673 2175 Christum

2072 2232 2433 2274 concurrens.
2481 2217 2614 2271 Nam
2663 2225 2716 2272 et
2760 2215 3053 2271 interiores
3084 2212 3201 2269 Indi
3236 2220 3292 2268 et
3329 2213 3535 2273 Iberes.
3573 2215 3672 2267 uti

2074 2308 2306 2365 Rufinus
2336 2309 2549 2372 scribit,
2590 2308 2847 2364 similiter
2879 2317 2934 2362 et
2976 2307 3222 2361 Armenii
3268 2306 3510 2376 perfecte
3546 2305 3667 2361 sub

2073 2402 2195 2473 ipso
2223 2401 2597 2468 crediderunt,
2632 2416 2730 2471 per
2775 2395 3085 2454 Teridetem
3139 2413 3322 2467 regem
3351 2406 3407 2453 et
3434 2395 3661 2468 Grego-

2072 2495 2215 2549 rium
2250 2496 2571 2563 episcopum
2614 2506 2774 2547 suum
2820 2493 3053 2548 salutem
3101 2490 3459 2560 accipientes.
3490 2489 3665 2546 Tunc

2075 2597 2130 2642 et
2164 2584 2474 2641 Dorotlteus
2521 2584 2817 2654 episcopus
2855 2582 3009 2654 Tyri,
3053 2583 3144 2653 qui
3188 2582 3355 2636 multa
3386 2579 3499 2636 sub
3531 2579 3681 2636 Dio~

2074 2681 2309 2738 cietiano
2355 2679 2496 2734 mala
2531 2693 2825 2748 perpessus
2866 2676 3032 2731 exilia
3066 2684 3119 2731 et
3154 2679 3420 2729 tormenta
3456 2683 3667 2743 pertu-

2075 2776 2232 2838 lerat,
2263 2773 2522 2843 poliebat,
2554 2787 2849 2828 numerosa
2882 2772 3090 2843 scripta
3123 2769 3419 2826 conficiens
3454 2768 3679 2825 Latins

2075 2868 2239 2927 simul
2268 2877 2323 2923 et
2352 2866 2565 2928 Grzeca,
2609 2866 2898 2936 utriusque
2932 2865 3195 2919 nimirum
3242 2862 3504 2919 dictionis
3540 2877 3676 2917 non

2076 2961 2352 3018 modicam
2404 2959 2799 3030 experientiam
2851 2964 3208 3023 consecutus,
3245 2963 3300 3011 et
3351 2955 3678 3011 multarum-

400 3049 596 3104 stolatn
629 3050 681 3103 in
711 3044 1119 3115 Alexandriam,
1150 3046 1377 3121 Libyam
1407 3057 1462 3105 et
1490 3046 1855 3121 Pentapolim,
1881 3062 1975 3120 per
1999 3064 2044 3127 ο
2079 3069 2174 3125 per
2204 3051 2483 3124 ingenium
2517 3066 2701 3108 rerum
2734 3066 2943 3121 gnarus
2987 3049 3240 3106 effectus.
3286 3046 3383 3102 Hie
3411 3048 3665 3117 diiigeu.

399 3157 565 3202 quam
620 3143 857 3196 innotuit
908 3140 986 3212 (5)
1039 3138 1361 3211 eiectionem
1421 3140 1575 3204 Arii,
1630 3141 1869 3196 Secundi
1919 3153 1972 3196 et

400 3232 656 3287 Theonm.
709 3231 1049 3297 Significavit
1100 3240 1280 3286 autem
1325 3241 1381 3287 et
1436 3231 1504 3288 de
1542 3230 1794 3296 Meletio,
1827 3232 1972 3304 quod

401 3336 651 3377 seorsum
692 3323 745 3375 in
787 3323 1009 3375 civitate
1048 3322 1269 3391 propria
1315 3322 1517 3377 tacitus
1544 3322 1831 3378 resideret.
1864 3322 1974 3382 Eos

400 3427 531 3465 vero
560 3412 654 3480 qui
681 3411 748 3464 ab
788 3412 907 3481 ipso
946 3425 1145 3466 manus
1175 3412 1582 3483 impositionem
1618 3428 1969 3486 acceperant,

403 3500 577 3571 magis
607 3502 832 3573 mystica
860 3504 1177 3560 sacratione
1205 3504 1523 3560 firmandos.
1547 3504 1784 3578 Scripsit
1805 3498 2019 3564 etiam"

400 3594 469 3648 de
501 3591 730 3659 Pascha,
770 3592 824 3648 id
854 3594 1086 3650 ulterius
1113 3608 1238 3649 cum
1282 3593 1486 3652 Iudaeis
1519 3597 1831 3656 nullatenus
1856 3596 1973 3654 elli-

401 3684 677 3752 ciendmu,
724 3685 819 3741 sed
859 3687 1160 3742 secundum
1216 3684 1448 3744 formam
1478 3705 1600 3757 quae
1630 3707 1726 3761 per
1764 3689 1972 3748 Italiam

399 3777 730 3840 custoditur,
771 3777 827 3833 in
860 3776 1137 3834 Dominica
1180 3773 1267 3835 die
1317 3782 1499 3850 potius
1546 3782 1969 3840 celebrandum.

401 3866 666 3922 Similiter
692 3875 744 3921 et
785 3868 1066 3937 piissimus
1102 3869 1396 3939 imperator
1440 3871 1705 3942 epistolas
1736 3874 1972 3946 scripsit

404 3958 607 4028 ubique
651 3958 908 4029 jubentes
949 3960 1136 4016 eadem
1170 3978 1289 4033 quae
1325 3971 1516 4019 sancta
1556 3962 1802 4036 synodus
1840 3980 1967 4036 pro-

401 4050 759 4121 mulgaverat,
811 4060 865 4107 et
914 4052 1216 4108 firmantes.
1268 4052 1533 4110 Praeterea
1582 4070 1705 4109 cum
1758 4057 1973 4127 imperii

400 4143 487 4197 sui
518 4140 790 4198 festivitas
832 4143 1137 4200 vicennalls
1182 4145 1431 4212 instarel,
1466 4162 1657 4206 omnes
1688 4150 1875 4207 Patres
1904 4152 1972 4207 ad

399 4233 710 4290 convivium
768 4241 946 4298 vocat,
1006 4249 1128 4288 cum
1181 4236 1290 4291 illis
1344 4239 1549 4306 pariter
1612 4243 1973 4316 convivatus;

401 4341 543 4396 quos
602 4325 862 4380 decenter
917 4323 1196 4381 honoratis
1255 4323 1549 4397 Paphnutii
1599 4340 1653 4387 et
1706 4334 1967 4391 similium

398 4418 783 4474 confessurum
816 4417 958 4483 loca,
983 4431 1049 4473 ex
1087 4419 1290 4487 quibus
1322 4420 1377 4475 in
1408 4423 1794 4491 persecutione
1822 4431 1968 4485 oculi
2004 4422 2046 4476 D

398 4508 615 4564 fuerant
642 4508 848 4579 effossi,
884 4510 969 4565 vel
998 4509 1163 4565 etiam
1210 4520 1406 4567 caetera
1439 4516 1681 4571 membra
1712 4525 1971 4576 truncata

396 4602 790 4672 osculabatur,
850 4603 1333 4661 sanetiiicationem
1383 4610 1455 4663 ex‘
1509 4608 1590 4667 eis
1645 4609 1969 4668 lucrifacere

398 4707 647 4761 sperans.
700 4692 875 4748 Porro
918 4692 1134 4750 libellos
1172 4710 1315 4764 quos
1347 4704 1537 4751 contra
1575 4696 1809 4755 invicem
1840 4702 1967 4772 qui-

396 4785 518 4839 dam
543 4796 901 4855 porrexerunt
934 4788 1042 4859 igni
1075 4789 1301 4843 tradidit
1336 4790 1696 4861 jurejurando
1720 4794 1966 4864 fit-utaris,

396 4878 444 4933 si
478 4878 709 4933 vidisset
766 4878 1086 4951 episcopum
1144 4884 1537 4950 mmchantem,
1597 4898 1657 4938 se
1713 4885 1970 4941 alacriter

396 4970 543 5024 hunc
571 4968 933 5041 operiturum.
969 4969 1137 5027 Multa
1170 4987 1393 5045 quoque
1420 4974 1681 5031 omnibus
1715 4977 1966 5034 ecclesiis

2077 3154 2160 3201 tcr
2211 3139 2376 3201 etiam
2450 3160 2615 3214 super
2663 3143 2934 3213 episcopis
2983 3139 3233 3213 Byzantii
3287 3154 3354 3196 ac
3410 3139 3673 3194 aliorum

2075 3235 2370 3290 multorum
2417 3236 2664 3291 locorum
2712 3233 2997 3289 historiam
3034 3233 3248 3288 texuit:
3276 3232 3367 3302 qui
3390 3240 3446 3287 et
3475 3231 3530 3285 in
3563 3247 3666 3303 sy-

2076 3327 2220 3381 nodo
2251 3334 2502 3398 repertus
2553 3335 2661 3393 est,
2698 3333 2753 3381 et
2785 3323 2854 3379 ad
2904 3323 3179 3395 propriam
3221 3322 3536 3393 parochiam
3575 3322 3665 3395 (6)

2076 3431 2328 3473 remeans
2367 3415 2686 3487 perduravit
2739 3430 2914 3486 usque
2949 3413 3015 3468 ad
3070 3412 3317 3484 refugam
3348 3411 3663 3472 lulianum.

2078 3510 2142 3566 Et
2166 3509 2424 3582 quoniam
2455 3523 2564 3563 non
2598 3506 2909 3570 manifeste,
2942 3504 3038 3560 sed
3069 3507 3286 3561 occulte
3314 3522 3406 3574 per
3434 3506 3665 3574 judice;

2074 3601 2430 3660 exsecrabilis
2468 3601 2551 3655 vir
2575 3600 2631 3654 in
2672 3598 3021 3654 Christianos
3049 3598 3518 3662 debacchabatur.
3547 3596 3655 3655 ite-

2076 3706 2195 3745 rum
2239 3689 2435 3746 beatus
2497 3687 2804 3744 Dorotheus
2833 3686 3009 3757 pergit
3034 3686 3444 3758 OdyssOpolim,
3475 3687 3570 3742 ubi
3601 3696 3656 3744 et

2075 3781 2508 3854 comprehensus
2551 3795 2581 3835 a
2613 3780 2894 3853 judicibus
2924 3778 3153 3844 Juliani,
3196 3778 3497 3847 multisque
3526 3778 3652 3835 θεε-

2074 3882 2198 3931 ctus
2235 3873 2578 3937 verberibus,
2622 3876 2675 3928 in
2707 3887 2964 3945 suprema
2995 3880 3277 3928 senectute
3313 3887 3415 3941 pro
3449 3871 3657 3928 Christi

2074 3966 2422 4029 confessione
2445 3966 2730 4041 suppliciis
2777 3966 2911 4030 obit,
2943 3981 3066 4023 cum
3090 3966 3204 4036 jam
3252 3965 3351 4021 107
3383 3979 3647 4021 annorum

2073 4070 2240 4118 esset.

2143 4153 2327 4209 Mundi
2360 4168 2504 4210 anno
2532 4150 2693 4219 58l7,
2726 4152 2926 4207 divinae
2959 4152 3362 4207 incarnationis
3390 4152 3520 4214 3n,
3548 4150 3642 4205 Ju-

2074 4242 2173 4303 dzci
2207 4255 2261 4302 et
2293 4244 2471 4302 Persa:
2513 4246 2762 4302 videntes
2790 4245 3277 4301 Christianismum
3339 4246 3392 4299 in
3430 4244 3655 4300 Perside

2076 4342 2249 4411 magis
2283 4355 2346 4394 ac
2376 4339 2549 4412 magis
2581 4340 2806 4410 pollere,
2830 4338 3125 4394 detrahunt
3158 4336 3409 4392 Simeoni
3438 4338 3655 4392 archie-

2074 4436 2301 4506 piscopo
2333 4433 2704 4503 Ctesiphontis
2746 4433 2887 4502 apud
2940 4429 3203 4487 Saborem
3244 4428 3539 4485 Persarum
3565 4445 3643 4481 re.

2075 4539 2220 4594 gem,
2260 4523 2417 4593 quasi
2452 4523 2630 4577 amico
2660 4521 3012 4590 imperatoris
3059 4519 3293 4572 Romani
3317 4529 3372 4574 et
3408 4518 3642 4573 Persico-

2076 4630 2196 4671 rum
2224 4614 2448 4669 delatori
2481 4613 2850 4684 negotiorum.
2878 4611 3243 4679 Quamobrem
3277 4611 3647 4680 persecutione

2076 4722 2274 4778 magna
2307 4708 2361 4761 in
2396 4706 2616 4761 Perside
2662 4715 2808 4761 mota
2860 4704 3011 4759 multi
3051 4720 3147 4773 p:o
3179 4703 3405 4759 Christo
3453 4710 3641 4770 niasty-

2076 4799 2159 4854 rio
2187 4807 2316 4853 sunt
2339 4797 2631 4862 adornati;
2658 4797 2801 4850 inter
2826 4810 2965 4865 quos
3000 4794 3381 4850 Heustazades
3407 4792 3637 4863 paedago-

2072 4906 2177 4962 gus
2210 4890 2431 4946 Saboris
2461 4897 2516 4943 et
2560 4889 2783 4943 Sitneon
2809 4898 2862 4942 et
2901 4901 3067 4957 super
3102 4886 3242 4940 alios
3294 4889 3494 4941 multos
3520 4897 3636 4937 cen-

2074 4990 2189 5037 tum
2224 4981 2414 5038 clerici
2445 4989 2498 5037 et
2536 4980 2775 5052 episcopi
2816 4994 2927 5035 una
2975 4979 3062 5033 die
3106 4976 3449 5049 martyrizati
3497 4980 3642 5040 sunt,

1906 5113 2139 5171 ΝΟΤΛΕ.

468 5204 545 5289 (ᾧ)
581 5204 775 5289 An‘atlt.
806 5201 947 5287 liist.
984 5201 1140 5289 Trip.
1172 5203 1267 5289 ῃ.
1307 5203 1390 5287 6.:
1425 5224 1446 5257 ς
1477 5205 1973 5289 anathematizave—

394 5274 544 5332 runt)
579 5295 597 5327 ι
635 5274 727 5334 Sic
759 5275 904 5331 enim
935 5289 1035 5329 nos
1055 5274 1353 5329 Christiani
1394 5287 1581 5329 contra
1628 5275 1971 5343 blaspltemos

397 5346 667 5416 prolatum
698 5349 939 5403 solemus
969 5345 1245 5416 appellare
1279 5344 1577 5400 decretum.
1609 5343 1777 5416 mea.

467 5417 548 5487 (5)
586 5417 848 5474 Introiuit.
882 5415 1211 5474 Anastasius
1264 5416 1317 5470 in
1369 5416 1565 5471 exsilio
1615 5415 1673 5469 S.
1718 5417 1969 5471 Martini:

406 5504 429 5556 ¢_
442 5485 610 5556 Potui
630 5489 680 5543 ei
700 5491 945 5545 scribere
971 5502 1035 5543 ac
1058 5490 1404 5544 innotescere
1426 5487 1608 5542 omnia
1628 5502 1748 5556 qua:
1760 5487 1826 5541 de
1854 5489 1972 5555 ipso

401 5554 845 5629 diligntabantur.
879 5578 897 5610 ι
921 5556 1231 5615 Ludovicus
1255 5560 1387 5629 imp.
1420 5559 1474 5611 in
1510 5554 1673 5627 praae.
1700 5574 1788 5626 ap.
1816 5554 1969 5629 Flod.

402 5621 580 5746 1.13,:
609 5642 627 5674 ι
656 5627 791 5692 Quia
817 5629 933 5685 Ebo
967 5629 1268 5687 clementiae
1305 5621 1759 5685 nostra-innotuit
1782 5628 1962 5699 quia.)

2143 5212 2222 5281 (fi)
2258 5210 2598 5281 Paroshiam.
2628 5207 2926 5279 Παροικεαν
2951 5205 3178 5271 quidam
3223 5207 3627 5281 malimupam

2071 5276 2233 5350 erant.
2268 5281 2376 5337 Sed
2414 5276 2731 5350 prmniscue
2770 5276 3623 5350 utrutnque_usurpatur:A_vitus
3658 5338 3661 5339 ν

2079 5349 2398 5408 Viennensis
2416 5344 2513 5420 'ep.
2537 5351 2634 5405 90:
2660 5370 2681 5402 ι
2704 5348 2759 5403 in
2789 5344 3045 5420 parocliia
3064 5344 3623 5420 EponensiJEpipbao

2071 5422 2198 5477 nius
2224 5417 2497 5476 Scholast.
2527 5419 2677 5488 Trip.
2716 5432 2753 5491 t,
2792 5422 2850 5471 H
2886 5436 2899 5471 :
2940 5438 2957 5470 ε
2995 5417 3053 5473 in
3095 5418 3464 5491 nostraigiﬂlf
3486 5427 3617 5491 νατρο

2069 5492 2214 5547 chia.
2252 5510 2271 5543 ι
2307 5492 2451 5546 Idem
2493 5501 2671 5545 tamen
2712 5490 3076 5562 frequentius
3122 5488 3406 5562 [arteriam
3463 5488 3615 5562 vertit.

2078 5562 2318 5685 ut‘uiiﬁ
2344 5572 2396 5617 et
2422 5578 2497 5628 tv,
2518 5562 2611 5627 24,
2639 5578 2689 5626 v,
2708 5557 2778 5615 28
2806 5556 2859 5613 ei
2889 5560 2979 5627 34,
3008 5575 3103 5626 xu,
3127 5556 3228 5625 Si;
3259 5559 3421 5629 idque
3438 5556 3623 5611 rectius

2078 5648 2134 5685 es
2169 5672 2181 5685 .
2241 5648 2294 5685 υ.

2075 5640 2181 5689 est.
2220 5640 2294 5686 In.
