  <div class='ocr_page' id='page_1' title='image "/cluster/home/n/w/nwhite01/storage/ocr_20150623/108/hvd.32044073502320/612.png"; bbox 0 0 3950 6234; ppageno 0'>
   <div class='ocr_carea' id='block_1_1' title="bbox 249 412 2566 502">
    <p class='ocr_par' dir='ltr' id='par_1_1' title="bbox 249 412 2566 502">
     <span class='ocr_line' id='line_1_1' title="bbox 249 412 2566 502; baseline -0.019 0"><span class='ocrx_word' id='word_1_1' title='bbox 249 459 297 502; x_wconf 85' lang='lat' dir='ltr'><strong>et</strong></span> <span class='ocrx_word' id='word_1_2' title='bbox 354 438 775 497; x_wconf 80' lang='lat' dir='ltr'><strong>innumerabilis</strong></span> <span class='ocrx_word' id='word_1_3' title='bbox 822 437 930 490; x_wconf 87' lang='lat' dir='ltr'><strong>alia</strong></span> <span class='ocrx_word' id='word_1_4' title='bbox 967 433 1298 497; x_wconf 77' lang='lat' dir='ltr'><strong>multitudo;</strong></span> <span class='ocrx_word' id='word_1_5' title='bbox 1332 446 1396 484; x_wconf 84' lang='lat' dir='ltr'><strong>ex</strong></span> <span class='ocrx_word' id='word_1_6' title='bbox 1455 429 1656 499; x_wconf 85' lang='lat' dir='ltr'><strong>quibus</strong></span> <span class='ocrx_word' id='word_1_7' title='bbox 1694 423 1828 478; x_wconf 78' lang='lat' dir='ltr'><strong>insi-</strong></span> <span class='ocrx_word' id='word_1_8' title='bbox 1869 422 1906 476; x_wconf 88' lang='grc' dir='ltr'><strong>Δ</strong></span> <span class='ocrx_word' id='word_1_9' title='bbox 1938 419 2006 472; x_wconf 88' lang='lat' dir='ltr'><strong>ab</strong></span> <span class='ocrx_word' id='word_1_10' title='bbox 2039 417 2171 470; x_wconf 86' lang='lat' dir='ltr'><strong>hora</strong></span> <span class='ocrx_word' id='word_1_11' title='bbox 2204 412 2362 468; x_wconf 85' lang='lat' dir='ltr'><strong>tertia</strong></span> <span class='ocrx_word' id='word_1_12' title='bbox 2394 422 2566 474; x_wconf 86' lang='lat' dir='ltr'><strong>usque</strong></span> 
     </span>
    </p>
   </div>
   <div class='ocr_carea' id='block_1_2' title="bbox 1933 477 3504 563">
    <p class='ocr_par' dir='ltr' id='par_1_2' title="bbox 1933 477 3504 563">
     <span class='ocr_line' id='line_1_2' title="bbox 1933 477 3504 563; baseline -0.021 0"><span class='ocrx_word' id='word_1_13' title='bbox 1933 524 2038 563; x_wconf 89' lang='lat' dir='ltr'><strong>tem</strong></span> <span class='ocrx_word' id='word_1_14' title='bbox 2091 523 2215 560; x_wconf 90' lang='lat' dir='ltr'><strong>cum</strong></span> <span class='ocrx_word' id='word_1_15' title='bbox 2280 493 2684 555; x_wconf 76' lang='lat' dir='ltr'><strong>Nicomediensi</strong></span> <span class='ocrx_word' id='word_1_16' title='bbox 2744 486 2983 546; x_wconf 83' lang='lat' dir='ltr'><strong>Eusebio</strong></span> <span class='ocrx_word' id='word_1_17' title='bbox 3037 495 3091 537; x_wconf 87' lang='lat' dir='ltr'><strong>ct</strong></span> <span class='ocrx_word' id='word_1_18' title='bbox 3141 477 3504 535; x_wconf 73' lang='lat' dir='ltr'><strong>sectatoribus</strong></span> 
     </span>
    </p>
   </div>
   <div class='ocr_carea' id='block_1_3' title="bbox 1933 569 3504 658">
    <p class='ocr_par' dir='ltr' id='par_1_3' title="bbox 1933 569 3504 658">
     <span class='ocr_line' id='line_1_3' title="bbox 1933 569 3504 658; baseline -0.026 0"><span class='ocrx_word' id='word_1_19' title='bbox 1933 602 2049 658; x_wconf 83' lang='lat' dir='ltr'><strong>suis</strong></span> <span class='ocrx_word' id='word_1_20' title='bbox 2080 599 2430 652; x_wconf 81' lang='lat' dir='ltr'><strong>insurrexere</strong></span> <span class='ocrx_word' id='word_1_21' title='bbox 2478 603 2602 644; x_wconf 91' lang='lat' dir='ltr'><strong>cum</strong></span> <span class='ocrx_word' id='word_1_22' title='bbox 2629 587 2936 655; x_wconf 86' lang='lat' dir='ltr'><strong>juramcnto</strong></span> <span class='ocrx_word' id='word_1_23' title='bbox 2977 575 3189 629; x_wconf 79' lang='lat' dir='ltr'><strong>libellus</strong></span> <span class='ocrx_word' id='word_1_24' title='bbox 3247 569 3504 624; x_wconf 85' lang='lat' dir='ltr'><strong>orthodo-</strong></span> 
     </span>
    </p>
   </div>
   <div class='ocr_carea' id='block_1_4' title="bbox 1937 659 3508 761">
    <p class='ocr_par' dir='ltr' id='par_1_4' title="bbox 1937 659 3508 761">
     <span class='ocr_line' id='line_1_4' title="bbox 1937 659 3508 761; baseline -0.024 -13"><span class='ocrx_word' id='word_1_25' title='bbox 1937 696 2036 749; x_wconf 78' lang='lat' dir='ltr'><strong>xire</strong></span> <span class='ocrx_word' id='word_1_26' title='bbox 2076 690 2420 761; x_wconf 77' lang='lat' dir='ltr'><strong>porrigentes</strong></span> <span class='ocrx_word' id='word_1_27' title='bbox 2453 674 2795 750; x_wconf 68' lang='lat' dir='ltr'><strong>imperatori,</strong></span> <span class='ocrx_word' id='word_1_28' title='bbox 2832 660 3038 726; x_wconf 82' lang='lat' dir='ltr'><strong>sitienti</strong></span> <span class='ocrx_word' id='word_1_29' title='bbox 3071 679 3258 719; x_wconf 86' lang='lat' dir='ltr'><strong>eorum</strong></span> <span class='ocrx_word' id='word_1_30' title='bbox 3295 661 3386 730; x_wconf 88' lang='lat' dir='ltr'><strong>qui</strong></span> <span class='ocrx_word' id='word_1_31' title='bbox 3422 659 3508 714; x_wconf 87' lang='lat' dir='ltr'><strong>di-</strong></span> 
     </span>
    </p>
   </div>
   <div class='ocr_carea' id='block_1_5' title="bbox 1935 755 3512 842">
    <p class='ocr_par' dir='ltr' id='par_1_5' title="bbox 1935 755 3512 842">
     <span class='ocr_line' id='line_1_5' title="bbox 1935 755 3512 842; baseline -0.023 0"><span class='ocrx_word' id='word_1_32' title='bbox 1935 787 2038 842; x_wconf 83' lang='lat' dir='ltr'><strong>visi</strong></span> <span class='ocrx_word' id='word_1_33' title='bbox 2073 786 2289 838; x_wconf 85' lang='lat' dir='ltr'><strong>fuerant</strong></span> <span class='ocrx_word' id='word_1_34' title='bbox 2322 779 2583 832; x_wconf 87' lang='lat' dir='ltr'><strong>unitatem</strong></span> <span class='ocrx_word' id='word_1_35' title='bbox 2617 788 2630 834; x_wconf 87' lang='lat'><strong>;</strong></span> <span class='ocrx_word' id='word_1_36' title='bbox 2663 778 2716 823; x_wconf 92' lang='lat' dir='ltr'><strong>et</strong></span> <span class='ocrx_word' id='word_1_37' title='bbox 2750 776 3075 836; x_wconf 86' lang='lat' dir='ltr'><strong>persuascre</strong></span> <span class='ocrx_word' id='word_1_38' title='bbox 3109 759 3154 810; x_wconf 86' lang='lat' dir='ltr'><strong>ei</strong></span> <span class='ocrx_word' id='word_1_39' title='bbox 3191 755 3512 809; x_wconf 83' lang='lat' dir='ltr'><strong>mentientes</strong></span> 
     </span>
    </p>
   </div>
   <div class='ocr_carea' id='block_1_6' title="bbox 1938 845 3512 951">
    <p class='ocr_par' dir='ltr' id='par_1_6' title="bbox 1938 845 3512 951">
     <span class='ocr_line' id='line_1_6' title="bbox 1938 845 3512 951; baseline -0.026 -17"><span class='ocrx_word' id='word_1_40' title='bbox 1938 879 2080 951; x_wconf 89' lang='lat' dir='ltr'><strong>quod</strong></span> <span class='ocrx_word' id='word_1_41' title='bbox 2105 873 2504 933; x_wconf 87' lang='lat' dir='ltr'><strong>concordarent</strong></span> <span class='ocrx_word' id='word_1_42' title='bbox 2536 878 2656 918; x_wconf 91' lang='lat' dir='ltr'><strong>cum</strong></span> <span class='ocrx_word' id='word_1_43' title='bbox 2692 857 2951 913; x_wconf 84' lang='lat' dir='ltr'><strong>Patribns</strong></span> <span class='ocrx_word' id='word_1_44' title='bbox 2977 850 3070 922; x_wconf 90' lang='lat' dir='ltr'><strong>qui</strong></span> <span class='ocrx_word' id='word_1_45' title='bbox 3104 847 3246 918; x_wconf 86' lang='lat' dir='ltr'><strong>apud</strong></span> <span class='ocrx_word' id='word_1_46' title='bbox 3278 845 3512 898; x_wconf 63' lang='lat' dir='ltr'><strong>Nicmam</strong></span> 
     </span>
    </p>
   </div>
   <div class='ocr_carea' id='block_1_7' title="bbox 250 527 1824 612">
    <p class='ocr_par' dir='ltr' id='par_1_7' title="bbox 250 527 1824 612">
     <span class='ocr_line' id='line_1_7' title="bbox 250 527 1824 612; baseline -0.017 -17"><span class='ocrx_word' id='word_1_47' title='bbox 250 540 438 612; x_wconf 84' lang='lat' dir='ltr'><strong>gnium</strong></span> <span class='ocrx_word' id='word_1_48' title='bbox 462 536 724 590; x_wconf 78' lang='lat' dir='ltr'><strong>decernet</strong></span> <span class='ocrx_word' id='word_1_49' title='bbox 751 540 876 583; x_wconf 80' lang='lat' dir='ltr'><strong>octo</strong></span> <span class='ocrx_word' id='word_1_50' title='bbox 913 528 1082 583; x_wconf 86' lang='lat' dir='ltr'><strong>millia</strong></span> <span class='ocrx_word' id='word_1_51' title='bbox 1115 536 1413 596; x_wconf 82' lang='lat' dir='ltr'><strong>martyrum</strong></span> <span class='ocrx_word' id='word_1_52' title='bbox 1442 527 1824 579; x_wconf 91' lang='lat' dir='ltr'><strong>numerarunt,</strong></span> 
     </span>
    </p>
   </div>
   <div class='ocr_carea' id='block_1_8' title="bbox 252 610 1826 688">
    <p class='ocr_par' dir='ltr' id='par_1_8' title="bbox 252 610 1826 688">
     <span class='ocr_line' id='line_1_8' title="bbox 252 610 1826 688; baseline -0.017 -1"><span class='ocrx_word' id='word_1_53' title='bbox 252 630 543 688; x_wconf 78' lang='lat' dir='ltr'><strong>tormentis</strong></span> <span class='ocrx_word' id='word_1_54' title='bbox 579 625 934 680; x_wconf 83' lang='lat' dir='ltr'><strong>horribilibns</strong></span> <span class='ocrx_word' id='word_1_55' title='bbox 989 633 1040 675; x_wconf 89' lang='lat' dir='ltr'><strong>et</strong></span> <span class='ocrx_word' id='word_1_56' title='bbox 1073 636 1100 672; x_wconf 89' lang='lat' dir='ltr'><strong>a</strong></span> <span class='ocrx_word' id='word_1_57' title='bbox 1130 628 1328 674; x_wconf 86' lang='lat' dir='ltr'><strong>natura</strong></span> <span class='ocrx_word' id='word_1_58' title='bbox 1351 615 1630 668; x_wconf 74' lang='lat' dir='ltr'><strong>extraneis</strong></span> <span class='ocrx_word' id='word_1_59' title='bbox 1658 627 1687 665; x_wconf 89' lang='lat' dir='ltr'><strong>a</strong></span> <span class='ocrx_word' id='word_1_60' title='bbox 1725 610 1826 664; x_wconf 86' lang='lat' dir='ltr'><strong>Sa—</strong></span> 
     </span>
    </p>
   </div>
   <div class='ocr_carea' id='block_1_9' title="bbox 252 702 1833 791">
    <p class='ocr_par' dir='ltr' id='par_1_9' title="bbox 252 702 1833 791">
     <span class='ocr_line' id='line_1_9' title="bbox 252 702 1833 791; baseline -0.018 -10"><span class='ocrx_word' id='word_1_61' title='bbox 252 728 386 782; x_wconf 78' lang='lat' dir='ltr'><strong>bore</strong></span> <span class='ocrx_word' id='word_1_62' title='bbox 412 729 717 791; x_wconf 86' lang='lat' dir='ltr'><strong>perempta.</strong></span> <span class='ocrx_word' id='word_1_63' title='bbox 743 715 845 771; x_wconf 86' lang='lat' dir='ltr'><strong>Per</strong></span> <span class='ocrx_word' id='word_1_64' title='bbox 867 715 1006 768; x_wconf 88' lang='lat' dir='ltr'><strong>idem</strong></span> <span class='ocrx_word' id='word_1_65' title='bbox 1037 721 1254 780; x_wconf 85' lang='lat' dir='ltr'><strong>tempus</strong></span> <span class='ocrx_word' id='word_1_66' title='bbox 1286 717 1340 761; x_wconf 87' lang='lat' dir='ltr'><strong>et</strong></span> <span class='ocrx_word' id='word_1_67' title='bbox 1373 706 1434 760; x_wconf 84' lang='grc' dir='ltr'><strong>Β.</strong></span> <span class='ocrx_word' id='word_1_68' title='bbox 1470 704 1670 758; x_wconf 84' lang='lat' dir='ltr'><strong>llelena</strong></span> <span class='ocrx_word' id='word_1_69' title='bbox 1705 702 1833 753; x_wconf 88' lang='lat' dir='ltr'><strong>dor-</strong></span> 
     </span>
    </p>
   </div>
   <div class='ocr_carea' id='block_1_10' title="bbox 264 791 1833 870">
    <p class='ocr_par' dir='ltr' id='par_1_10' title="bbox 264 791 1833 870">
     <span class='ocr_line' id='line_1_10' title="bbox 264 791 1833 870; baseline -0.018 0"><span class='ocrx_word' id='word_1_70' title='bbox 264 814 422 870; x_wconf 77' lang='lat' dir='ltr'><strong>mivit</strong></span> <span class='ocrx_word' id='word_1_71' title='bbox 452 813 507 865; x_wconf 92' lang='lat' dir='ltr'><strong>in</strong></span> <span class='ocrx_word' id='word_1_72' title='bbox 547 807 780 862; x_wconf 84' lang='lat' dir='ltr'><strong>Domino</strong></span> <span class='ocrx_word' id='word_1_73' title='bbox 831 817 1100 857; x_wconf 86' lang='lat' dir='ltr'><strong>annorum</strong></span> <span class='ocrx_word' id='word_1_74' title='bbox 1151 799 1456 866; x_wconf 80' lang='lat' dir='ltr'><strong>octoginta,</strong></span> <span class='ocrx_word' id='word_1_75' title='bbox 1514 794 1683 847; x_wconf 83' lang='lat' dir='ltr'><strong>multa</strong></span> <span class='ocrx_word' id='word_1_76' title='bbox 1722 791 1833 844; x_wconf 86' lang='lat' dir='ltr'><strong>ﬁlio</strong></span> 
     </span>
    </p>
   </div>
   <div class='ocr_carea' id='block_1_11' title="bbox 258 882 1834 969">
    <p class='ocr_par' dir='ltr' id='par_1_11' title="bbox 258 882 1834 969">
     <span class='ocr_line' id='line_1_11' title="bbox 258 882 1834 969; baseline -0.016 -10"><span class='ocrx_word' id='word_1_77' title='bbox 258 905 527 959; x_wconf 85' lang='lat' dir='ltr'><strong>mandans</strong></span> <span class='ocrx_word' id='word_1_78' title='bbox 557 915 656 969; x_wconf 92' lang='lat' dir='ltr'><strong>pro</strong></span> <span class='ocrx_word' id='word_1_79' title='bbox 681 899 882 966; x_wconf 81' lang='lat' dir='ltr'><strong>pietate</strong></span> <span class='ocrx_word' id='word_1_80' title='bbox 914 909 1031 961; x_wconf 61' lang='lat' dir='ltr'><strong>qua!</strong></span> <span class='ocrx_word' id='word_1_81' title='bbox 1059 891 1279 946; x_wconf 82' lang='lat' dir='ltr'><strong>Christo</strong></span> <span class='ocrx_word' id='word_1_82' title='bbox 1315 888 1564 942; x_wconf 85' lang='lat' dir='ltr'><strong>debetur.</strong></span> <span class='ocrx_word' id='word_1_83' title='bbox 1609 882 1834 950; x_wconf 85' lang='lat' dir='ltr'><strong>Scpnlta</strong></span> 
     </span>
    </p>
   </div>
   <div class='ocr_carea' id='block_1_12' title="bbox 259 974 1838 1055">
    <p class='ocr_par' dir='ltr' id='par_1_12' title="bbox 259 974 1838 1055">
     <span class='ocr_line' id='line_1_12' title="bbox 259 974 1838 1055; baseline -0.018 -4"><span class='ocrx_word' id='word_1_84' title='bbox 259 1005 443 1050; x_wconf 88' lang='lat' dir='ltr'><strong>autem</strong></span> <span class='ocrx_word' id='word_1_85' title='bbox 478 1000 562 1047; x_wconf 88' lang='lat' dir='ltr'><strong>est</strong></span> <span class='ocrx_word' id='word_1_86' title='bbox 597 993 648 1042; x_wconf 92' lang='lat' dir='ltr'><strong>in</strong></span> <span class='ocrx_word' id='word_1_87' title='bbox 691 987 896 1055; x_wconf 89' lang='lat' dir='ltr'><strong>templo</strong></span> <span class='ocrx_word' id='word_1_88' title='bbox 941 982 1042 1038; x_wconf 84' lang='lat' dir='ltr'><strong>SS.</strong></span> <span class='ocrx_word' id='word_1_89' title='bbox 1078 981 1454 1054; x_wconf 72' lang='lat' dir='ltr'><strong>apostolorum</strong></span> <span class='ocrx_word' id='word_1_90' title='bbox 1505 975 1643 1044; x_wconf 87' lang='lat' dir='ltr'><strong>apud</strong></span> <span class='ocrx_word' id='word_1_91' title='bbox 1681 974 1838 1027; x_wconf 86' lang='lat' dir='ltr'><strong>Con-</strong></span> 
     </span>
    </p>
   </div>
   <div class='ocr_carea' id='block_1_13' title="bbox 261 1068 1840 1154">
    <p class='ocr_par' dir='ltr' id='par_1_13' title="bbox 261 1068 1840 1154">
     <span class='ocr_line' id='line_1_13' title="bbox 261 1068 1840 1154; baseline -0.018 -10"><span class='ocrx_word' id='word_1_92' title='bbox 261 1083 701 1154; x_wconf 75' lang='lat' dir='ltr'><strong>Stantinopolim,</strong></span> <span class='ocrx_word' id='word_1_93' title='bbox 732 1078 876 1148; x_wconf 87' lang='lat' dir='ltr'><strong>quod</strong></span> <span class='ocrx_word' id='word_1_94' title='bbox 909 1076 1199 1131; x_wconf 71' lang='lat' dir='ltr'><strong>mdiﬁeavit</strong></span> <span class='ocrx_word' id='word_1_95' title='bbox 1232 1074 1373 1127; x_wconf 91' lang='lat' dir='ltr'><strong>ﬁlius</strong></span> <span class='ocrx_word' id='word_1_96' title='bbox 1418 1071 1538 1136; x_wconf 85' lang='lat' dir='ltr'><strong>eius</strong></span> <span class='ocrx_word' id='word_1_97' title='bbox 1570 1068 1840 1122; x_wconf 86' lang='lat' dir='ltr'><strong>Constan-</strong></span> 
     </span>
    </p>
   </div>
   <div class='ocr_carea' id='block_1_14' title="bbox 264 1161 1840 1238">
    <p class='ocr_par' dir='ltr' id='par_1_14' title="bbox 264 1161 1840 1238">
     <span class='ocr_line' id='line_1_14' title="bbox 264 1161 1840 1238; baseline -0.017 -3"><span class='ocrx_word' id='word_1_98' title='bbox 264 1182 419 1234; x_wconf 86' lang='lat' dir='ltr'><strong>tinus</strong></span> <span class='ocrx_word' id='word_1_99' title='bbox 460 1175 528 1230; x_wconf 84' lang='lat' dir='ltr'><strong>ad</strong></span> <span class='ocrx_word' id='word_1_100' title='bbox 580 1169 955 1238; x_wconf 83' lang='lat' dir='ltr'><strong>sepeliendum</strong></span> <span class='ocrx_word' id='word_1_101' title='bbox 1012 1175 1258 1222; x_wconf 87' lang='lat' dir='ltr'><strong>mortuos</strong></span> <span class='ocrx_word' id='word_1_102' title='bbox 1289 1163 1642 1218; x_wconf 86' lang='lat' dir='ltr'><strong>Christianos</strong></span> <span class='ocrx_word' id='word_1_103' title='bbox 1669 1161 1840 1226; x_wconf 82' lang='lat' dir='ltr'><strong>impe-</strong></span> 
     </span>
    </p>
   </div>
   <div class='ocr_carea' id='block_1_15' title="bbox 265 1249 1838 1326">
    <p class='ocr_par' dir='ltr' id='par_1_15' title="bbox 265 1249 1838 1326">
     <span class='ocr_line' id='line_1_15' title="bbox 265 1249 1838 1326; baseline -0.017 -2"><span class='ocrx_word' id='word_1_104' title='bbox 265 1280 498 1326; x_wconf 81' lang='lat' dir='ltr'><strong>ratores.</strong></span> <span class='ocrx_word' id='word_1_105' title='bbox 527 1265 710 1319; x_wconf 85' lang='lat' dir='ltr'><strong>Prima</strong></span> <span class='ocrx_word' id='word_1_106' title='bbox 751 1276 883 1316; x_wconf 89' lang='lat' dir='ltr'><strong>vero</strong></span> <span class='ocrx_word' id='word_1_107' title='bbox 927 1259 980 1312; x_wconf 94' lang='lat' dir='ltr'><strong>in</strong></span> <span class='ocrx_word' id='word_1_108' title='bbox 1013 1273 1078 1312; x_wconf 91' lang='lat' dir='ltr'><strong>eo</strong></span> <span class='ocrx_word' id='word_1_109' title='bbox 1124 1257 1183 1311; x_wconf 83' lang='grc' dir='ltr'><strong>Β.</strong></span> <span class='ocrx_word' id='word_1_110' title='bbox 1216 1255 1418 1310; x_wconf 86' lang='lat' dir='ltr'><strong>Helena</strong></span> <span class='ocrx_word' id='word_1_111' title='bbox 1473 1261 1554 1306; x_wconf 91' lang='lat' dir='ltr'><strong>cst</strong></span> <span class='ocrx_word' id='word_1_112' title='bbox 1601 1249 1838 1318; x_wconf 88' lang='lat' dir='ltr'><strong>sepulta,</strong></span> 
     </span>
    </p>
   </div>
   <div class='ocr_carea' id='block_1_16' title="bbox 270 1341 1844 1418">
    <p class='ocr_par' dir='ltr' id='par_1_16' title="bbox 270 1341 1844 1418">
     <span class='ocr_line' id='line_1_16' title="bbox 270 1341 1844 1418; baseline -0.018 1"><span class='ocrx_word' id='word_1_113' title='bbox 270 1357 646 1418; x_wconf 77' lang='lat' dir='ltr'><strong>monumentis</strong></span> <span class='ocrx_word' id='word_1_114' title='bbox 694 1352 862 1408; x_wconf 85' lang='lat' dir='ltr'><strong>claris</strong></span> <span class='ocrx_word' id='word_1_115' title='bbox 894 1357 946 1405; x_wconf 88' lang='lat' dir='ltr'><strong>et</strong></span> <span class='ocrx_word' id='word_1_116' title='bbox 991 1349 1198 1417; x_wconf 77' lang='lat' dir='ltr'><strong>vigiliis</strong></span> <span class='ocrx_word' id='word_1_117' title='bbox 1229 1348 1522 1400; x_wconf 88' lang='lat' dir='ltr'><strong>honorata.</strong></span> <span class='ocrx_word' id='word_1_118' title='bbox 1557 1341 1728 1396; x_wconf 85' lang='lat' dir='ltr'><strong>Porro</strong></span> <span class='ocrx_word' id='word_1_119' title='bbox 1757 1353 1844 1393; x_wconf 87' lang='lat' dir='ltr'><strong>sa—</strong></span> 
     </span>
    </p>
   </div>
   <div class='ocr_carea' id='block_1_17' title="bbox 270 1441 1846 1523">
    <p class='ocr_par' dir='ltr' id='par_1_17' title="bbox 270 1441 1846 1523">
     <span class='ocr_line' id='line_1_17' title="bbox 270 1441 1846 1523; baseline -0.017 -12"><span class='ocrx_word' id='word_1_120' title='bbox 270 1472 379 1511; x_wconf 72' lang='lat' dir='ltr'><strong>cra:</strong></span> <span class='ocrx_word' id='word_1_121' title='bbox 427 1453 690 1523; x_wconf 79' lang='lat' dir='ltr'><strong>virgines,</strong></span> <span class='ocrx_word' id='word_1_122' title='bbox 739 1461 970 1517; x_wconf 90' lang='lat' dir='ltr'><strong>quarum</strong></span> <span class='ocrx_word' id='word_1_123' title='bbox 1030 1441 1238 1496; x_wconf 88' lang='lat' dir='ltr'><strong>mensis</strong></span> <span class='ocrx_word' id='word_1_124' title='bbox 1283 1449 1470 1492; x_wconf 80' lang='lat' dir='ltr'><strong>astans</strong></span> <span class='ocrx_word' id='word_1_125' title='bbox 1512 1450 1608 1504; x_wconf 87' lang='lat' dir='ltr'><strong>per</strong></span> <span class='ocrx_word' id='word_1_126' title='bbox 1642 1441 1846 1489; x_wconf 89' lang='lat' dir='ltr'><strong>semet-</strong></span> 
     </span>
    </p>
   </div>
   <div class='ocr_carea' id='block_1_18' title="bbox 275 1527 1850 1616">
    <p class='ocr_par' dir='ltr' id='par_1_18' title="bbox 275 1527 1850 1616">
     <span class='ocr_line' id='line_1_18' title="bbox 275 1527 1850 1616; baseline -0.014 -16"><span class='ocrx_word' id='word_1_127' title='bbox 275 1547 449 1616; x_wconf 78' lang='lat' dir='ltr'><strong>ipsam</strong></span> <span class='ocrx_word' id='word_1_128' title='bbox 482 1542 641 1611; x_wconf 78' lang='lat' dir='ltr'><strong>quasi</strong></span> <span class='ocrx_word' id='word_1_129' title='bbox 681 1538 882 1592; x_wconf 80' lang='lat' dir='ltr'><strong>famula</strong></span> <span class='ocrx_word' id='word_1_130' title='bbox 915 1531 1294 1595; x_wconf 82' lang='lat' dir='ltr'><strong>ministrabat,</strong></span> <span class='ocrx_word' id='word_1_131' title='bbox 1327 1528 1532 1582; x_wconf 86' lang='lat' dir='ltr'><strong>divinis</strong></span> <span class='ocrx_word' id='word_1_132' title='bbox 1562 1527 1703 1580; x_wconf 86' lang='lat' dir='ltr'><strong>hanc</strong></span> <span class='ocrx_word' id='word_1_133' title='bbox 1734 1540 1850 1579; x_wconf 90' lang='lat' dir='ltr'><strong>mo-</strong></span> 
     </span>
    </p>
   </div>
   <div class='ocr_carea' id='block_1_19' title="bbox 278 1621 1752 1706">
    <p class='ocr_par' dir='ltr' id='par_1_19' title="bbox 278 1621 1752 1706">
     <span class='ocr_line' id='line_1_19' title="bbox 278 1621 1752 1706; baseline -0.019 -9"><span class='ocrx_word' id='word_1_134' title='bbox 278 1639 558 1697; x_wconf 88' lang='lat' dir='ltr'><strong>numentis</strong></span> <span class='ocrx_word' id='word_1_135' title='bbox 591 1635 963 1706; x_wconf 67' lang='lat' dir='ltr'><strong>praedicabant</strong></span> <span class='ocrx_word' id='word_1_136' title='bbox 989 1630 1110 1686; x_wconf 87' lang='lat' dir='ltr'><strong>sine</strong></span> <span class='ocrx_word' id='word_1_137' title='bbox 1161 1625 1474 1681; x_wconf 82' lang='lat' dir='ltr'><strong>cessatione</strong></span> <span class='ocrx_word' id='word_1_138' title='bbox 1511 1621 1752 1674; x_wconf 84' lang='lat' dir='ltr'><strong>beatam.</strong></span> 
     </span>
    </p>
   </div>
   <div class='ocr_carea' id='block_1_20' title="bbox 350 1708 1926 1812">
    <p class='ocr_par' dir='ltr' id='par_1_20' title="bbox 350 1708 1926 1812">
     <span class='ocr_line' id='line_1_20' title="bbox 350 1708 1926 1812; baseline -0.018 -25"><span class='ocrx_word' id='word_1_139' title='bbox 350 1733 534 1788; x_wconf 81' lang='lat' dir='ltr'><strong>Mundi</strong></span> <span class='ocrx_word' id='word_1_140' title='bbox 589 1744 734 1784; x_wconf 91' lang='lat' dir='ltr'><strong>anno</strong></span> <span class='ocrx_word' id='word_1_141' title='bbox 784 1725 945 1786; x_wconf 82' lang='lat' dir='ltr'><strong>58l8,</strong></span> <span class='ocrx_word' id='word_1_142' title='bbox 1001 1723 1203 1778; x_wconf 61' lang='lat' dir='ltr'><strong>divinae</strong></span> <span class='ocrx_word' id='word_1_143' title='bbox 1269 1712 1665 1772; x_wconf 86' lang='lat' dir='ltr'><strong>incarnationis</strong></span> <span class='ocrx_word' id='word_1_144' title='bbox 1723 1708 1850 1773; x_wconf 78' lang='grc'><strong>518,</strong></span> <span class='ocrx_word' id='word_1_145' title='bbox 1887 1759 1926 1812; x_wconf 73' lang='grc' dir='ltr'><strong>Β</strong></span> 
     </span>
    </p>
   </div>
   <div class='ocr_carea' id='block_1_21' title="bbox 279 1815 1857 1884">
    <p class='ocr_par' dir='ltr' id='par_1_21' title="bbox 279 1815 1857 1884">
     <span class='ocr_line' id='line_1_21' title="bbox 279 1815 1857 1884; baseline -0.018 -3"><span class='ocrx_word' id='word_1_146' title='bbox 279 1824 638 1881; x_wconf 84' lang='lat' dir='ltr'><strong>Constantius</strong></span> <span class='ocrx_word' id='word_1_147' title='bbox 683 1837 807 1875; x_wconf 90' lang='lat' dir='ltr'><strong>cum</strong></span> <span class='ocrx_word' id='word_1_148' title='bbox 846 1817 917 1872; x_wconf 69' lang='lat'><strong>22</strong></span> <span class='ocrx_word' id='word_1_149' title='bbox 966 1815 1183 1884; x_wconf 84' lang='lat' dir='ltr'><strong>imperii</strong></span> <span class='ocrx_word' id='word_1_150' title='bbox 1232 1817 1450 1882; x_wconf 78' lang='lat' dir='ltr'><strong>gereret</strong></span> <span class='ocrx_word' id='word_1_151' title='bbox 1494 1821 1720 1865; x_wconf 89' lang='lat' dir='ltr'><strong>annum,</strong></span> <span class='ocrx_word' id='word_1_152' title='bbox 1758 1815 1857 1870; x_wconf 88' lang='lat' dir='ltr'><strong>per</strong></span> 
     </span>
    </p>
   </div>
   <div class='ocr_carea' id='block_1_22' title="bbox 279 1895 1860 1974">
    <p class='ocr_par' dir='ltr' id='par_1_22' title="bbox 279 1895 1860 1974">
     <span class='ocr_line' id='line_1_22' title="bbox 279 1895 1860 1974; baseline -0.018 0"><span class='ocrx_word' id='word_1_153' title='bbox 279 1919 538 1974; x_wconf 82' lang='lat' dir='ltr'><strong>virtutem</strong></span> <span class='ocrx_word' id='word_1_154' title='bbox 573 1914 630 1970; x_wconf 93' lang='lat' dir='ltr'><strong>S.</strong></span> <span class='ocrx_word' id='word_1_155' title='bbox 671 1913 856 1967; x_wconf 82' lang='lat' dir='ltr'><strong>crucis</strong></span> <span class='ocrx_word' id='word_1_156' title='bbox 886 1910 1214 1970; x_wconf 86' lang='lat' dir='ltr'><strong>Germanos,</strong></span> <span class='ocrx_word' id='word_1_157' title='bbox 1252 1902 1540 1957; x_wconf 81' lang='lat' dir='ltr'><strong>Sarmatas</strong></span> <span class='ocrx_word' id='word_1_158' title='bbox 1571 1908 1624 1951; x_wconf 83' lang='lat' dir='ltr'><strong>et</strong></span> <span class='ocrx_word' id='word_1_159' title='bbox 1650 1895 1860 1950; x_wconf 82' lang='lat' dir='ltr'><strong>Gothos</strong></span> 
     </span>
    </p>
   </div>
   <div class='ocr_carea' id='block_1_23' title="bbox 283 1988 1861 2070">
    <p class='ocr_par' dir='ltr' id='par_1_23' title="bbox 283 1988 1861 2070">
     <span class='ocr_line' id='line_1_23' title="bbox 283 1988 1861 2070; baseline -0.018 -4"><span class='ocrx_word' id='word_1_160' title='bbox 283 2021 540 2066; x_wconf 70' lang='lat' dir='ltr'><strong>extrema:</strong></span> <span class='ocrx_word' id='word_1_161' title='bbox 588 2005 838 2062; x_wconf 80' lang='lat' dir='ltr'><strong>servituti</strong></span> <span class='ocrx_word' id='word_1_162' title='bbox 890 2001 1127 2070; x_wconf 75' lang='lat' dir='ltr'><strong>subegit.</strong></span> <span class='ocrx_word' id='word_1_163' title='bbox 1189 1995 1344 2052; x_wconf 88' lang='lat' dir='ltr'><strong>Tune</strong></span> <span class='ocrx_word' id='word_1_164' title='bbox 1382 1991 1656 2048; x_wconf 83' lang='lat' dir='ltr'><strong>Eusebius</strong></span> <span class='ocrx_word' id='word_1_165' title='bbox 1705 1988 1861 2041; x_wconf 84' lang='lat' dir='ltr'><strong>Pam-</strong></span> 
     </span>
    </p>
   </div>
   <div class='ocr_carea' id='block_1_24' title="bbox 285 2077 1865 2176">
    <p class='ocr_par' dir='ltr' id='par_1_24' title="bbox 285 2077 1865 2176">
     <span class='ocr_line' id='line_1_24' title="bbox 285 2077 1865 2176; baseline -0.016 -18"><span class='ocrx_word' id='word_1_166' title='bbox 285 2105 421 2176; x_wconf 87' lang='lat' dir='ltr'><strong>phili</strong></span> <span class='ocrx_word' id='word_1_167' title='bbox 474 2099 785 2172; x_wconf 83' lang='lat' dir='ltr'><strong>symbolum</strong></span> <span class='ocrx_word' id='word_1_168' title='bbox 840 2095 962 2149; x_wconf 90' lang='lat' dir='ltr'><strong>ﬁdei</strong></span> <span class='ocrx_word' id='word_1_169' title='bbox 996 2109 1025 2148; x_wconf 92' lang='lat' dir='ltr'><strong>a</strong></span> <span class='ocrx_word' id='word_1_170' title='bbox 1057 2091 1270 2146; x_wconf 79' lang='lat' dir='ltr'><strong>sanctis</strong></span> <span class='ocrx_word' id='word_1_171' title='bbox 1307 2086 1563 2141; x_wconf 86' lang='lat' dir='ltr'><strong>Patribus</strong></span> <span class='ocrx_word' id='word_1_172' title='bbox 1599 2081 1741 2152; x_wconf 90' lang='lat' dir='ltr'><strong>apud</strong></span> <span class='ocrx_word' id='word_1_173' title='bbox 1771 2077 1865 2132; x_wconf 84' lang='lat' dir='ltr'><strong>Ni-</strong></span> 
     </span>
    </p>
   </div>
   <div class='ocr_carea' id='block_1_25' title="bbox 288 2177 1867 2260">
    <p class='ocr_par' dir='ltr' id='par_1_25' title="bbox 288 2177 1867 2260">
     <span class='ocr_line' id='line_1_25' title="bbox 288 2177 1867 2260; baseline -0.016 -11"><span class='ocrx_word' id='word_1_174' title='bbox 288 2213 456 2252; x_wconf 71' lang='lat' dir='ltr'><strong>cauam</strong></span> <span class='ocrx_word' id='word_1_175' title='bbox 485 2192 749 2260; x_wconf 65' lang='lat' dir='ltr'><strong>expositae</strong></span> <span class='ocrx_word' id='word_1_176' title='bbox 780 2202 999 2244; x_wconf 91' lang='lat' dir='ltr'><strong>omnem</strong></span> <span class='ocrx_word' id='word_1_177' title='bbox 1043 2183 1427 2239; x_wconf 75' lang='lat' dir='ltr'><strong>orthodoxiam</strong></span> <span class='ocrx_word' id='word_1_178' title='bbox 1474 2177 1672 2232; x_wconf 82' lang='lat' dir='ltr'><strong>habere</strong></span> <span class='ocrx_word' id='word_1_179' title='bbox 1698 2179 1867 2227; x_wconf 83' lang='lat' dir='ltr'><strong>testa-</strong></span> 
     </span>
    </p>
   </div>
   <div class='ocr_carea' id='block_1_26' title="bbox 291 2263 1866 2343">
    <p class='ocr_par' dir='ltr' id='par_1_26' title="bbox 291 2263 1866 2343">
     <span class='ocr_line' id='line_1_26' title="bbox 291 2263 1866 2343; baseline -0.019 0"><span class='ocrx_word' id='word_1_180' title='bbox 291 2299 383 2343; x_wconf 90' lang='lat' dir='ltr'><strong>tur</strong></span> <span class='ocrx_word' id='word_1_181' title='bbox 411 2286 658 2342; x_wconf 87' lang='lat' dir='ltr'><strong>scribens</strong></span> <span class='ocrx_word' id='word_1_182' title='bbox 691 2282 808 2337; x_wconf 90' lang='lat' dir='ltr'><strong>suis</strong></span> <span class='ocrx_word' id='word_1_183' title='bbox 856 2277 1180 2334; x_wconf 87' lang='lat' dir='ltr'><strong>concivibus</strong></span> <span class='ocrx_word' id='word_1_184' title='bbox 1220 2282 1273 2327; x_wconf 91' lang='lat' dir='ltr'><strong>et</strong></span> <span class='ocrx_word' id='word_1_185' title='bbox 1307 2272 1682 2338; x_wconf 89' lang='lat' dir='ltr'><strong>interpretans</strong></span> <span class='ocrx_word' id='word_1_186' title='bbox 1719 2263 1866 2316; x_wconf 89' lang='lat' dir='ltr'><strong>dicta</strong></span> 
     </span>
    </p>
   </div>
   <div class='ocr_carea' id='block_1_27' title="bbox 291 2353 1868 2436">
    <p class='ocr_par' dir='ltr' id='par_1_27' title="bbox 291 2353 1868 2436">
     <span class='ocr_line' id='line_1_27' title="bbox 291 2353 1868 2436; baseline -0.02 0"><span class='ocrx_word' id='word_1_187' title='bbox 291 2378 594 2436; x_wconf 83' lang='lat' dir='ltr'><strong>secundum</strong></span> <span class='ocrx_word' id='word_1_188' title='bbox 650 2388 901 2430; x_wconf 81' lang='lat' dir='ltr'><strong>sensum.</strong></span> <span class='ocrx_word' id='word_1_189' title='bbox 947 2367 1282 2424; x_wconf 90' lang='lat' dir='ltr'><strong>Athanasius</strong></span> <span class='ocrx_word' id='word_1_190' title='bbox 1327 2370 1506 2415; x_wconf 86' lang='lat' dir='ltr'><strong>autem</strong></span> <span class='ocrx_word' id='word_1_191' title='bbox 1551 2359 1606 2413; x_wconf 94' lang='lat' dir='ltr'><strong>in</strong></span> <span class='ocrx_word' id='word_1_192' title='bbox 1640 2353 1868 2424; x_wconf 87' lang='lat' dir='ltr'><strong>epistola</strong></span> 
     </span>
    </p>
   </div>
   <div class='ocr_carea' id='block_1_28' title="bbox 295 2445 1868 2527">
    <p class='ocr_par' dir='ltr' id='par_1_28' title="bbox 295 2445 1868 2527">
     <span class='ocr_line' id='line_1_28' title="bbox 295 2445 1868 2527; baseline -0.02 0"><span class='ocrx_word' id='word_1_193' title='bbox 295 2473 363 2527; x_wconf 86' lang='lat' dir='ltr'><strong>ad</strong></span> <span class='ocrx_word' id='word_1_194' title='bbox 414 2470 580 2525; x_wconf 80' lang='lat' dir='ltr'><strong>Afros</strong></span> <span class='ocrx_word' id='word_1_195' title='bbox 628 2467 798 2522; x_wconf 88' lang='lat' dir='ltr'><strong>missa</strong></span> <span class='ocrx_word' id='word_1_196' title='bbox 859 2460 1240 2518; x_wconf 85' lang='lat' dir='ltr'><strong>testimonium</strong></span> <span class='ocrx_word' id='word_1_197' title='bbox 1308 2454 1560 2525; x_wconf 88' lang='lat' dir='ltr'><strong>perhibet</strong></span> <span class='ocrx_word' id='word_1_198' title='bbox 1611 2445 1868 2508; x_wconf 81' lang='lat' dir='ltr'><strong>Eusebio,</strong></span> 
     </span>
    </p>
   </div>
   <div class='ocr_carea' id='block_1_29' title="bbox 295 2536 1874 2632">
    <p class='ocr_par' dir='ltr' id='par_1_29' title="bbox 295 2536 1874 2632">
     <span class='ocr_line' id='line_1_29' title="bbox 295 2536 1874 2632; baseline -0.018 -14"><span class='ocrx_word' id='word_1_199' title='bbox 295 2563 440 2632; x_wconf 77' lang='lat' dir='ltr'><strong>quod</strong></span> <span class='ocrx_word' id='word_1_200' title='bbox 482 2560 792 2626; x_wconf 86' lang='lat' dir='ltr'><strong>susceperit</strong></span> <span class='ocrx_word' id='word_1_201' title='bbox 819 2569 1008 2609; x_wconf 87' lang='lat' dir='ltr'><strong>vocem</strong></span> <span class='ocrx_word' id='word_1_202' title='bbox 1039 2543 1648 2607; x_wconf 85' lang='lat' dir='ltr'><strong>consubstantialitatis</strong></span> <span class='ocrx_word' id='word_1_203' title='bbox 1683 2539 1782 2606; x_wconf 85' lang='lat'><strong>(7).</strong></span> <span class='ocrx_word' id='word_1_204' title='bbox 1807 2536 1874 2589; x_wconf 85' lang='lat' dir='ltr'><strong>At</strong></span> 
     </span>
    </p>
   </div>
   <div class='ocr_carea' id='block_1_30' title="bbox 297 2632 1876 2710">
    <p class='ocr_par' dir='ltr' id='par_1_30' title="bbox 297 2632 1876 2710">
     <span class='ocr_line' id='line_1_30' title="bbox 297 2632 1876 2710; baseline -0.019 0"><span class='ocrx_word' id='word_1_205' title='bbox 297 2671 428 2710; x_wconf 87' lang='lat' dir='ltr'><strong>vero</strong></span> <span class='ocrx_word' id='word_1_206' title='bbox 481 2651 857 2708; x_wconf 89' lang='lat' dir='ltr'><strong>Theodoritus</strong></span> <span class='ocrx_word' id='word_1_207' title='bbox 905 2646 1039 2702; x_wconf 88' lang='lat' dir='ltr'><strong>dicit</strong></span> <span class='ocrx_word' id='word_1_208' title='bbox 1084 2647 1230 2697; x_wconf 92' lang='lat' dir='ltr'><strong>hunc</strong></span> <span class='ocrx_word' id='word_1_209' title='bbox 1262 2636 1592 2694; x_wconf 88' lang='lat' dir='ltr'><strong>concordem</strong></span> <span class='ocrx_word' id='word_1_210' title='bbox 1636 2632 1876 2687; x_wconf 84' lang='lat' dir='ltr'><strong>Ariano-</strong></span> 
     </span>
    </p>
   </div>
   <div class='ocr_carea' id='block_1_31' title="bbox 297 2723 1875 2822">
    <p class='ocr_par' dir='ltr' id='par_1_31' title="bbox 297 2723 1875 2822">
     <span class='ocr_line' id='line_1_31' title="bbox 297 2723 1875 2822; baseline -0.02 -15"><span class='ocrx_word' id='word_1_211' title='bbox 297 2766 446 2815; x_wconf 87' lang='lat' dir='ltr'><strong>rum,</strong></span> <span class='ocrx_word' id='word_1_212' title='bbox 478 2745 697 2822; x_wconf 80' lang='lat' dir='ltr'><strong>Eusebii</strong></span> <span class='ocrx_word' id='word_1_213' title='bbox 743 2743 961 2798; x_wconf 82' lang='lat' dir='ltr'><strong>scilicet</strong></span> <span class='ocrx_word' id='word_1_214' title='bbox 1001 2732 1441 2792; x_wconf 83' lang='lat' dir='ltr'><strong>Nicomediensis</strong></span> <span class='ocrx_word' id='word_1_215' title='bbox 1471 2737 1524 2784; x_wconf 88' lang='lat' dir='ltr'><strong>ct</strong></span> <span class='ocrx_word' id='word_1_216' title='bbox 1557 2741 1748 2782; x_wconf 90' lang='lat' dir='ltr'><strong>eorum</strong></span> <span class='ocrx_word' id='word_1_217' title='bbox 1781 2723 1875 2792; x_wconf 91' lang='lat' dir='ltr'><strong>qui</strong></span> 
     </span>
    </p>
   </div>
   <div class='ocr_carea' id='block_1_32' title="bbox 300 2813 1876 2914">
    <p class='ocr_par' dir='ltr' id='par_1_32' title="bbox 300 2813 1876 2914">
     <span class='ocr_line' id='line_1_32' title="bbox 300 2813 1876 2914; baseline -0.024 -12"><span class='ocrx_word' id='word_1_218' title='bbox 300 2865 426 2903; x_wconf 86' lang='lat' dir='ltr'><strong>cum</strong></span> <span class='ocrx_word' id='word_1_219' title='bbox 461 2819 606 2914; x_wconf 14' lang='lat' dir='ltr'><strong>ipso.</strong></span> <span class='ocrx_word' id='word_1_220' title='bbox 633 2835 968 2895; x_wconf 87' lang='lat' dir='ltr'><strong>sentiebant,</strong></span> <span class='ocrx_word' id='word_1_221' title='bbox 1023 2829 1214 2883; x_wconf 81' lang='lat' dir='ltr'><strong>fuisse.</strong></span> <span class='ocrx_word' id='word_1_222' title='bbox 1260 2822 1417 2880; x_wconf 87' lang='lat' dir='ltr'><strong>Unde</strong></span> <span class='ocrx_word' id='word_1_223' title='bbox 1460 2828 1515 2873; x_wconf 86' lang='lat' dir='ltr'><strong>et</strong></span> <span class='ocrx_word' id='word_1_224' title='bbox 1548 2813 1876 2883; x_wconf 86' lang='lat' dir='ltr'><strong>depositioni</strong></span> 
     </span>
    </p>
   </div>
   <div class='ocr_carea' id='block_1_33' title="bbox 299 2902 1878 2995">
    <p class='ocr_par' dir='ltr' id='par_1_33' title="bbox 299 2902 1878 2995">
     <span class='ocr_line' id='line_1_33' title="bbox 299 2902 1878 2995; baseline -0.025 0"><span class='ocrx_word' id='word_1_225' title='bbox 299 2933 659 2995; x_wconf 76' lang='lat' dir='ltr'><strong>sacratissimi</strong></span> <span class='ocrx_word' id='word_1_226' title='bbox 702 2923 979 2982; x_wconf 83' lang='lat' dir='ltr'><strong>Enstathii</strong></span> <span class='ocrx_word' id='word_1_227' title='bbox 1011 2915 1342 2975; x_wconf 82' lang='lat' dir='ltr'><strong>Antiocheni</strong></span> <span class='ocrx_word' id='word_1_228' title='bbox 1391 2902 1709 2972; x_wconf 84' lang='lat' dir='ltr'><strong>consensit;</strong></span> <span class='ocrx_word' id='word_1_229' title='bbox 1754 2920 1878 2958; x_wconf 90' lang='lat' dir='ltr'><strong>cum</strong></span> 
     </span>
    </p>
   </div>
   <div class='ocr_carea' id='block_1_34' title="bbox 303 2998 1875 3104">
    <p class='ocr_par' dir='ltr' id='par_1_34' title="bbox 303 2998 1875 3104">
     <span class='ocr_line' id='line_1_34' title="bbox 303 2998 1875 3104; baseline -0.027 -18"><span class='ocrx_word' id='word_1_230' title='bbox 303 3032 506 3104; x_wconf 80' lang='lat' dir='ltr'><strong>quibus</strong></span> <span class='ocrx_word' id='word_1_231' title='bbox 531 3035 585 3083; x_wconf 89' lang='lat' dir='ltr'><strong>ct</strong></span> <span class='ocrx_word' id='word_1_232' title='bbox 633 3014 957 3091; x_wconf 85' lang='lat' dir='ltr'><strong>imperatori</strong></span> <span class='ocrx_word' id='word_1_233' title='bbox 995 3009 1333 3083; x_wconf 88' lang='lat' dir='ltr'><strong>persuadens</strong></span> <span class='ocrx_word' id='word_1_234' title='bbox 1359 3006 1505 3058; x_wconf 90' lang='lat' dir='ltr'><strong>hunc</strong></span> <span class='ocrx_word' id='word_1_235' title='bbox 1529 3003 1678 3071; x_wconf 81' lang='lat' dir='ltr'><strong>juste</strong></span> <span class='ocrx_word' id='word_1_236' title='bbox 1712 2998 1875 3064; x_wconf 82' lang='lat' dir='ltr'><strong>depo-</strong></span> 
     </span>
    </p>
   </div>
   <div class='ocr_carea' id='block_1_35' title="bbox 307 3090 1957 3187">
    <p class='ocr_par' dir='ltr' id='par_1_35' title="bbox 307 3090 1957 3187">
     <span class='ocr_line' id='line_1_35' title="bbox 307 3090 1957 3187; baseline -0.025 -7"><span class='ocrx_word' id='word_1_237' title='bbox 307 3090 471 3180; x_wconf 72' lang='lat' dir='ltr'><strong>situm</strong></span> <span class='ocrx_word' id='word_1_238' title='bbox 503 3118 614 3187; x_wconf 89' lang='lat' dir='ltr'><strong>egit</strong></span> <span class='ocrx_word' id='word_1_239' title='bbox 637 3121 698 3168; x_wconf 93' lang='grc' dir='ltr'><strong>ιιι</strong></span> <span class='ocrx_word' id='word_1_240' title='bbox 720 3090 871 3182; x_wconf 80' lang='lat' dir='ltr'><strong>apud</strong></span> <span class='ocrx_word' id='word_1_241' title='bbox 905 3105 1150 3176; x_wconf 81' lang='lat' dir='ltr'><strong>illyrium</strong></span> <span class='ocrx_word' id='word_1_242' title='bbox 1184 3100 1238 3152; x_wconf 91' lang='lat' dir='ltr'><strong>in</strong></span> <span class='ocrx_word' id='word_1_243' title='bbox 1269 3094 1526 3151; x_wconf 82' lang='lat' dir='ltr'><strong>exsilium</strong></span> <span class='ocrx_word' id='word_1_244' title='bbox 1549 3090 1883 3145; x_wconf 86' lang='lat' dir='ltr'><strong>mitteretur.</strong></span> <span class='ocrx_word' id='word_1_245' title='bbox 1911 3101 1957 3163; x_wconf 71' lang='grc' dir='ltr'><strong>ρ</strong></span> 
     </span>
    </p>
   </div>
   <div class='ocr_carea' id='block_1_36' title="bbox 380 3177 1887 3270">
    <p class='ocr_par' dir='ltr' id='par_1_36' title="bbox 380 3177 1887 3270">
     <span class='ocr_line' id='line_1_36' title="bbox 380 3177 1887 3270; baseline -0.028 -3"><span class='ocrx_word' id='word_1_246' title='bbox 380 3202 727 3267; x_wconf 87' lang='lat' dir='ltr'><strong>Constantini</strong></span> <span class='ocrx_word' id='word_1_247' title='bbox 747 3196 1016 3270; x_wconf 82' lang='lat' dir='ltr'><strong>vigesimo</strong></span> <span class='ocrx_word' id='word_1_248' title='bbox 1039 3190 1208 3245; x_wconf 85' lang='lat' dir='ltr'><strong>tertio</strong></span> <span class='ocrx_word' id='word_1_249' title='bbox 1243 3199 1396 3240; x_wconf 85' lang='lat' dir='ltr'><strong>anno</strong></span> <span class='ocrx_word' id='word_1_250' title='bbox 1424 3182 1478 3236; x_wconf 92' lang='lat' dir='ltr'><strong>in</strong></span> <span class='ocrx_word' id='word_1_251' title='bbox 1510 3177 1741 3247; x_wconf 88' lang='lat' dir='ltr'><strong>imperio</strong></span> <span class='ocrx_word' id='word_1_252' title='bbox 1771 3191 1887 3244; x_wconf 82' lang='lat' dir='ltr'><strong>per-</strong></span> 
     </span>
    </p>
   </div>
   <div class='ocr_carea' id='block_1_37' title="bbox 308 3263 1889 3360">
    <p class='ocr_par' dir='ltr' id='par_1_37' title="bbox 308 3263 1889 3360">
     <span class='ocr_line' id='line_1_37' title="bbox 308 3263 1889 3360; baseline -0.028 0"><span class='ocrx_word' id='word_1_253' title='bbox 308 3307 589 3360; x_wconf 86' lang='lat' dir='ltr'><strong>currente,</strong></span> <span class='ocrx_word' id='word_1_254' title='bbox 624 3292 766 3357; x_wconf 84' lang='lat' dir='ltr'><strong>apud</strong></span> <span class='ocrx_word' id='word_1_255' title='bbox 801 3263 1150 3344; x_wconf 79' lang='lat' dir='ltr'><strong>Antiochiam</strong></span> <span class='ocrx_word' id='word_1_256' title='bbox 1177 3288 1509 3346; x_wconf 88' lang='lat' dir='ltr'><strong>octagonnm</strong></span> <span class='ocrx_word' id='word_1_257' title='bbox 1536 3269 1793 3336; x_wconf 87' lang='lat' dir='ltr'><strong>templum</strong></span> <span class='ocrx_word' id='word_1_258' title='bbox 1812 3263 1889 3334; x_wconf 88' lang='lat'><strong>(8)</strong></span> 
     </span>
    </p>
   </div>
   <div class='ocr_carea' id='block_1_38' title="bbox 315 3551 1664 3644">
    <p class='ocr_par' dir='ltr' id='par_1_38' title="bbox 315 3551 1664 3644">
     <span class='ocr_line' id='line_1_38' title="bbox 315 3551 1664 3644; baseline -0.024 -10"><span class='ocrx_word' id='word_1_259' title='bbox 315 3551 371 3636; x_wconf 74' lang='lat' dir='ltr'><strong>in</strong></span> <span class='ocrx_word' id='word_1_260' title='bbox 402 3551 539 3632; x_wconf 79' lang='lat' dir='ltr'><strong>eum</strong></span> <span class='ocrx_word' id='word_1_261' title='bbox 561 3572 834 3644; x_wconf 88' lang='lat' dir='ltr'><strong>lapideum</strong></span> <span class='ocrx_word' id='word_1_262' title='bbox 867 3564 1020 3625; x_wconf 77' lang='lat' dir='ltr'><strong>fecit,</strong></span> <span class='ocrx_word' id='word_1_263' title='bbox 1049 3557 1393 3630; x_wconf 83' lang='lat' dir='ltr'><strong>Scythasque</strong></span> <span class='ocrx_word' id='word_1_264' title='bbox 1425 3551 1664 3621; x_wconf 79' lang='lat' dir='ltr'><strong>subegit.</strong></span> 
     </span>
    </p>
   </div>
   <div class='ocr_carea' id='block_1_39' title="bbox 392 3635 1894 3734">
    <p class='ocr_par' dir='ltr' id='par_1_39' title="bbox 392 3635 1894 3734">
     <span class='ocr_line' id='line_1_39' title="bbox 392 3635 1894 3734; baseline -0.027 -9"><span class='ocrx_word' id='word_1_265' title='bbox 392 3671 560 3724; x_wconf 85' lang='lat' dir='ltr'><strong>Porro</strong></span> <span class='ocrx_word' id='word_1_266' title='bbox 608 3662 869 3734; x_wconf 86' lang='lat' dir='ltr'><strong>vigesimo</strong></span> <span class='ocrx_word' id='word_1_267' title='bbox 916 3655 1106 3726; x_wconf 84' lang='lat' dir='ltr'><strong>quinto</strong></span> <span class='ocrx_word' id='word_1_268' title='bbox 1141 3645 1354 3718; x_wconf 89' lang='lat' dir='ltr'><strong>imperii</strong></span> <span class='ocrx_word' id='word_1_269' title='bbox 1411 3642 1495 3698; x_wconf 91' lang='lat' dir='ltr'><strong>sui</strong></span> <span class='ocrx_word' id='word_1_270' title='bbox 1565 3653 1711 3694; x_wconf 89' lang='lat' dir='ltr'><strong>anno</strong></span> <span class='ocrx_word' id='word_1_271' title='bbox 1745 3635 1894 3690; x_wconf 86' lang='lat' dir='ltr'><strong>Con-</strong></span> 
     </span>
    </p>
   </div>
   <div class='ocr_carea' id='block_1_40' title="bbox 320 3728 1899 3826">
    <p class='ocr_par' dir='ltr' id='par_1_40' title="bbox 320 3728 1899 3826">
     <span class='ocr_line' id='line_1_40' title="bbox 320 3728 1899 3826; baseline -0.028 -5"><span class='ocrx_word' id='word_1_272' title='bbox 320 3757 736 3826; x_wconf 84' lang='lat' dir='ltr'><strong>sta-ntinopolim</strong></span> <span class='ocrx_word' id='word_1_273' title='bbox 782 3762 980 3808; x_wconf 89' lang='lat' dir='ltr'><strong>novam</strong></span> <span class='ocrx_word' id='word_1_274' title='bbox 1026 3743 1255 3800; x_wconf 75' lang='lat' dir='ltr'><strong>Romam</strong></span> <span class='ocrx_word' id='word_1_275' title='bbox 1293 3731 1600 3802; x_wconf 89' lang='lat' dir='ltr'><strong>nuncupari</strong></span> <span class='ocrx_word' id='word_1_276' title='bbox 1639 3728 1899 3786; x_wconf 85' lang='lat' dir='ltr'><strong>decrevit,</strong></span> 
     </span>
    </p>
   </div>
   <div class='ocr_carea' id='block_1_41' title="bbox 322 3819 1904 3915">
    <p class='ocr_par' dir='ltr' id='par_1_41' title="bbox 322 3819 1904 3915">
     <span class='ocr_line' id='line_1_41' title="bbox 322 3819 1904 3915; baseline -0.028 -1"><span class='ocrx_word' id='word_1_277' title='bbox 322 3859 506 3915; x_wconf 73' lang='lat' dir='ltr'><strong>Marco</strong></span> <span class='ocrx_word' id='word_1_278' title='bbox 559 3851 744 3906; x_wconf 67' lang='lat' dir='ltr'><strong>Romae</strong></span> <span class='ocrx_word' id='word_1_279' title='bbox 803 3841 1152 3915; x_wconf 71' lang='lat' dir='ltr'><strong>praesulatum</strong></span> <span class='ocrx_word' id='word_1_280' title='bbox 1207 3839 1446 3902; x_wconf 82' lang='lat' dir='ltr'><strong>gerente.</strong></span> <span class='ocrx_word' id='word_1_281' title='bbox 1505 3819 1904 3880; x_wconf 87' lang='lat' dir='ltr'><strong>Constantinus</strong></span> 
     </span>
    </p>
   </div>
   <div class='ocr_carea' id='block_1_42' title="bbox 324 3913 1905 4024">
    <p class='ocr_par' dir='ltr' id='par_1_42' title="bbox 324 3913 1905 4024">
     <span class='ocr_line' id='line_1_42' title="bbox 324 3913 1905 4024; baseline -0.027 -17"><span class='ocrx_word' id='word_1_282' title='bbox 324 3961 590 4024; x_wconf 76' lang='lat' dir='ltr'><strong>praeterea</strong></span> <span class='ocrx_word' id='word_1_283' title='bbox 652 3940 976 4012; x_wconf 83' lang='lat' dir='ltr'><strong>vigesimum</strong></span> <span class='ocrx_word' id='word_1_284' title='bbox 1033 3935 1245 3984; x_wconf 79' lang='lat' dir='ltr'><strong>sextum</strong></span> <span class='ocrx_word' id='word_1_285' title='bbox 1284 3918 1499 3991; x_wconf 77' lang='lat' dir='ltr'><strong>imperii</strong></span> <span class='ocrx_word' id='word_1_286' title='bbox 1569 3913 1654 3971; x_wconf 87' lang='lat' dir='ltr'><strong>sui</strong></span> <span class='ocrx_word' id='word_1_287' title='bbox 1711 3925 1905 3982; x_wconf 81' lang='lat' dir='ltr'><strong>gerens</strong></span> 
     </span>
     <span class='ocr_line' id='line_1_43' title="bbox 1104 3996 1879 4024; baseline -0.03 23"><span class='ocrx_word' id='word_1_288' title='bbox 1104 4021 1112 4024; x_wconf 75' lang='grc'><strong><em>-</em></strong></span> <span class='ocrx_word' id='word_1_289' title='bbox 1418 3996 1425 4008; x_wconf 92' lang='lat'><strong>&#39;</strong></span> <span class='ocrx_word' id='word_1_290' title='bbox 1495 4008 1537 4024; x_wconf 41' lang='grc' dir='ltr'><em>’γ</em></span> <span class='ocrx_word' id='word_1_291' title='bbox 1591 3997 1879 4024; x_wconf 63' lang='grc' dir='ltr'><strong>ι-----.,..εη</strong></span> 
     </span>
    </p>
   </div>
   <div class='ocr_carea' id='block_1_43' title="bbox 326 3996 1908 4101">
    <p class='ocr_par' dir='ltr' id='par_1_43' title="bbox 326 3996 1908 4101">
     <span class='ocr_line' id='line_1_44' title="bbox 327 3996 738 4024; baseline -0.032 1"><span class='ocrx_word' id='word_1_292' title='bbox 327 3996 378 4024; x_wconf 74' lang='grc' dir='ltr'><em>γ’</em></span> <span class='ocrx_word' id='word_1_293' title='bbox 393 3996 421 4006; x_wconf 67' lang='grc'><strong>’⁷</strong></span> <span class='ocrx_word' id='word_1_294' title='bbox 443 3996 512 4005; x_wconf 66' lang='grc'><strong>’⁷⁷</strong></span> <span class='ocrx_word' id='word_1_295' title='bbox 529 3996 590 4000; x_wconf 60' lang='grc'><strong>’⁷⁷⁷</strong></span> <span class='ocrx_word' id='word_1_296' title='bbox 708 3996 738 4012; x_wconf 89' lang='grc' dir='ltr'><strong><em>υ</em></strong></span> 
     </span>
     <span class='ocr_line' id='line_1_45' title="bbox 326 3996 1908 4101; baseline -0.028 -3"><span class='ocrx_word' id='word_1_297' title='bbox 326 4054 555 4101; x_wconf 83' lang='lat' dir='ltr'><strong>annum,</strong></span> <span class='ocrx_word' id='word_1_298' title='bbox 581 4031 822 4091; x_wconf 75' lang='lat' dir='ltr'><strong>extendit</strong></span> <span class='ocrx_word' id='word_1_299' title='bbox 848 4021 1281 4097; x_wconf 86' lang='lat' dir='ltr'><strong>persecutionem</strong></span> <span class='ocrx_word' id='word_1_300' title='bbox 1309 3996 1463 4068; x_wconf 80' lang='lat' dir='ltr'><strong>suam</strong></span> <span class='ocrx_word' id='word_1_301' title='bbox 1495 4008 1548 4071; x_wconf 85' lang='lat' dir='ltr'><strong>in</strong></span> <span class='ocrx_word' id='word_1_302' title='bbox 1579 3997 1908 4059; x_wconf 86' lang='lat' dir='ltr'><strong>destructio-</strong></span> 
     </span>
    </p>
   </div>
   <div class='ocr_carea' id='block_1_44' title="bbox 330 4099 1910 4190">
    <p class='ocr_par' dir='ltr' id='par_1_44' title="bbox 330 4099 1910 4190">
     <span class='ocr_line' id='line_1_46' title="bbox 330 4099 1910 4190; baseline -0.027 -1"><span class='ocrx_word' id='word_1_303' title='bbox 330 4153 454 4189; x_wconf 86' lang='lat' dir='ltr'><strong>nent</strong></span> <span class='ocrx_word' id='word_1_304' title='bbox 487 4129 760 4184; x_wconf 84' lang='lat' dir='ltr'><strong>idolorum</strong></span> <span class='ocrx_word' id='word_1_305' title='bbox 794 4132 957 4190; x_wconf 89' lang='lat' dir='ltr'><strong>atque</strong></span> <span class='ocrx_word' id='word_1_306' title='bbox 989 4113 1345 4182; x_wconf 89' lang='lat' dir='ltr'><strong>templorum.</strong></span> <span class='ocrx_word' id='word_1_307' title='bbox 1376 4103 1480 4158; x_wconf 83' lang='lat' dir='ltr'><strong>Per</strong></span> <span class='ocrx_word' id='word_1_308' title='bbox 1524 4099 1666 4154; x_wconf 84' lang='lat' dir='ltr'><strong>idem</strong></span> <span class='ocrx_word' id='word_1_309' title='bbox 1701 4105 1910 4164; x_wconf 88' lang='lat' dir='ltr'><strong>tempus</strong></span> 
     </span>
    </p>
   </div>
   <div class='ocr_carea' id='block_1_45' title="bbox 329 4185 1910 4282">
    <p class='ocr_par' dir='ltr' id='par_1_45' title="bbox 329 4185 1910 4282">
     <span class='ocr_line' id='line_1_47' title="bbox 329 4185 1910 4282; baseline -0.028 -2"><span class='ocrx_word' id='word_1_310' title='bbox 329 4238 383 4282; x_wconf 86' lang='lat' dir='ltr'><strong>et</strong></span> <span class='ocrx_word' id='word_1_311' title='bbox 413 4218 756 4278; x_wconf 78' lang='lat' dir='ltr'><strong>Athanasius</strong></span> <span class='ocrx_word' id='word_1_312' title='bbox 779 4185 1189 4266; x_wconf 79' lang='lat' dir='ltr'><strong>Alexandrinus</strong></span> <span class='ocrx_word' id='word_1_313' title='bbox 1217 4199 1444 4254; x_wconf 87' lang='lat' dir='ltr'><strong>antistes</strong></span> <span class='ocrx_word' id='word_1_314' title='bbox 1471 4192 1721 4246; x_wconf 90' lang='lat' dir='ltr'><strong>habetur.</strong></span> <span class='ocrx_word' id='word_1_315' title='bbox 1749 4185 1910 4252; x_wconf 61' lang='lat' dir='ltr'><strong>Vigeo</strong></span> 
     </span>
    </p>
   </div>
   <div class='ocr_carea' id='block_1_46' title="bbox 332 4277 1914 4378">
    <p class='ocr_par' dir='ltr' id='par_1_46' title="bbox 332 4277 1914 4378">
     <span class='ocr_line' id='line_1_48' title="bbox 332 4277 1914 4378; baseline -0.024 -9"><span class='ocrx_word' id='word_1_316' title='bbox 332 4323 474 4370; x_wconf 81' lang='lat' dir='ltr'><strong>simo</strong></span> <span class='ocrx_word' id='word_1_317' title='bbox 499 4310 734 4378; x_wconf 87' lang='lat' dir='ltr'><strong>septimo</strong></span> <span class='ocrx_word' id='word_1_318' title='bbox 771 4299 1133 4358; x_wconf 90' lang='lat' dir='ltr'><strong>nihilominus</strong></span> <span class='ocrx_word' id='word_1_319' title='bbox 1167 4288 1379 4363; x_wconf 89' lang='lat' dir='ltr'><strong>imperii</strong></span> <span class='ocrx_word' id='word_1_320' title='bbox 1413 4286 1533 4356; x_wconf 87' lang='lat' dir='ltr'><strong>ejus</strong></span> <span class='ocrx_word' id='word_1_321' title='bbox 1564 4295 1710 4336; x_wconf 88' lang='lat' dir='ltr'><strong>anno</strong></span> <span class='ocrx_word' id='word_1_322' title='bbox 1735 4277 1914 4333; x_wconf 84' lang='lat' dir='ltr'><strong>Julius</strong></span> 
     </span>
    </p>
   </div>
   <div class='ocr_carea' id='block_1_47' title="bbox 334 4386 1150 4475">
    <p class='ocr_par' dir='ltr' id='par_1_47' title="bbox 334 4386 1150 4475">
     <span class='ocr_line' id='line_1_49' title="bbox 334 4386 1150 4475; baseline -0.026 -17"><span class='ocrx_word' id='word_1_323' title='bbox 334 4417 474 4475; x_wconf 87' lang='lat' dir='ltr'><strong>papa</strong></span> <span class='ocrx_word' id='word_1_324' title='bbox 499 4399 780 4451; x_wconf 78' lang='lat' dir='ltr'><strong>Romanus</strong></span> <span class='ocrx_word' id='word_1_325' title='bbox 803 4386 1150 4460; x_wconf 84' lang='lat' dir='ltr'><strong>agnoscitur.</strong></span> 
     </span>
    </p>
   </div>
   <div class='ocr_carea' id='block_1_48' title="bbox 1118 292 2746 382">
    <p class='ocr_par' dir='ltr' id='par_1_48' title="bbox 1118 292 2746 382">
     <span class='ocr_line' id='line_1_50' title="bbox 1118 292 2746 382; baseline -0.02 -1"><span class='ocrx_word' id='word_1_326' title='bbox 1118 319 1484 382; x_wconf 77' lang='lat' dir='ltr'><strong>HISTORIA</strong></span> <span class='ocrx_word' id='word_1_327' title='bbox 1521 306 2091 376; x_wconf 81' lang='lat' dir='ltr'><strong>ECCLESIASTICA</strong></span> <span class='ocrx_word' id='word_1_328' title='bbox 2129 304 2232 364; x_wconf 73' lang='lat' dir='ltr'><strong>EX</strong></span> <span class='ocrx_word' id='word_1_329' title='bbox 2260 292 2746 359; x_wconf 81' lang='lat' dir='ltr'><strong>THEOPHANE.</strong></span> 
     </span>
    </p>
   </div>
   <div class='ocr_carea' id='block_1_49' title="bbox 3362 270 3499 334">
    <p class='ocr_par' dir='ltr' id='par_1_49' title="bbox 3362 270 3499 334">
     <span class='ocr_line' id='line_1_51' title="bbox 3362 270 3499 334; baseline -0.036 0"><span class='ocrx_word' id='word_1_330' title='bbox 3362 270 3499 334; x_wconf 72' lang='lat' dir='ltr'><strong>12H</strong></span> 
     </span>
    </p>
   </div>
   <div class='ocr_carea' id='block_1_50' title="bbox 2605 389 3500 463">
    <p class='ocr_par' dir='ltr' id='par_1_50' title="bbox 2605 389 3500 463">
     <span class='ocr_line' id='line_1_52' title="bbox 2605 389 3500 463; baseline -0.023 -6"><span class='ocrx_word' id='word_1_331' title='bbox 2605 404 2671 456; x_wconf 84' lang='lat' dir='ltr'><strong>ad</strong></span> <span class='ocrx_word' id='word_1_332' title='bbox 2697 401 2886 454; x_wconf 86' lang='lat' dir='ltr'><strong>horam</strong></span> <span class='ocrx_word' id='word_1_333' title='bbox 2913 393 3180 463; x_wconf 86' lang='lat' dir='ltr'><strong>quintam.</strong></span> <span class='ocrx_word' id='word_1_334' title='bbox 3213 389 3374 442; x_wconf 85' lang='lat' dir='ltr'><strong>Arius</strong></span> <span class='ocrx_word' id='word_1_335' title='bbox 3405 405 3500 438; x_wconf 85' lang='lat' dir='ltr'><strong>au-</strong></span> 
     </span>
    </p>
   </div>
   <div class='ocr_carea' id='block_1_51' title="bbox 1943 937 3516 1030">
    <p class='ocr_par' dir='ltr' id='par_1_51' title="bbox 1943 937 3516 1030">
     <span class='ocr_line' id='line_1_53' title="bbox 1943 937 3516 1030; baseline -0.024 -3"><span class='ocrx_word' id='word_1_336' title='bbox 1943 973 2336 1027; x_wconf 88' lang='lat' dir='ltr'><strong>couvenerant.</strong></span> <span class='ocrx_word' id='word_1_337' title='bbox 2367 959 2650 1030; x_wconf 83' lang='lat' dir='ltr'><strong>Siquidem</strong></span> <span class='ocrx_word' id='word_1_338' title='bbox 2693 954 2779 1008; x_wconf 89' lang='lat' dir='ltr'><strong>his</strong></span> <span class='ocrx_word' id='word_1_339' title='bbox 2811 947 3067 1005; x_wconf 87' lang='lat' dir='ltr'><strong>credulus</strong></span> <span class='ocrx_word' id='word_1_340' title='bbox 3099 945 3397 1011; x_wconf 86' lang='lat' dir='ltr'><strong>imperator</strong></span> <span class='ocrx_word' id='word_1_341' title='bbox 3430 937 3516 990; x_wconf 90' lang='lat' dir='ltr'><strong>in-</strong></span> 
     </span>
    </p>
   </div>
   <div class='ocr_carea' id='block_1_52' title="bbox 1944 1027 3518 1135">
    <p class='ocr_par' dir='ltr' id='par_1_52' title="bbox 1944 1027 3518 1135">
     <span class='ocr_line' id='line_1_54' title="bbox 1944 1027 3518 1135; baseline -0.025 -16"><span class='ocrx_word' id='word_1_342' title='bbox 1944 1065 2204 1135; x_wconf 79' lang='lat' dir='ltr'><strong>dignatus</strong></span> <span class='ocrx_word' id='word_1_343' title='bbox 2262 1065 2347 1110; x_wconf 85' lang='lat' dir='ltr'><strong>cst</strong></span> <span class='ocrx_word' id='word_1_344' title='bbox 2404 1027 2667 1107; x_wconf 82' lang='lat' dir='ltr'><strong>adversus</strong></span> <span class='ocrx_word' id='word_1_345' title='bbox 2721 1039 3077 1098; x_wconf 85' lang='lat' dir='ltr'><strong>Athanasium</strong></span> <span class='ocrx_word' id='word_1_346' title='bbox 3117 1049 3213 1104; x_wconf 88' lang='lat' dir='ltr'><strong>pro</strong></span> <span class='ocrx_word' id='word_1_347' title='bbox 3258 1047 3322 1085; x_wconf 88' lang='lat' dir='ltr'><strong>eo</strong></span> <span class='ocrx_word' id='word_1_348' title='bbox 3373 1027 3518 1098; x_wconf 89' lang='lat' dir='ltr'><strong>quod</strong></span> 
     </span>
    </p>
   </div>
   <div class='ocr_carea' id='block_1_53' title="bbox 1943 1124 3519 1215">
    <p class='ocr_par' dir='ltr' id='par_1_53' title="bbox 1943 1124 3519 1215">
     <span class='ocr_line' id='line_1_55' title="bbox 1943 1124 3519 1215; baseline -0.029 1"><span class='ocrx_word' id='word_1_349' title='bbox 1943 1160 2133 1215; x_wconf 89' lang='lat' dir='ltr'><strong>Arium</strong></span> <span class='ocrx_word' id='word_1_350' title='bbox 2195 1163 2247 1204; x_wconf 87' lang='lat' dir='ltr'><strong>et</strong></span> <span class='ocrx_word' id='word_1_351' title='bbox 2279 1149 2541 1203; x_wconf 80' lang='lat' dir='ltr'><strong>Enzoium</strong></span> <span class='ocrx_word' id='word_1_352' title='bbox 2576 1158 2681 1195; x_wconf 81' lang='lat' dir='ltr'><strong>non</strong></span> <span class='ocrx_word' id='word_1_353' title='bbox 2712 1135 3037 1203; x_wconf 84' lang='lat' dir='ltr'><strong>susceperit,</strong></span> <span class='ocrx_word' id='word_1_354' title='bbox 3063 1128 3154 1196; x_wconf 91' lang='lat' dir='ltr'><strong>qni</strong></span> <span class='ocrx_word' id='word_1_355' title='bbox 3182 1125 3248 1179; x_wconf 87' lang='lat' dir='ltr'><strong>ab</strong></span> <span class='ocrx_word' id='word_1_356' title='bbox 3283 1124 3519 1177; x_wconf 80' lang='lat' dir='ltr'><strong>Alexan-</strong></span> 
     </span>
    </p>
   </div>
   <div class='ocr_carea' id='block_1_54' title="bbox 1947 1216 3524 1316">
    <p class='ocr_par' dir='ltr' id='par_1_54' title="bbox 1947 1216 3524 1316">
     <span class='ocr_line' id='line_1_56' title="bbox 1947 1216 3524 1316; baseline -0.025 -11"><span class='ocrx_word' id='word_1_357' title='bbox 1947 1253 2047 1306; x_wconf 86' lang='lat' dir='ltr'><strong>dro</strong></span> <span class='ocrx_word' id='word_1_358' title='bbox 2106 1245 2337 1316; x_wconf 73' lang='lat' dir='ltr'><strong>depositi</strong></span> <span class='ocrx_word' id='word_1_359' title='bbox 2415 1241 2674 1299; x_wconf 74' lang='lat' dir='ltr'><strong>fuerant,</strong></span> <span class='ocrx_word' id='word_1_360' title='bbox 2749 1245 2871 1283; x_wconf 88' lang='lat' dir='ltr'><strong>cum</strong></span> <span class='ocrx_word' id='word_1_361' title='bbox 2950 1224 3188 1279; x_wconf 83' lang='lat' dir='ltr'><strong>Euzoius</strong></span> <span class='ocrx_word' id='word_1_362' title='bbox 3259 1216 3524 1270; x_wconf 81' lang='lat' dir='ltr'><strong>diaconus</strong></span> 
     </span>
    </p>
   </div>
   <div class='ocr_carea' id='block_1_55' title="bbox 2019 1401 3524 1496">
    <p class='ocr_par' dir='ltr' id='par_1_55' title="bbox 2019 1401 3524 1496">
     <span class='ocr_line' id='line_1_57' title="bbox 2019 1401 3524 1496; baseline -0.028 -8"><span class='ocrx_word' id='word_1_363' title='bbox 2019 1433 2192 1488; x_wconf 85' lang='lat' dir='ltr'><strong>Porro</strong></span> <span class='ocrx_word' id='word_1_364' title='bbox 2223 1440 2456 1496; x_wconf 85' lang='lat' dir='ltr'><strong>primum</strong></span> <span class='ocrx_word' id='word_1_365' title='bbox 2484 1430 2537 1475; x_wconf 86' lang='lat' dir='ltr'><strong>et</strong></span> <span class='ocrx_word' id='word_1_366' title='bbox 2577 1416 2914 1472; x_wconf 86' lang='lat' dir='ltr'><strong>tricesimum</strong></span> <span class='ocrx_word' id='word_1_367' title='bbox 2953 1404 3163 1475; x_wconf 88' lang='lat' dir='ltr'><strong>imperii</strong></span> <span class='ocrx_word' id='word_1_368' title='bbox 3196 1401 3280 1455; x_wconf 89' lang='lat' dir='ltr'><strong>sui</strong></span> <span class='ocrx_word' id='word_1_369' title='bbox 3323 1411 3524 1452; x_wconf 86' lang='lat' dir='ltr'><strong>annum</strong></span> 
     </span>
    </p>
   </div>
   <div class='ocr_carea' id='block_1_56' title="bbox 1951 1490 3530 1585">
    <p class='ocr_par' dir='ltr' id='par_1_56' title="bbox 1951 1490 3530 1585">
     <span class='ocr_line' id='line_1_58' title="bbox 1951 1490 3530 1585; baseline -0.028 -1"><span class='ocrx_word' id='word_1_370' title='bbox 1951 1525 2310 1583; x_wconf 87' lang='lat' dir='ltr'><strong>Constantino</strong></span> <span class='ocrx_word' id='word_1_371' title='bbox 2343 1524 2558 1585; x_wconf 80' lang='lat' dir='ltr'><strong>agente,</strong></span> <span class='ocrx_word' id='word_1_372' title='bbox 2595 1507 2867 1566; x_wconf 82' lang='lat' dir='ltr'><strong>Eusebius</strong></span> <span class='ocrx_word' id='word_1_373' title='bbox 2916 1511 2970 1555; x_wconf 83' lang='lat' dir='ltr'><strong>ct</strong></span> <span class='ocrx_word' id='word_1_374' title='bbox 3005 1499 3057 1554; x_wconf 92' lang='lat' dir='ltr'><strong>hi</strong></span> <span class='ocrx_word' id='word_1_375' title='bbox 3110 1496 3204 1564; x_wconf 90' lang='lat' dir='ltr'><strong>qui</strong></span> <span class='ocrx_word' id='word_1_376' title='bbox 3259 1508 3380 1545; x_wconf 80' lang='lat' dir='ltr'><strong>cum</strong></span> <span class='ocrx_word' id='word_1_377' title='bbox 3411 1490 3530 1557; x_wconf 87' lang='lat' dir='ltr'><strong>ipso</strong></span> 
     </span>
    </p>
   </div>
   <div class='ocr_carea' id='block_1_57' title="bbox 1954 1579 3534 1678">
    <p class='ocr_par' dir='ltr' id='par_1_57' title="bbox 1954 1579 3534 1678">
     <span class='ocr_line' id='line_1_59' title="bbox 1954 1579 3534 1678; baseline -0.028 -5"><span class='ocrx_word' id='word_1_378' title='bbox 1954 1627 2130 1678; x_wconf 83' lang='lat' dir='ltr'><strong>erant,</strong></span> <span class='ocrx_word' id='word_1_379' title='bbox 2169 1616 2386 1668; x_wconf 86' lang='lat' dir='ltr'><strong>inventa</strong></span> <span class='ocrx_word' id='word_1_380' title='bbox 2415 1604 2704 1662; x_wconf 83' lang='lat' dir='ltr'><strong>occasione</strong></span> <span class='ocrx_word' id='word_1_381' title='bbox 2738 1599 3005 1650; x_wconf 85' lang='lat' dir='ltr'><strong>adversus</strong></span> <span class='ocrx_word' id='word_1_382' title='bbox 3040 1586 3403 1643; x_wconf 85' lang='lat' dir='ltr'><strong>Athanasium</strong></span> <span class='ocrx_word' id='word_1_383' title='bbox 3438 1579 3534 1631; x_wconf 88' lang='lat' dir='ltr'><strong>de-</strong></span> 
     </span>
    </p>
   </div>
   <div class='ocr_carea' id='block_1_58' title="bbox 1957 1671 3532 1770">
    <p class='ocr_par' dir='ltr' id='par_1_58' title="bbox 1957 1671 3532 1770">
     <span class='ocr_line' id='line_1_60' title="bbox 1957 1671 3532 1770; baseline -0.029 -4"><span class='ocrx_word' id='word_1_384' title='bbox 1957 1709 2237 1766; x_wconf 85' lang='lat' dir='ltr'><strong>certabant</strong></span> <span class='ocrx_word' id='word_1_385' title='bbox 2283 1711 2468 1770; x_wconf 87' lang='lat' dir='ltr'><strong>utpote</strong></span> <span class='ocrx_word' id='word_1_386' title='bbox 2513 1706 2704 1751; x_wconf 89' lang='lat' dir='ltr'><strong>contra</strong></span> <span class='ocrx_word' id='word_1_387' title='bbox 2769 1695 3122 1760; x_wconf 85' lang='lat' dir='ltr'><strong>pugnatorem</strong></span> <span class='ocrx_word' id='word_1_388' title='bbox 3172 1686 3336 1732; x_wconf 76' lang='lat' dir='ltr'><strong>recta:</strong></span> <span class='ocrx_word' id='word_1_389' title='bbox 3373 1671 3532 1730; x_wconf 85' lang='lat' dir='ltr'><strong>ﬁdei;</strong></span> 
     </span>
    </p>
   </div>
   <div class='ocr_carea' id='block_1_59' title="bbox 1961 1765 3536 1870">
    <p class='ocr_par' dir='ltr' id='par_1_59' title="bbox 1961 1765 3536 1870">
     <span class='ocr_line' id='line_1_61' title="bbox 1961 1765 3536 1870; baseline -0.027 -13"><span class='ocrx_word' id='word_1_390' title='bbox 1961 1783 2323 1870; x_wconf 34' lang='lat' dir='ltr'><strong>cum-quibus</strong></span> <span class='ocrx_word' id='word_1_391' title='bbox 2350 1801 2403 1849; x_wconf 92' lang='lat' dir='ltr'><strong>et</strong></span> <span class='ocrx_word' id='word_1_392' title='bbox 2453 1786 2725 1844; x_wconf 74' lang='lat' dir='ltr'><strong>lileletiani</strong></span> <span class='ocrx_word' id='word_1_393' title='bbox 2773 1776 3203 1836; x_wconf 85' lang='lat' dir='ltr'><strong>conveniebant.</strong></span> <span class='ocrx_word' id='word_1_394' title='bbox 3253 1768 3316 1821; x_wconf 81' lang='lat' dir='ltr'><strong>Et</strong></span> <span class='ocrx_word' id='word_1_395' title='bbox 3363 1765 3536 1834; x_wconf 87' lang='lat' dir='ltr'><strong>primo</strong></span> 
     </span>
    </p>
   </div>
   <div class='ocr_carea' id='block_1_60' title="bbox 1963 1866 3535 1963">
    <p class='ocr_par' dir='ltr' id='par_1_60' title="bbox 1963 1866 3535 1963">
     <span class='ocr_line' id='line_1_62' title="bbox 1963 1866 3535 1963; baseline -0.027 -15"><span class='ocrx_word' id='word_1_396' title='bbox 1963 1866 2180 1963; x_wconf 85' lang='lat' dir='ltr'><strong>quidem</strong></span> <span class='ocrx_word' id='word_1_397' title='bbox 2229 1889 2349 1958; x_wconf 71' lang='lat' dir='ltr'><strong>eius</strong></span> <span class='ocrx_word' id='word_1_398' title='bbox 2391 1881 2784 1940; x_wconf 86' lang='lat' dir='ltr'><strong>detrahebatur</strong></span> <span class='ocrx_word' id='word_1_399' title='bbox 2810 1866 3168 1928; x_wconf 84' lang='lat' dir='ltr'><strong>ordinationi,</strong></span> <span class='ocrx_word' id='word_1_400' title='bbox 3207 1869 3535 1931; x_wconf 83' lang='lat' dir='ltr'><strong>quamquam</strong></span> 
     </span>
    </p>
   </div>
   <div class='ocr_carea' id='block_1_61' title="bbox 1963 1948 3538 2060">
    <p class='ocr_par' dir='ltr' id='par_1_61' title="bbox 1963 1948 3538 2060">
     <span class='ocr_line' id='line_1_63' title="bbox 1963 1948 3538 2060; baseline -0.03 -14"><span class='ocrx_word' id='word_1_401' title='bbox 1963 1948 2340 2060; x_wconf 74' lang='lat' dir='ltr'><strong>Apollinarius</strong></span> <span class='ocrx_word' id='word_1_402' title='bbox 2377 1979 2570 2051; x_wconf 82' lang='lat' dir='ltr'><strong>Syrius</strong></span> <span class='ocrx_word' id='word_1_403' title='bbox 2627 1984 2821 2042; x_wconf 88' lang='lat' dir='ltr'><strong>magna</strong></span> <span class='ocrx_word' id='word_1_404' title='bbox 2861 1978 3024 2034; x_wconf 85' lang='lat' dir='ltr'><strong>super</strong></span> <span class='ocrx_word' id='word_1_405' title='bbox 3065 1954 3350 2013; x_wconf 87' lang='lat' dir='ltr'><strong>Athanasii</strong></span> <span class='ocrx_word' id='word_1_406' title='bbox 3388 1948 3538 2004; x_wconf 81' lang='lat' dir='ltr'><strong>ordi-</strong></span> 
     </span>
    </p>
   </div>
   <div class='ocr_carea' id='block_1_62' title="bbox 1966 2051 3540 2137">
    <p class='ocr_par' dir='ltr' id='par_1_62' title="bbox 1966 2051 3540 2137">
     <span class='ocr_line' id='line_1_64' title="bbox 1966 2051 3540 2137; baseline -0.032 0"><span class='ocrx_word' id='word_1_407' title='bbox 1966 2080 2191 2137; x_wconf 87' lang='lat' dir='ltr'><strong>natione</strong></span> <span class='ocrx_word' id='word_1_408' title='bbox 2217 2076 2490 2132; x_wconf 85' lang='lat' dir='ltr'><strong>testetur;</strong></span> <span class='ocrx_word' id='word_1_409' title='bbox 2527 2061 2769 2120; x_wconf 85' lang='lat' dir='ltr'><strong>secundo</strong></span> <span class='ocrx_word' id='word_1_410' title='bbox 2799 2071 2928 2112; x_wconf 88' lang='lat' dir='ltr'><strong>vero</strong></span> <span class='ocrx_word' id='word_1_411' title='bbox 2965 2052 3029 2107; x_wconf 89' lang='lat' dir='ltr'><strong>dc</strong></span> <span class='ocrx_word' id='word_1_412' title='bbox 3057 2051 3196 2104; x_wconf 88' lang='lat' dir='ltr'><strong>linea</strong></span> <span class='ocrx_word' id='word_1_413' title='bbox 3228 2051 3400 2104; x_wconf 83' lang='lat' dir='ltr'><strong>veste,</strong></span> <span class='ocrx_word' id='word_1_414' title='bbox 3433 2052 3540 2105; x_wconf 84' lang='lat' dir='ltr'><strong>qua</strong></span> 
     </span>
    </p>
   </div>
   <div class='ocr_carea' id='block_1_63' title="bbox 1967 2129 3541 2228">
    <p class='ocr_par' dir='ltr' id='par_1_63' title="bbox 1967 2129 3541 2228">
     <span class='ocr_line' id='line_1_65' title="bbox 1967 2129 3541 2228; baseline -0.032 0"><span class='ocrx_word' id='word_1_415' title='bbox 1967 2170 2122 2228; x_wconf 91' lang='lat' dir='ltr'><strong>indui</strong></span> <span class='ocrx_word' id='word_1_416' title='bbox 2186 2174 2440 2222; x_wconf 90' lang='lat' dir='ltr'><strong>sanctum</strong></span> <span class='ocrx_word' id='word_1_417' title='bbox 2495 2155 2701 2213; x_wconf 89' lang='lat' dir='ltr'><strong>inimici</strong></span> <span class='ocrx_word' id='word_1_418' title='bbox 2763 2141 3284 2204; x_wconf 89' lang='lat' dir='ltr'><strong>calumniabantur;</strong></span> <span class='ocrx_word' id='word_1_419' title='bbox 3321 2129 3541 2185; x_wconf 89' lang='lat' dir='ltr'><strong>tertium</strong></span> 
     </span>
    </p>
   </div>
   <div class='ocr_carea' id='block_1_64' title="bbox 1970 2221 3548 2331">
    <p class='ocr_par' dir='ltr' id='par_1_64' title="bbox 1970 2221 3548 2331">
     <span class='ocr_line' id='line_1_66' title="bbox 1970 2221 3548 2331; baseline -0.032 -12"><span class='ocrx_word' id='word_1_420' title='bbox 1970 2275 2134 2331; x_wconf 86' lang='lat' dir='ltr'><strong>super</strong></span> <span class='ocrx_word' id='word_1_421' title='bbox 2161 2255 2508 2314; x_wconf 80' lang='lat' dir='ltr'><strong>Philumena,</strong></span> <span class='ocrx_word' id='word_1_422' title='bbox 2542 2247 2630 2302; x_wconf 91' lang='lat' dir='ltr'><strong>cui</strong></span> <span class='ocrx_word' id='word_1_423' title='bbox 2665 2255 2860 2297; x_wconf 88' lang='lat' dir='ltr'><strong>aurum</strong></span> <span class='ocrx_word' id='word_1_424' title='bbox 2895 2235 3127 2290; x_wconf 88' lang='lat' dir='ltr'><strong>multum</strong></span> <span class='ocrx_word' id='word_1_425' title='bbox 3160 2229 3304 2282; x_wconf 91' lang='lat' dir='ltr'><strong>hunc</strong></span> <span class='ocrx_word' id='word_1_426' title='bbox 3334 2221 3548 2274; x_wconf 77' lang='lat' dir='ltr'><strong>misisse</strong></span> 
     </span>
     <span class='ocr_line' id='line_1_67' title="bbox 2873 2312 3516 2331; baseline -0.03 19"><span class='ocrx_word' id='word_1_427' title='bbox 2873 2330 2878 2331; x_wconf 47' lang='grc' dir='ltr'><em>κ</em></span> <span class='ocrx_word' id='word_1_428' title='bbox 2907 2328 2935 2331; x_wconf 48' lang='grc' dir='ltr'><strong>-κ</strong></span> <span class='ocrx_word' id='word_1_429' title='bbox 3037 2325 3048 2331; x_wconf 87' lang='grc'><strong>-</strong></span> <span class='ocrx_word' id='word_1_430' title='bbox 3249 2326 3288 2331; x_wconf 36' lang='grc' dir='ltr'><strong>-ν</strong></span> <span class='ocrx_word' id='word_1_431' title='bbox 3449 2312 3469 2331; x_wconf 68' lang='grc' dir='ltr'><strong>ι</strong></span> <span class='ocrx_word' id='word_1_432' title='bbox 3492 2322 3516 2331; x_wconf 82' lang='lat'><strong>-</strong></span> 
     </span>
    </p>
   </div>
   <div class='ocr_carea' id='block_1_65' title="bbox 1973 2312 3548 2409">
    <p class='ocr_par' dir='ltr' id='par_1_65' title="bbox 1973 2312 3548 2409">
     <span class='ocr_line' id='line_1_68' title="bbox 1973 2312 3548 2409; baseline -0.031 0"><span class='ocrx_word' id='word_1_433' title='bbox 1973 2349 2316 2409; x_wconf 91' lang='lat' dir='ltr'><strong>mendaciter</strong></span> <span class='ocrx_word' id='word_1_434' title='bbox 2353 2338 2676 2397; x_wconf 87' lang='lat' dir='ltr'><strong>asserebant</strong></span> <span class='ocrx_word' id='word_1_435' title='bbox 2699 2335 2752 2386; x_wconf 89' lang='lat' dir='ltr'><strong>in</strong></span> <span class='ocrx_word' id='word_1_436' title='bbox 2781 2328 3010 2385; x_wconf 87' lang='lat' dir='ltr'><strong>insidias</strong></span> <span class='ocrx_word' id='word_1_437' title='bbox 3037 2315 3406 2390; x_wconf 86' lang='lat' dir='ltr'><strong>imperatoris.</strong></span> <span class='ocrx_word' id='word_1_438' title='bbox 3439 2312 3548 2362; x_wconf 83' lang='lat' dir='ltr'><strong>Ac-</strong></span> 
     </span>
    </p>
   </div>
   <div class='ocr_carea' id='block_1_66' title="bbox 1974 2398 3547 2498">
    <p class='ocr_par' dir='ltr' id='par_1_66' title="bbox 1974 2398 3547 2498">
     <span class='ocr_line' id='line_1_69' title="bbox 1974 2398 3547 2498; baseline -0.032 0"><span class='ocrx_word' id='word_1_439' title='bbox 1974 2443 2176 2498; x_wconf 90' lang='lat' dir='ltr'><strong>cersito</strong></span> <span class='ocrx_word' id='word_1_440' title='bbox 2205 2445 2387 2491; x_wconf 89' lang='lat' dir='ltr'><strong>autem</strong></span> <span class='ocrx_word' id='word_1_441' title='bbox 2415 2425 2712 2486; x_wconf 75' lang='lat' dir='ltr'><strong>Athanasio</strong></span> <span class='ocrx_word' id='word_1_442' title='bbox 2746 2422 3064 2488; x_wconf 81' lang='lat' dir='ltr'><strong>imperator,</strong></span> <span class='ocrx_word' id='word_1_443' title='bbox 3095 2418 3150 2464; x_wconf 89' lang='lat' dir='ltr'><strong>et</strong></span> <span class='ocrx_word' id='word_1_444' title='bbox 3175 2411 3374 2460; x_wconf 83' lang='lat' dir='ltr'><strong>cuncta</strong></span> <span class='ocrx_word' id='word_1_445' title='bbox 3413 2398 3547 2452; x_wconf 79' lang='lat' dir='ltr'><strong>falsa</strong></span> 
     </span>
    </p>
   </div>
   <div class='ocr_carea' id='block_1_67' title="bbox 1976 2491 3554 2606">
    <p class='ocr_par' dir='ltr' id='par_1_67' title="bbox 1976 2491 3554 2606">
     <span class='ocr_line' id='line_1_70' title="bbox 1976 2491 3554 2606; baseline -0.032 -16"><span class='ocrx_word' id='word_1_446' title='bbox 1976 2533 2279 2606; x_wconf 87' lang='lat' dir='ltr'><strong>reperiens,</strong></span> <span class='ocrx_word' id='word_1_447' title='bbox 2329 2540 2451 2582; x_wconf 91' lang='lat' dir='ltr'><strong>cum</strong></span> <span class='ocrx_word' id='word_1_448' title='bbox 2501 2517 2735 2588; x_wconf 88' lang='lat' dir='ltr'><strong>cpistola</strong></span> <span class='ocrx_word' id='word_1_449' title='bbox 2798 2519 2854 2566; x_wconf 81' lang='lat' dir='ltr'><strong>et</strong></span> <span class='ocrx_word' id='word_1_450' title='bbox 2908 2509 3120 2561; x_wconf 87' lang='lat' dir='ltr'><strong>honore</strong></span> <span class='ocrx_word' id='word_1_451' title='bbox 3172 2491 3554 2552; x_wconf 75' lang='lat' dir='ltr'><strong>Alexandriam</strong></span> 
     </span>
     <span class='ocr_line' id='line_1_71' title="bbox 2742 2581 3554 2606; baseline -0.031 25"><span class='ocrx_word' id='word_1_452' title='bbox 2742 2605 2745 2606; x_wconf 59' lang='grc'><strong><em>⁷</em></strong></span> <span class='ocrx_word' id='word_1_453' title='bbox 2808 2605 2813 2606; x_wconf 61' lang='grc'><strong><em>⁷</em></strong></span> <span class='ocrx_word' id='word_1_454' title='bbox 2899 2602 2909 2606; x_wconf 78' lang='lat'><em>‘</em></span> <span class='ocrx_word' id='word_1_455' title='bbox 2990 2599 3020 2606; x_wconf 88' lang='lat'>“</span> <span class='ocrx_word' id='word_1_456' title='bbox 3159 2593 3167 2603; x_wconf 87' lang='lat'><strong>‘</strong></span> <span class='ocrx_word' id='word_1_457' title='bbox 3266 2581 3554 2606; x_wconf 61' lang='grc' dir='ltr'><strong>ιιι»--.Αη2η</strong></span> 
     </span>
    </p>
   </div>
   <div class='ocr_carea' id='block_1_68' title="bbox 1978 2581 3559 2682">
    <p class='ocr_par' dir='ltr' id='par_1_68' title="bbox 1978 2581 3559 2682">
     <span class='ocr_line' id='line_1_72' title="bbox 1978 2581 2549 2606; baseline -0.021 -6"><span class='ocrx_word' id='word_1_458' title='bbox 1978 2581 2279 2606; x_wconf 55' lang='grc' dir='ltr'><strong>ηιμ-μω.</strong></span> <span class='ocrx_word' id='word_1_459' title='bbox 2342 2581 2350 2582; x_wconf 41' lang='grc' dir='ltr'><em>κ</em></span> <span class='ocrx_word' id='word_1_460' title='bbox 2538 2581 2549 2588; x_wconf 96' lang='grc'><em>.</em></span> 
     </span>
     <span class='ocr_line' id='line_1_73' title="bbox 1978 2581 3559 2682; baseline -0.03 0"><span class='ocrx_word' id='word_1_461' title='bbox 1978 2629 2125 2682; x_wconf 90' lang='lat' dir='ltr'><strong>hunc</strong></span> <span class='ocrx_word' id='word_1_462' title='bbox 2180 2619 2416 2677; x_wconf 86' lang='lat' dir='ltr'><strong>remisit.</strong></span> <span class='ocrx_word' id='word_1_463' title='bbox 2470 2611 2674 2667; x_wconf 85' lang='lat' dir='ltr'><strong>Deinde</strong></span> <span class='ocrx_word' id='word_1_464' title='bbox 2725 2602 2912 2659; x_wconf 88' lang='lat' dir='ltr'><strong>Ariani</strong></span> <span class='ocrx_word' id='word_1_465' title='bbox 2971 2593 3205 2652; x_wconf 88' lang='lat' dir='ltr'><strong>diversis</strong></span> <span class='ocrx_word' id='word_1_466' title='bbox 3256 2581 3559 2642; x_wconf 74' lang='lat' dir='ltr'><strong>Athanasio</strong></span> 
     </span>
    </p>
   </div>
   <div class='ocr_carea' id='block_1_69' title="bbox 1981 2687 3400 2786">
    <p class='ocr_par' dir='ltr' id='par_1_69' title="bbox 1981 2687 3400 2786">
     <span class='ocr_line' id='line_1_74' title="bbox 1981 2687 3400 2786; baseline -0.03 -13"><span class='ocrx_word' id='word_1_467' title='bbox 1981 2717 2122 2786; x_wconf 86' lang='lat' dir='ltr'><strong>apud</strong></span> <span class='ocrx_word' id='word_1_468' title='bbox 2151 2716 2538 2783; x_wconf 88' lang='lat' dir='ltr'><strong>imperatorem</strong></span> <span class='ocrx_word' id='word_1_469' title='bbox 2565 2693 3012 2756; x_wconf 87' lang='lat' dir='ltr'><strong>accusationibus</strong></span> <span class='ocrx_word' id='word_1_470' title='bbox 3045 2687 3400 2753; x_wconf 85' lang='lat' dir='ltr'><strong>derogantes,</strong></span> 
     </span>
    </p>
   </div>
   <div class='ocr_carea' id='block_1_70' title="bbox 1983 2767 3563 2870">
    <p class='ocr_par' dir='ltr' id='par_1_70' title="bbox 1983 2767 3563 2870">
     <span class='ocr_line' id='line_1_75' title="bbox 1983 2767 2246 2786; baseline -0.03 5"><span class='ocrx_word' id='word_1_471' title='bbox 1983 2767 2122 2786; x_wconf 61' lang='grc' dir='ltr'><strong><em>“Ι⁷““““</em></strong></span> <span class='ocrx_word' id='word_1_472' title='bbox 2154 2767 2181 2768; x_wconf 66' lang='lat'><em>&quot;</em></span> <span class='ocrx_word' id='word_1_473' title='bbox 2231 2767 2246 2783; x_wconf 85' lang='lat' dir='ltr'><strong>I</strong></span> 
     </span>
     <span class='ocr_line' id='line_1_76' title="bbox 1983 2767 3563 2870; baseline -0.03 -5"><span class='ocrx_word' id='word_1_474' title='bbox 1983 2811 2156 2866; x_wconf 89' lang='lat' dir='ltr'><strong>multa</strong></span> <span class='ocrx_word' id='word_1_475' title='bbox 2205 2819 2327 2859; x_wconf 91' lang='lat' dir='ltr'><strong>cum</strong></span> <span class='ocrx_word' id='word_1_476' title='bbox 2387 2800 2710 2870; x_wconf 74' lang='lat' dir='ltr'><strong>iuramento</strong></span> <span class='ocrx_word' id='word_1_477' title='bbox 2770 2789 2948 2842; x_wconf 83' lang='lat' dir='ltr'><strong>dicere</strong></span> <span class='ocrx_word' id='word_1_478' title='bbox 2990 2786 3388 2851; x_wconf 65' lang='lat' dir='ltr'><strong>praesumpsere</strong></span> <span class='ocrx_word' id='word_1_479' title='bbox 3438 2767 3563 2837; x_wconf 89' lang='lat' dir='ltr'><strong>quia</strong></span> 
     </span>
    </p>
   </div>
   <div class='ocr_carea' id='block_1_71' title="bbox 1989 2857 3566 2955">
    <p class='ocr_par' dir='ltr' id='par_1_71' title="bbox 1989 2857 3566 2955">
     <span class='ocr_line' id='line_1_77' title="bbox 1989 2857 3566 2955; baseline -0.03 0"><span class='ocrx_word' id='word_1_480' title='bbox 1989 2900 2329 2955; x_wconf 75' lang='lat' dir='ltr'><strong>Minitantem</strong></span> <span class='ocrx_word' id='word_1_481' title='bbox 2365 2857 2677 2945; x_wconf 66' lang='lat' dir='ltr'><strong>audivimus</strong></span> <span class='ocrx_word' id='word_1_482' title='bbox 2729 2872 3118 2931; x_wconf 85' lang='lat' dir='ltr'><strong>Athanasium,</strong></span> <span class='ocrx_word' id='word_1_483' title='bbox 3169 2873 3222 2919; x_wconf 87' lang='lat' dir='ltr'><strong>et</strong></span> <span class='ocrx_word' id='word_1_484' title='bbox 3272 2857 3566 2930; x_wconf 85' lang='lat' dir='ltr'><strong>prohiben-</strong></span> 
     </span>
    </p>
   </div>
   <div class='ocr_carea' id='block_1_72' title="bbox 1988 2947 3569 3042">
    <p class='ocr_par' dir='ltr' id='par_1_72' title="bbox 1988 2947 3569 3042">
     <span class='ocr_line' id='line_1_78' title="bbox 1988 2947 3569 3042; baseline -0.031 0"><span class='ocrx_word' id='word_1_485' title='bbox 1988 2999 2094 3042; x_wconf 87' lang='lat' dir='ltr'><strong>tem</strong></span> <span class='ocrx_word' id='word_1_486' title='bbox 2127 2979 2387 3038; x_wconf 76' lang='lat' dir='ltr'><strong>frumenti</strong></span> <span class='ocrx_word' id='word_1_487' title='bbox 2418 2972 2748 3030; x_wconf 84' lang='lat' dir='ltr'><strong>delationem</strong></span> <span class='ocrx_word' id='word_1_488' title='bbox 2776 2978 2896 3032; x_wconf 69' lang='lat' dir='ltr'><strong>qua:</strong></span> <span class='ocrx_word' id='word_1_489' title='bbox 2923 2957 3174 3014; x_wconf 81' lang='lat' dir='ltr'><strong>veniebat</strong></span> <span class='ocrx_word' id='word_1_490' title='bbox 3228 2952 3297 3005; x_wconf 88' lang='lat' dir='ltr'><strong>ab</strong></span> <span class='ocrx_word' id='word_1_491' title='bbox 3332 2947 3569 3015; x_wconf 69' lang='lat' dir='ltr'><strong>Aigypto</strong></span> 
     </span>
    </p>
   </div>
   <div class='ocr_carea' id='block_1_73' title="bbox 1989 3033 3571 3149">
    <p class='ocr_par' dir='ltr' id='par_1_73' title="bbox 1989 3033 3571 3149">
     <span class='ocr_line' id='line_1_79' title="bbox 1989 3033 3571 3149; baseline -0.03 -16"><span class='ocrx_word' id='word_1_492' title='bbox 1989 3074 2355 3149; x_wconf 77' lang='lat' dir='ltr'><strong>Byzantium;</strong></span> <span class='ocrx_word' id='word_1_493' title='bbox 2417 3063 2564 3120; x_wconf 92' lang='lat' dir='ltr'><strong>unde</strong></span> <span class='ocrx_word' id='word_1_494' title='bbox 2620 3069 2674 3114; x_wconf 89' lang='lat' dir='ltr'><strong>et</strong></span> <span class='ocrx_word' id='word_1_495' title='bbox 2732 3061 3011 3110; x_wconf 85' lang='lat' dir='ltr'><strong>commoto</strong></span> <span class='ocrx_word' id='word_1_496' title='bbox 3069 3048 3124 3100; x_wconf 93' lang='lat' dir='ltr'><strong>in</strong></span> <span class='ocrx_word' id='word_1_497' title='bbox 3193 3043 3328 3096; x_wconf 89' lang='lat' dir='ltr'><strong>iram</strong></span> <span class='ocrx_word' id='word_1_498' title='bbox 3390 3033 3571 3087; x_wconf 88' lang='lat' dir='ltr'><strong>amico</strong></span> 
     </span>
    </p>
   </div>
   <div class='ocr_carea' id='block_1_74' title="bbox 1990 3137 3572 3232">
    <p class='ocr_par' dir='ltr' id='par_1_74' title="bbox 1990 3137 3572 3232">
     <span class='ocr_line' id='line_1_80' title="bbox 1990 3137 3572 3232; baseline -0.033 -6"><span class='ocrx_word' id='word_1_499' title='bbox 1990 3137 2196 3225; x_wconf 83' lang='lat' dir='ltr'><strong>Christi</strong></span> <span class='ocrx_word' id='word_1_500' title='bbox 2237 3159 2507 3232; x_wconf 86' lang='lat' dir='ltr'><strong>principe,</strong></span> <span class='ocrx_word' id='word_1_501' title='bbox 2541 3166 2702 3222; x_wconf 86' lang='lat' dir='ltr'><strong>egere</strong></span> <span class='ocrx_word' id='word_1_502' title='bbox 2737 3154 2795 3200; x_wconf 91' lang='lat' dir='ltr'><strong>ut</strong></span> <span class='ocrx_word' id='word_1_503' title='bbox 2842 3141 3040 3199; x_wconf 82' lang='lat' dir='ltr'><strong>exsilio</strong></span> <span class='ocrx_word' id='word_1_504' title='bbox 3073 3138 3411 3203; x_wconf 86' lang='lat' dir='ltr'><strong>relegaretur</strong></span> <span class='ocrx_word' id='word_1_505' title='bbox 3455 3137 3572 3178; x_wconf 82' lang='lat' dir='ltr'><strong>ma-</strong></span> 
     </span>
    </p>
   </div>
   <div class='ocr_carea' id='block_1_75' title="bbox 1993 3221 3571 3332">
    <p class='ocr_par' dir='ltr' id='par_1_75' title="bbox 1993 3221 3571 3332">
     <span class='ocr_line' id='line_1_81' title="bbox 1993 3221 3571 3332; baseline -0.03 -17"><span class='ocrx_word' id='word_1_506' title='bbox 1993 3221 2132 3332; x_wconf 76' lang='lat' dir='ltr'><strong>gnus</strong></span> <span class='ocrx_word' id='word_1_507' title='bbox 2180 3221 2517 3310; x_wconf 71' lang='lat' dir='ltr'><strong>Athanasius</strong></span> <span class='ocrx_word' id='word_1_508' title='bbox 2571 3240 2714 3314; x_wconf 81' lang='lat' dir='ltr'><strong>apud</strong></span> <span class='ocrx_word' id='word_1_509' title='bbox 2745 3234 3018 3292; x_wconf 88' lang='lat' dir='ltr'><strong>Triberim</strong></span> <span class='ocrx_word' id='word_1_510' title='bbox 3055 3228 3241 3285; x_wconf 66' lang='lat' dir='ltr'><strong>Galliae</strong></span> <span class='ocrx_word' id='word_1_511' title='bbox 3270 3221 3571 3276; x_wconf 86' lang='lat' dir='ltr'><strong>civitatem.</strong></span> 
     </span>
    </p>
   </div>
   <div class='ocr_carea' id='block_1_76' title="bbox 2066 3306 3573 3407">
    <p class='ocr_par' dir='ltr' id='par_1_76' title="bbox 2066 3306 3573 3407">
     <span class='ocr_line' id='line_1_82' title="bbox 2066 3306 3573 3407; baseline -0.034 0"><span class='ocrx_word' id='word_1_512' title='bbox 2066 3355 2237 3407; x_wconf 86' lang='lat' dir='ltr'><strong>Porro</strong></span> <span class='ocrx_word' id='word_1_513' title='bbox 2301 3342 2584 3402; x_wconf 90' lang='lat' dir='ltr'><strong>tricesimo</strong></span> <span class='ocrx_word' id='word_1_514' title='bbox 2643 3330 2886 3390; x_wconf 87' lang='lat' dir='ltr'><strong>secundo</strong></span> <span class='ocrx_word' id='word_1_515' title='bbox 2960 3319 3177 3392; x_wconf 88' lang='lat' dir='ltr'><strong>imperii</strong></span> <span class='ocrx_word' id='word_1_516' title='bbox 3229 3306 3573 3370; x_wconf 87' lang='lat' dir='ltr'><strong>Constantini</strong></span> 
     </span>
    </p>
   </div>
   <div class='ocr_carea' id='block_1_77' title="bbox 1996 3398 3578 3518">
    <p class='ocr_par' dir='ltr' id='par_1_77' title="bbox 1996 3398 3578 3518">
     <span class='ocr_line' id='line_1_83' title="bbox 1996 3398 3578 3518; baseline -0.032 -18"><span class='ocrx_word' id='word_1_517' title='bbox 1996 3442 2269 3518; x_wconf 81' lang='lat' dir='ltr'><strong>principis</strong></span> <span class='ocrx_word' id='word_1_518' title='bbox 2300 3449 2446 3490; x_wconf 91' lang='lat' dir='ltr'><strong>anno</strong></span> <span class='ocrx_word' id='word_1_519' title='bbox 2479 3433 2662 3486; x_wconf 67' lang='lat' dir='ltr'><strong>Persa:</strong></span> <span class='ocrx_word' id='word_1_520' title='bbox 2689 3431 2880 3480; x_wconf 89' lang='lat' dir='ltr'><strong>contra</strong></span> <span class='ocrx_word' id='word_1_521' title='bbox 2911 3417 3190 3471; x_wconf 75' lang='lat' dir='ltr'><strong>Romanos</strong></span> <span class='ocrx_word' id='word_1_522' title='bbox 3218 3404 3462 3478; x_wconf 64' lang='lat' dir='ltr'><strong>praelium</strong></span> <span class='ocrx_word' id='word_1_523' title='bbox 3494 3398 3578 3452; x_wconf 84' lang='lat' dir='ltr'><strong>in-</strong></span> 
     </span>
    </p>
   </div>
   <div class='ocr_carea' id='block_1_78' title="bbox 1998 3490 3578 3591">
    <p class='ocr_par' dir='ltr' id='par_1_78' title="bbox 1998 3490 3578 3591">
     <span class='ocr_line' id='line_1_84' title="bbox 1999 3490 2266 3518; baseline -0.019 -19"><span class='ocrx_word' id='word_1_524' title='bbox 1999 3490 2266 3518; x_wconf 49' lang='lat'><strong>,,......-,_,</strong></span> 
     </span>
     <span class='ocr_line' id='line_1_85' title="bbox 1998 3490 3578 3591; baseline -0.032 0"><span class='ocrx_word' id='word_1_525' title='bbox 1998 3538 2270 3591; x_wconf 82' lang='lat' dir='ltr'><strong>dicavere.</strong></span> <span class='ocrx_word' id='word_1_526' title='bbox 2307 3528 2463 3581; x_wconf 85' lang='lat' dir='ltr'><strong>Tunc</strong></span> <span class='ocrx_word' id='word_1_527' title='bbox 2519 3517 2920 3578; x_wconf 87' lang='lat' dir='ltr'><strong>Constantinus</strong></span> <span class='ocrx_word' id='word_1_528' title='bbox 2978 3521 3103 3562; x_wconf 91' lang='lat' dir='ltr'><strong>cum</strong></span> <span class='ocrx_word' id='word_1_529' title='bbox 3168 3501 3467 3564; x_wconf 71' lang='lat' dir='ltr'><strong>transisset</strong></span> <span class='ocrx_word' id='word_1_530' title='bbox 3526 3490 3578 3544; x_wconf 89' lang='lat' dir='ltr'><strong>in</strong></span> 
     </span>
    </p>
   </div>
   <div class='ocr_carea' id='block_1_79' title="bbox 2002 3592 3583 3680">
    <p class='ocr_par' dir='ltr' id='par_1_79' title="bbox 2002 3592 3583 3680">
     <span class='ocr_line' id='line_1_86' title="bbox 2002 3592 3583 3680; baseline -0.031 1"><span class='ocrx_word' id='word_1_531' title='bbox 2002 3615 2508 3680; x_wconf 76' lang='lat' dir='ltr'><strong>Nicomediensinm</strong></span> <span class='ocrx_word' id='word_1_532' title='bbox 2569 3609 2844 3663; x_wconf 84' lang='lat' dir='ltr'><strong>civitatem</strong></span> <span class='ocrx_word' id='word_1_533' title='bbox 2902 3608 3095 3654; x_wconf 90' lang='lat' dir='ltr'><strong>contra</strong></span> <span class='ocrx_word' id='word_1_534' title='bbox 3167 3592 3364 3646; x_wconf 79' lang='lat' dir='ltr'><strong>Persas</strong></span> <span class='ocrx_word' id='word_1_535' title='bbox 3444 3596 3583 3653; x_wconf 65' lang='lat' dir='ltr'><strong>prm-</strong></span> 
     </span>
    </p>
   </div>
   <div class='ocr_carea' id='block_1_80' title="bbox 2002 3673 3584 3776">
    <p class='ocr_par' dir='ltr' id='par_1_80' title="bbox 2002 3673 3584 3776">
     <span class='ocr_line' id='line_1_87' title="bbox 2002 3673 3584 3776; baseline -0.03 -4"><span class='ocrx_word' id='word_1_536' title='bbox 2002 3721 2259 3775; x_wconf 86' lang='lat' dir='ltr'><strong>liaturus,</strong></span> <span class='ocrx_word' id='word_1_537' title='bbox 2327 3713 2590 3776; x_wconf 88' lang='lat' dir='ltr'><strong>languore</strong></span> <span class='ocrx_word' id='word_1_538' title='bbox 2641 3701 2950 3768; x_wconf 57' lang='lat' dir='ltr'><strong>praeventus</strong></span> <span class='ocrx_word' id='word_1_539' title='bbox 3013 3690 3065 3741; x_wconf 86' lang='lat' dir='ltr'><strong>in</strong></span> <span class='ocrx_word' id='word_1_540' title='bbox 3125 3697 3260 3753; x_wconf 88' lang='lat' dir='ltr'><strong>pace</strong></span> <span class='ocrx_word' id='word_1_541' title='bbox 3301 3673 3584 3733; x_wconf 78' lang='lat' dir='ltr'><strong>dormivit‘</strong></span> 
     </span>
    </p>
   </div>
   <div class='ocr_carea' id='block_1_81' title="bbox 2004 3767 3588 3872">
    <p class='ocr_par' dir='ltr' id='par_1_81' title="bbox 2004 3767 3588 3872">
     <span class='ocr_line' id='line_1_88' title="bbox 2004 3767 3588 3872; baseline -0.031 -7"><span class='ocrx_word' id='word_1_542' title='bbox 2004 3809 2185 3872; x_wconf 89' lang='lat' dir='ltr'><strong>Tunc,</strong></span> <span class='ocrx_word' id='word_1_543' title='bbox 2227 3809 2288 3857; x_wconf 92' lang='lat' dir='ltr'><strong>ut</strong></span> <span class='ocrx_word' id='word_1_544' title='bbox 2339 3797 2560 3869; x_wconf 87' lang='lat' dir='ltr'><strong>quidam</strong></span> <span class='ocrx_word' id='word_1_545' title='bbox 2615 3803 2806 3845; x_wconf 88' lang='lat' dir='ltr'><strong>eorum</strong></span> <span class='ocrx_word' id='word_1_546' title='bbox 2843 3783 2935 3853; x_wconf 91' lang='lat' dir='ltr'><strong>qui</strong></span> <span class='ocrx_word' id='word_1_547' title='bbox 2992 3793 3115 3833; x_wconf 88' lang='lat' dir='ltr'><strong>cum</strong></span> <span class='ocrx_word' id='word_1_548' title='bbox 3151 3773 3281 3828; x_wconf 84' lang='lat' dir='ltr'><strong>Ario</strong></span> <span class='ocrx_word' id='word_1_549' title='bbox 3345 3767 3588 3823; x_wconf 81' lang='lat' dir='ltr'><strong>sentiunt</strong></span> 
     </span>
    </p>
   </div>
   <div class='ocr_carea' id='block_1_82' title="bbox 2007 3857 3585 3963">
    <p class='ocr_par' dir='ltr' id='par_1_82' title="bbox 2007 3857 3585 3963">
     <span class='ocr_line' id='line_1_89' title="bbox 2007 3857 3585 3963; baseline -0.032 -6"><span class='ocrx_word' id='word_1_550' title='bbox 2007 3903 2186 3963; x_wconf 91' lang='lat' dir='ltr'><strong>aiunt,</strong></span> <span class='ocrx_word' id='word_1_551' title='bbox 2225 3895 2291 3949; x_wconf 88' lang='lat' dir='ltr'><strong>ab</strong></span> <span class='ocrx_word' id='word_1_552' title='bbox 2327 3887 2566 3945; x_wconf 87' lang='lat' dir='ltr'><strong>Eusebio</strong></span> <span class='ocrx_word' id='word_1_553' title='bbox 2605 3872 3010 3938; x_wconf 80' lang='lat' dir='ltr'><strong>Nicomediensi</strong></span> <span class='ocrx_word' id='word_1_554' title='bbox 3048 3857 3585 3927; x_wconf 88' lang='lat' dir='ltr'><strong>Constantinopolim</strong></span> 
     </span>
    </p>
   </div>
   <div class='ocr_carea' id='block_1_83' title="bbox 2009 3955 3587 4050">
    <p class='ocr_par' dir='ltr' id='par_1_83' title="bbox 2009 3955 3587 4050">
     <span class='ocr_line' id='line_1_90' title="bbox 2009 3955 3587 4050; baseline -0.03 0"><span class='ocrx_word' id='word_1_555' title='bbox 2009 3993 2276 4050; x_wconf 83' lang='lat' dir='ltr'><strong>translato</strong></span> <span class='ocrx_word' id='word_1_556' title='bbox 2341 3989 2594 4037; x_wconf 89' lang='lat' dir='ltr'><strong>sanctum</strong></span> <span class='ocrx_word' id='word_1_557' title='bbox 2659 3970 2858 4027; x_wconf 85' lang='lat' dir='ltr'><strong>meruit</strong></span> <span class='ocrx_word' id='word_1_558' title='bbox 2911 3965 3179 4034; x_wconf 86' lang='lat' dir='ltr'><strong>baptisma</strong></span> <span class='ocrx_word' id='word_1_559' title='bbox 3247 3955 3587 4028; x_wconf 85' lang='lat' dir='ltr'><strong>percipere;</strong></span> 
     </span>
    </p>
   </div>
   <div class='ocr_carea' id='block_1_84' title="bbox 2011 4055 3590 4156">
    <p class='ocr_par' dir='ltr' id='par_1_84' title="bbox 2011 4055 3590 4156">
     <span class='ocr_line' id='line_1_91' title="bbox 2011 4055 3590 4156; baseline -0.028 -17"><span class='ocrx_word' id='word_1_560' title='bbox 2011 4085 2155 4156; x_wconf 89' lang='lat' dir='ltr'><strong>quod</strong></span> <span class='ocrx_word' id='word_1_561' title='bbox 2200 4074 2544 4133; x_wconf 83' lang='lat' dir='ltr'><strong>mendacium</strong></span> <span class='ocrx_word' id='word_1_562' title='bbox 2581 4073 2686 4129; x_wconf 87' lang='lat' dir='ltr'><strong>est,</strong></span> <span class='ocrx_word' id='word_1_563' title='bbox 2723 4062 2868 4117; x_wconf 88' lang='lat' dir='ltr'><strong>sicut</strong></span> <span class='ocrx_word' id='word_1_564' title='bbox 2909 4055 3164 4124; x_wconf 88' lang='lat' dir='ltr'><strong>superius</strong></span> <span class='ocrx_word' id='word_1_565' title='bbox 3204 4059 3287 4104; x_wconf 85' lang='lat' dir='ltr'><strong>est</strong></span> <span class='ocrx_word' id='word_1_566' title='bbox 3333 4057 3590 4113; x_wconf 88' lang='lat' dir='ltr'><strong>compro-</strong></span> 
     </span>
    </p>
   </div>
   <div class='ocr_carea' id='block_1_85' title="bbox 2013 4140 3590 4232">
    <p class='ocr_par' dir='ltr' id='par_1_85' title="bbox 2013 4140 3590 4232">
     <span class='ocr_line' id='line_1_92' title="bbox 2013 4140 3590 4232; baseline -0.03 1"><span class='ocrx_word' id='word_1_567' title='bbox 2013 4140 2242 4232; x_wconf 72' lang='lat' dir='ltr'><strong>batum:</strong></span> <span class='ocrx_word' id='word_1_568' title='bbox 2282 4167 2467 4220; x_wconf 75' lang='lat' dir='ltr'><strong>Romae</strong></span> <span class='ocrx_word' id='word_1_569' title='bbox 2501 4161 2699 4230; x_wconf 87' lang='lat' dir='ltr'><strong>quippe</strong></span> <span class='ocrx_word' id='word_1_570' title='bbox 2731 4169 2758 4207; x_wconf 91' lang='lat' dir='ltr'><strong>a</strong></span> <span class='ocrx_word' id='word_1_571' title='bbox 2819 4149 3088 4204; x_wconf 86' lang='lat' dir='ltr'><strong>Silvestro</strong></span> <span class='ocrx_word' id='word_1_572' title='bbox 3132 4140 3441 4210; x_wconf 81' lang='lat' dir='ltr'><strong>baptizatus</strong></span> <span class='ocrx_word' id='word_1_573' title='bbox 3487 4143 3590 4196; x_wconf 88' lang='lat' dir='ltr'><strong>est,</strong></span> 
     </span>
    </p>
   </div>
   <div class='ocr_carea' id='block_1_86' title="bbox 2016 4233 3597 4340">
    <p class='ocr_par' dir='ltr' id='par_1_86' title="bbox 2016 4233 3597 4340">
     <span class='ocr_line' id='line_1_93' title="bbox 2016 4233 3597 4340; baseline -0.03 -18"><span class='ocrx_word' id='word_1_574' title='bbox 2016 4257 2480 4340; x_wconf 87' lang='lat' dir='ltr'><strong>quemadmodum</strong></span> <span class='ocrx_word' id='word_1_575' title='bbox 2507 4262 2561 4308; x_wconf 90' lang='lat' dir='ltr'><strong>et</strong></span> <span class='ocrx_word' id='word_1_576' title='bbox 2600 4241 3077 4321; x_wconf 70' lang='lat' dir='ltr'><strong>prmostendimus.</strong></span> <span class='ocrx_word' id='word_1_577' title='bbox 3107 4233 3255 4287; x_wconf 80' lang='lat' dir='ltr'><strong>Vixit</strong></span> <span class='ocrx_word' id='word_1_578' title='bbox 3293 4236 3472 4284; x_wconf 88' lang='lat' dir='ltr'><strong>autem</strong></span> <span class='ocrx_word' id='word_1_579' title='bbox 3503 4238 3597 4294; x_wconf 88' lang='lat' dir='ltr'><strong>per</strong></span> 
     </span>
    </p>
   </div>
   <div class='ocr_carea' id='block_1_87' title="bbox 2018 4317 3594 4416">
    <p class='ocr_par' dir='ltr' id='par_1_87' title="bbox 2018 4317 3594 4416">
     <span class='ocr_line' id='line_1_94' title="bbox 2019 4317 2617 4340; baseline -0.032 0"><span class='ocrx_word' id='word_1_580' title='bbox 2019 4317 2158 4340; x_wconf 66' lang='grc' dir='ltr'><strong>Ί’“““</strong></span> <span class='ocrx_word' id='word_1_581' title='bbox 2602 4317 2617 4321; x_wconf 80' lang='grc'><strong>-</strong></span> 
     </span>
     <span class='ocr_line' id='line_1_95' title="bbox 2018 4317 3594 4416; baseline -0.032 1"><span class='ocrx_word' id='word_1_582' title='bbox 2018 4373 2210 4416; x_wconf 89' lang='lat' dir='ltr'><strong>omnes</strong></span> <span class='ocrx_word' id='word_1_583' title='bbox 2257 4351 2375 4407; x_wconf 88' lang='lat' dir='ltr'><strong>dies</strong></span> <span class='ocrx_word' id='word_1_584' title='bbox 2430 4347 2555 4400; x_wconf 82' lang='lat' dir='ltr'><strong>vitae</strong></span> <span class='ocrx_word' id='word_1_585' title='bbox 2616 4355 2728 4395; x_wconf 65' lang='lat' dir='ltr'><strong>sua:</strong></span> <span class='ocrx_word' id='word_1_586' title='bbox 2765 4335 2926 4390; x_wconf 90' lang='lat' dir='ltr'><strong>annis</strong></span> <span class='ocrx_word' id='word_1_587' title='bbox 2991 4325 3273 4396; x_wconf 78' lang='lat' dir='ltr'><strong>sexaginta</strong></span> <span class='ocrx_word' id='word_1_588' title='bbox 3332 4317 3594 4388; x_wconf 87' lang='lat' dir='ltr'><strong>quinque,</strong></span> 
     </span>
    </p>
   </div>
   <div class='ocr_carea' id='block_1_88' title="bbox 411 4409 3598 4546">
    <p class='ocr_par' dir='ltr' id='par_1_88' title="bbox 411 4409 3598 4546">
     <span class='ocr_line' id='line_1_96' title="bbox 411 4409 2198 4471; baseline -0.025 -16"><span class='ocrx_word' id='word_1_589' title='bbox 411 4417 474 4471; x_wconf 81' lang='lat' dir='ltr'><strong>pa</strong></span> <span class='ocrx_word' id='word_1_590' title='bbox 505 4409 780 4451; x_wconf 66' lang='lat' dir='ltr'><strong>Romanus</strong></span> <span class='ocrx_word' id='word_1_591' title='bbox 803 4409 1150 4460; x_wconf 78' lang='lat' dir='ltr'><strong>agnoscuur.</strong></span> <span class='ocrx_word' id='word_1_592' title='bbox 2023 4409 2198 4416; x_wconf 31' lang='grc' dir='ltr'><strong>---κη-ν</strong></span> 
     </span>
     <span class='ocr_line' id='line_1_97' title="bbox 411 4409 3598 4546; baseline -0.027 0"><span class='ocrx_word' id='word_1_593' title='bbox 411 4491 590 4546; x_wconf 80' lang='lat' dir='ltr'><strong>Mundi</strong></span> <span class='ocrx_word' id='word_1_594' title='bbox 655 4501 800 4540; x_wconf 90' lang='lat' dir='ltr'><strong>anno</strong></span> <span class='ocrx_word' id='word_1_595' title='bbox 853 4481 1015 4544; x_wconf 63' lang='lat'><strong>5823,</strong></span> <span class='ocrx_word' id='word_1_596' title='bbox 1065 4476 1262 4530; x_wconf 66' lang='lat' dir='ltr'><strong>divina:</strong></span> <span class='ocrx_word' id='word_1_597' title='bbox 1327 4463 1722 4524; x_wconf 86' lang='lat' dir='ltr'><strong>incarnationis</strong></span> <span class='ocrx_word' id='word_1_598' title='bbox 1775 4457 2146 4516; x_wconf 89' lang='lat' dir='ltr'><strong>annoDcum</strong></span> <span class='ocrx_word' id='word_1_599' title='bbox 2203 4447 2528 4514; x_wconf 87' lang='lat' dir='ltr'><strong>imperasset</strong></span> <span class='ocrx_word' id='word_1_600' title='bbox 2579 4433 2740 4489; x_wconf 90' lang='lat' dir='ltr'><strong>annis</strong></span> <span class='ocrx_word' id='word_1_601' title='bbox 2791 4426 3014 4498; x_wconf 82' lang='lat' dir='ltr'><strong>triginta</strong></span> <span class='ocrx_word' id='word_1_602' title='bbox 3073 4433 3182 4475; x_wconf 91' lang='lat' dir='ltr'><strong>uno</strong></span> <span class='ocrx_word' id='word_1_603' title='bbox 3230 4424 3284 4470; x_wconf 88' lang='lat' dir='ltr'><strong>et</strong></span> <span class='ocrx_word' id='word_1_604' title='bbox 3319 4409 3598 4467; x_wconf 88' lang='lat' dir='ltr'><strong>mensibus</strong></span> 
     </span>
    </p>
   </div>
   <div class='ocr_carea' id='block_1_89' title="bbox 337 4549 1922 4646">
    <p class='ocr_par' dir='ltr' id='par_1_89' title="bbox 337 4549 1922 4646">
     <span class='ocr_line' id='line_1_98' title="bbox 337 4549 1922 4646; baseline -0.027 -2"><span class='ocrx_word' id='word_1_605' title='bbox 337 4588 465 4646; x_wconf 71' lang='lat'><strong>523.</strong></span> <span class='ocrx_word' id='word_1_606' title='bbox 507 4586 562 4639; x_wconf 93' lang='lat' dir='ltr'><strong>in</strong></span> <span class='ocrx_word' id='word_1_607' title='bbox 597 4581 823 4636; x_wconf 86' lang='lat' dir='ltr'><strong>Oriente</strong></span> <span class='ocrx_word' id='word_1_608' title='bbox 855 4574 1025 4628; x_wconf 82' lang='lat' dir='ltr'><strong>fames</strong></span> <span class='ocrx_word' id='word_1_609' title='bbox 1057 4569 1198 4623; x_wconf 86' lang='lat' dir='ltr'><strong>facta</strong></span> <span class='ocrx_word' id='word_1_610' title='bbox 1233 4573 1334 4627; x_wconf 87' lang='lat' dir='ltr'><strong>est,</strong></span> <span class='ocrx_word' id='word_1_611' title='bbox 1365 4562 1435 4615; x_wconf 85' lang='lat' dir='ltr'><strong>ita</strong></span> <span class='ocrx_word' id='word_1_612' title='bbox 1471 4569 1530 4612; x_wconf 94' lang='lat' dir='ltr'><strong>ut</strong></span> <span class='ocrx_word' id='word_1_613' title='bbox 1564 4553 1783 4610; x_wconf 90' lang='lat' dir='ltr'><strong>modius</strong></span> <span class='ocrx_word' id='word_1_614' title='bbox 1809 4549 1922 4603; x_wconf 82' lang='lat' dir='ltr'><strong>l&#39;rn-</strong></span> 
     </span>
    </p>
   </div>
   <div class='ocr_carea' id='block_1_90' title="bbox 339 4630 2290 4736">
    <p class='ocr_par' dir='ltr' id='par_1_90' title="bbox 339 4630 2290 4736">
     <span class='ocr_line' id='line_1_99' title="bbox 339 4630 2290 4736; baseline -0.025 -2"><span class='ocrx_word' id='word_1_615' title='bbox 339 4677 504 4734; x_wconf 84' lang='lat' dir='ltr'><strong>ineuti</strong></span> <span class='ocrx_word' id='word_1_616' title='bbox 537 4674 643 4729; x_wconf 71' lang='grc'><strong>400</strong></span> <span class='ocrx_word' id='word_1_617' title='bbox 690 4671 844 4724; x_wconf 88' lang='lat' dir='ltr'><strong>ﬁeret</strong></span> <span class='ocrx_word' id='word_1_618' title='bbox 872 4670 1279 4736; x_wconf 87' lang='lat' dir='ltr'><strong>argenteorum,</strong></span> <span class='ocrx_word' id='word_1_619' title='bbox 1313 4655 1618 4721; x_wconf 88' lang='lat' dir='ltr'><strong>imperante</strong></span> <span class='ocrx_word' id='word_1_620' title='bbox 1649 4645 1920 4700; x_wconf 77' lang='lat' dir='ltr'><strong>Constan-</strong></span> <span class='ocrx_word' id='word_1_621' title='bbox 1981 4638 2030 4672; x_wconf 67' lang='grc' dir='ltr'><strong><em>ο</em></strong></span> <span class='ocrx_word' id='word_1_622' title='bbox 2095 4630 2290 4690; x_wconf 86' lang='lat' dir='ltr'><strong>Mundi</strong></span> 
     </span>
    </p>
   </div>
   <div class='ocr_carea' id='block_1_91' title="bbox 339 4740 1925 4832">
    <p class='ocr_par' dir='ltr' id='par_1_91' title="bbox 339 4740 1925 4832">
     <span class='ocr_line' id='line_1_100' title="bbox 339 4740 1925 4832; baseline -0.024 -8"><span class='ocrx_word' id='word_1_623' title='bbox 339 4771 457 4826; x_wconf 93' lang='lat' dir='ltr'><strong>tino</strong></span> <span class='ocrx_word' id='word_1_624' title='bbox 490 4781 636 4822; x_wconf 89' lang='lat' dir='ltr'><strong>anno</strong></span> <span class='ocrx_word' id='word_1_625' title='bbox 667 4759 936 4832; x_wconf 86' lang='lat' dir='ltr'><strong>vigesimo</strong></span> <span class='ocrx_word' id='word_1_626' title='bbox 981 4762 1208 4812; x_wconf 87' lang='lat' dir='ltr'><strong>octavo;</strong></span> <span class='ocrx_word' id='word_1_627' title='bbox 1253 4746 1414 4814; x_wconf 91' lang='lat' dir='ltr'><strong>cujus</strong></span> <span class='ocrx_word' id='word_1_628' title='bbox 1464 4740 1730 4812; x_wconf 73' lang='lat' dir='ltr'><strong>vigesimo</strong></span> <span class='ocrx_word' id='word_1_629' title='bbox 1776 4745 1925 4791; x_wconf 90' lang='lat' dir='ltr'><strong>nono</strong></span> 
     </span>
    </p>
   </div>
   <div class='ocr_carea' id='block_1_92' title="bbox 339 4830 1924 4933">
    <p class='ocr_par' dir='ltr' id='par_1_92' title="bbox 339 4830 1924 4933">
     <span class='ocr_line' id='line_1_101' title="bbox 339 4830 1924 4933; baseline -0.025 -13"><span class='ocrx_word' id='word_1_630' title='bbox 339 4860 559 4933; x_wconf 87' lang='lat' dir='ltr'><strong>imperii</strong></span> <span class='ocrx_word' id='word_1_631' title='bbox 596 4830 750 4912; x_wconf 72' lang='lat' dir='ltr'><strong>anno</strong></span> <span class='ocrx_word' id='word_1_632' title='bbox 771 4852 938 4907; x_wconf 81' lang='lat' dir='ltr'><strong>Arius</strong></span> <span class='ocrx_word' id='word_1_633' title='bbox 966 4848 1034 4902; x_wconf 81' lang='lat' dir='ltr'><strong>ab</strong></span> <span class='ocrx_word' id='word_1_634' title='bbox 1077 4841 1271 4899; x_wconf 82' lang='lat' dir='ltr'><strong>exsilio</strong></span> <span class='ocrx_word' id='word_1_635' title='bbox 1303 4854 1396 4908; x_wconf 90' lang='lat' dir='ltr'><strong>per</strong></span> <span class='ocrx_word' id='word_1_636' title='bbox 1423 4836 1604 4892; x_wconf 85' lang='lat' dir='ltr'><strong>ﬁctam</strong></span> <span class='ocrx_word' id='word_1_637' title='bbox 1648 4830 1924 4904; x_wconf 55' lang='lat' dir='ltr'><strong>paeniten-</strong></span> 
     </span>
    </p>
   </div>
   <div class='ocr_carea' id='block_1_93' title="bbox 340 4930 1920 5012">
    <p class='ocr_par' dir='ltr' id='par_1_93' title="bbox 340 4930 1920 5012">
     <span class='ocr_line' id='line_1_102' title="bbox 340 4930 1920 5012; baseline -0.024 -1"><span class='ocrx_word' id='word_1_638' title='bbox 340 4957 474 5012; x_wconf 87' lang='lat' dir='ltr'><strong>tiam</strong></span> <span class='ocrx_word' id='word_1_639' title='bbox 512 4957 802 5008; x_wconf 88' lang='lat' dir='ltr'><strong>revocatus</strong></span> <span class='ocrx_word' id='word_1_640' title='bbox 835 4951 890 4999; x_wconf 89' lang='lat' dir='ltr'><strong>et</strong></span> <span class='ocrx_word' id='word_1_641' title='bbox 923 4934 1308 4995; x_wconf 66' lang='lat' dir='ltr'><strong>Alexandriam</strong></span> <span class='ocrx_word' id='word_1_642' title='bbox 1335 4931 1541 4985; x_wconf 91' lang='lat' dir='ltr'><strong>missus</strong></span> <span class='ocrx_word' id='word_1_643' title='bbox 1568 4940 1674 4978; x_wconf 91' lang='lat' dir='ltr'><strong>non</strong></span> <span class='ocrx_word' id='word_1_644' title='bbox 1712 4930 1794 4978; x_wconf 84' lang='lat' dir='ltr'><strong>est</strong></span> <span class='ocrx_word' id='word_1_645' title='bbox 1833 4936 1920 4975; x_wconf 84' lang='lat' dir='ltr'><strong>re-</strong></span> 
     </span>
    </p>
   </div>
   <div class='ocr_carea' id='block_1_94' title="bbox 339 5034 985 5117">
    <p class='ocr_par' dir='ltr' id='par_1_94' title="bbox 339 5034 985 5117">
     <span class='ocr_line' id='line_1_103' title="bbox 339 5034 985 5117; baseline -0.028 -14"><span class='ocrx_word' id='word_1_646' title='bbox 339 5053 537 5117; x_wconf 81' lang='lat' dir='ltr'><strong>ceptus</strong></span> <span class='ocrx_word' id='word_1_647' title='bbox 571 5043 642 5098; x_wconf 86' lang='lat' dir='ltr'><strong>ab</strong></span> <span class='ocrx_word' id='word_1_648' title='bbox 663 5034 985 5094; x_wconf 83' lang='lat' dir='ltr'><strong>Athanasio.</strong></span> 
     </span>
    </p>
   </div>
   <div class='ocr_carea' id='block_1_95' title="bbox 413 5103 1926 5194">
    <p class='ocr_par' dir='ltr' id='par_1_95' title="bbox 413 5103 1926 5194">
     <span class='ocr_line' id='line_1_104' title="bbox 413 5103 1926 5194; baseline -0.027 0"><span class='ocrx_word' id='word_1_649' title='bbox 413 5136 723 5193; x_wconf 82' lang='lat' dir='ltr'><strong>&#39;l‘ricesimo</strong></span> <span class='ocrx_word' id='word_1_650' title='bbox 752 5143 899 5185; x_wconf 89' lang='lat' dir='ltr'><strong>anno</strong></span> <span class='ocrx_word' id='word_1_651' title='bbox 938 5120 1153 5194; x_wconf 86' lang='lat' dir='ltr'><strong>imperii</strong></span> <span class='ocrx_word' id='word_1_652' title='bbox 1177 5110 1526 5172; x_wconf 86' lang='lat' dir='ltr'><strong>Constantini</strong></span> <span class='ocrx_word' id='word_1_653' title='bbox 1573 5107 1694 5178; x_wconf 84' lang='lat' dir='ltr'><strong>ejus</strong></span> <span class='ocrx_word' id='word_1_654' title='bbox 1721 5103 1926 5157; x_wconf 84' lang='lat' dir='ltr'><strong>tricen-</strong></span> 
     </span>
    </p>
   </div>
   <div class='ocr_carea' id='block_1_96' title="bbox 343 5199 1927 5290">
    <p class='ocr_par' dir='ltr' id='par_1_96' title="bbox 343 5199 1927 5290">
     <span class='ocr_line' id='line_1_105' title="bbox 343 5199 1927 5290; baseline -0.029 0"><span class='ocrx_word' id='word_1_655' title='bbox 343 5233 491 5290; x_wconf 82' lang='lat' dir='ltr'><strong>nalia</strong></span> <span class='ocrx_word' id='word_1_656' title='bbox 523 5229 799 5285; x_wconf 90' lang='lat' dir='ltr'><strong>celebrata</strong></span> <span class='ocrx_word' id='word_1_657' title='bbox 831 5227 981 5280; x_wconf 89' lang='lat' dir='ltr'><strong>sunt,</strong></span> <span class='ocrx_word' id='word_1_658' title='bbox 1008 5211 1227 5285; x_wconf 84' lang='lat' dir='ltr'><strong>quando</strong></span> <span class='ocrx_word' id='word_1_659' title='bbox 1273 5207 1428 5265; x_wconf 91' lang='lat' dir='ltr'><strong>stella</strong></span> <span class='ocrx_word' id='word_1_660' title='bbox 1475 5204 1530 5257; x_wconf 89' lang='lat' dir='ltr'><strong>in</strong></span> <span class='ocrx_word' id='word_1_661' title='bbox 1583 5199 1723 5255; x_wconf 67' lang='lat' dir='ltr'><strong>caelo</strong></span> <span class='ocrx_word' id='word_1_662' title='bbox 1761 5209 1927 5264; x_wconf 90' lang='lat' dir='ltr'><strong>appa-</strong></span> 
     </span>
    </p>
   </div>
   <div class='ocr_carea' id='block_1_97' title="bbox 346 5288 1924 5393">
    <p class='ocr_par' dir='ltr' id='par_1_97' title="bbox 346 5288 1924 5393">
     <span class='ocr_line' id='line_1_106' title="bbox 346 5288 1924 5393; baseline -0.028 -11"><span class='ocrx_word' id='word_1_663' title='bbox 346 5326 479 5389; x_wconf 85' lang='lat' dir='ltr'><strong>ruit,</strong></span> <span class='ocrx_word' id='word_1_664' title='bbox 509 5321 653 5393; x_wconf 87' lang='lat' dir='ltr'><strong>apud</strong></span> <span class='ocrx_word' id='word_1_665' title='bbox 709 5311 1053 5372; x_wconf 76' lang='lat' dir='ltr'><strong>Antiochiam</strong></span> <span class='ocrx_word' id='word_1_666' title='bbox 1099 5302 1337 5360; x_wconf 89' lang='lat' dir='ltr'><strong>interdiu</strong></span> <span class='ocrx_word' id='word_1_667' title='bbox 1370 5305 1564 5354; x_wconf 85' lang='lat' dir='ltr'><strong>contra</strong></span> <span class='ocrx_word' id='word_1_668' title='bbox 1607 5288 1924 5347; x_wconf 89' lang='lat' dir='ltr'><strong>orientalem</strong></span> 
     </span>
    </p>
   </div>
   <div class='ocr_carea' id='block_1_98' title="bbox 346 5383 1922 5492">
    <p class='ocr_par' dir='ltr' id='par_1_98' title="bbox 346 5383 1922 5492">
     <span class='ocr_line' id='line_1_107' title="bbox 346 5383 1922 5492; baseline -0.028 -17"><span class='ocrx_word' id='word_1_669' title='bbox 346 5428 557 5492; x_wconf 83' lang='lat' dir='ltr'><strong>partem</strong></span> <span class='ocrx_word' id='word_1_670' title='bbox 592 5412 864 5480; x_wconf 79' lang='lat' dir='ltr'><strong>fumigans</strong></span> <span class='ocrx_word' id='word_1_671' title='bbox 890 5405 1262 5462; x_wconf 84' lang='lat' dir='ltr'><strong>vehementer,</strong></span> <span class='ocrx_word' id='word_1_672' title='bbox 1299 5403 1558 5462; x_wconf 86' lang='lat' dir='ltr'><strong>tanquam</strong></span> <span class='ocrx_word' id='word_1_673' title='bbox 1587 5402 1650 5440; x_wconf 76' lang='lat' dir='ltr'><strong>ex</strong></span> <span class='ocrx_word' id='word_1_674' title='bbox 1683 5383 1922 5444; x_wconf 87' lang='lat' dir='ltr'><strong>camino,</strong></span> 
     </span>
    </p>
   </div>
   <div class='ocr_carea' id='block_1_99' title="bbox 2346 4597 3602 4682">
    <p class='ocr_par' dir='ltr' id='par_1_99' title="bbox 2346 4597 3602 4682">
     <span class='ocr_line' id='line_1_108' title="bbox 2346 4597 3602 4682; baseline -0.031 1"><span class='ocrx_word' id='word_1_675' title='bbox 2346 4640 2491 4682; x_wconf 89' lang='lat' dir='ltr'><strong>anno</strong></span> <span class='ocrx_word' id='word_1_676' title='bbox 2540 4615 2706 4681; x_wconf 70' lang='lat'><strong>5825,</strong></span> <span class='ocrx_word' id='word_1_677' title='bbox 2761 4611 2959 4668; x_wconf 77' lang='lat' dir='ltr'><strong>divina:</strong></span> <span class='ocrx_word' id='word_1_678' title='bbox 3014 4597 3410 4659; x_wconf 89' lang='lat' dir='ltr'><strong>incarnationis</strong></span> <span class='ocrx_word' id='word_1_679' title='bbox 3459 4606 3602 4647; x_wconf 87' lang='lat' dir='ltr'><strong>anno</strong></span> 
     </span>
    </p>
   </div>
   <div class='ocr_carea' id='block_1_100' title="bbox 2026 4684 3606 4788">
    <p class='ocr_par' dir='ltr' id='par_1_100' title="bbox 2026 4684 3606 4788">
     <span class='ocr_line' id='line_1_109' title="bbox 2026 4684 3606 4788; baseline -0.032 -2"><span class='ocrx_word' id='word_1_680' title='bbox 2026 4727 2151 4788; x_wconf 68' lang='lat'><strong>525,</strong></span> <span class='ocrx_word' id='word_1_681' title='bbox 2183 4739 2308 4780; x_wconf 90' lang='lat' dir='ltr'><strong>cum</strong></span> <span class='ocrx_word' id='word_1_682' title='bbox 2344 4710 2742 4776; x_wconf 87' lang='lat' dir='ltr'><strong>Constantinus</strong></span> <span class='ocrx_word' id='word_1_683' title='bbox 2772 4713 3000 4772; x_wconf 83' lang='lat' dir='ltr'><strong>magnus</strong></span> <span class='ocrx_word' id='word_1_684' title='bbox 3031 4703 3086 4750; x_wconf 91' lang='lat' dir='ltr'><strong>et</strong></span> <span class='ocrx_word' id='word_1_685' title='bbox 3113 4702 3338 4749; x_wconf 86' lang='lat' dir='ltr'><strong>sanctus</strong></span> <span class='ocrx_word' id='word_1_686' title='bbox 3370 4684 3606 4756; x_wconf 79' lang='lat' dir='ltr'><strong>quievis-</strong></span> 
     </span>
    </p>
   </div>
   <div class='ocr_carea' id='block_1_101' title="bbox 2027 4777 3604 4881">
    <p class='ocr_par' dir='ltr' id='par_1_101' title="bbox 2027 4777 3604 4881">
     <span class='ocr_line' id='line_1_110' title="bbox 2027 4777 3604 4881; baseline -0.03 -6"><span class='ocrx_word' id='word_1_687' title='bbox 2027 4829 2131 4881; x_wconf 87' lang='lat' dir='ltr'><strong>set,</strong></span> <span class='ocrx_word' id='word_1_688' title='bbox 2168 4826 2280 4870; x_wconf 89' lang='lat' dir='ltr'><strong>tres</strong></span> <span class='ocrx_word' id='word_1_689' title='bbox 2307 4807 2402 4865; x_wconf 89' lang='lat' dir='ltr'><strong>ﬁlii</strong></span> <span class='ocrx_word' id='word_1_690' title='bbox 2442 4805 2562 4875; x_wconf 82' lang='lat' dir='ltr'><strong>ejus</strong></span> <span class='ocrx_word' id='word_1_691' title='bbox 2595 4798 2883 4854; x_wconf 85' lang='lat' dir='ltr'><strong>obtinuere</strong></span> <span class='ocrx_word' id='word_1_692' title='bbox 2916 4787 3215 4844; x_wconf 80' lang='lat' dir='ltr'><strong>Romanos,</strong></span> <span class='ocrx_word' id='word_1_693' title='bbox 3247 4789 3299 4835; x_wconf 92' lang='lat' dir='ltr'><strong>et</strong></span> <span class='ocrx_word' id='word_1_694' title='bbox 3328 4777 3604 4834; x_wconf 85' lang='lat' dir='ltr'><strong>Orientem</strong></span> 
     </span>
    </p>
   </div>
   <div class='ocr_carea' id='block_1_102' title="bbox 2029 4862 3606 4982">
    <p class='ocr_par' dir='ltr' id='par_1_102' title="bbox 2029 4862 3606 4982">
     <span class='ocr_line' id='line_1_111' title="bbox 2029 4862 3606 4982; baseline -0.031 -16"><span class='ocrx_word' id='word_1_695' title='bbox 2029 4909 2247 4982; x_wconf 86' lang='lat' dir='ltr'><strong>quidem</strong></span> <span class='ocrx_word' id='word_1_696' title='bbox 2291 4862 2677 4958; x_wconf 70' lang='lat' dir='ltr'><strong>Constantius,</strong></span> <span class='ocrx_word' id='word_1_697' title='bbox 2706 4895 2759 4943; x_wconf 88' lang='lat' dir='ltr'><strong>et</strong></span> <span class='ocrx_word' id='word_1_698' title='bbox 2800 4878 3196 4940; x_wconf 87' lang='lat' dir='ltr'><strong>Constantinus</strong></span> <span class='ocrx_word' id='word_1_699' title='bbox 3238 4872 3470 4929; x_wconf 83' lang='lat' dir='ltr'><strong>Italiam.</strong></span> <span class='ocrx_word' id='word_1_700' title='bbox 3502 4862 3606 4919; x_wconf 89' lang='lat' dir='ltr'><strong>Sed</strong></span> 
     </span>
    </p>
   </div>
   <div class='ocr_carea' id='block_1_103' title="bbox 2029 4965 3609 5063">
    <p class='ocr_par' dir='ltr' id='par_1_103' title="bbox 2029 4965 3609 5063">
     <span class='ocr_line' id='line_1_112' title="bbox 2029 4965 3609 5063; baseline -0.034 -2"><span class='ocrx_word' id='word_1_701' title='bbox 2029 4965 2083 5063; x_wconf 68' lang='lat' dir='ltr'><strong>et</strong></span> <span class='ocrx_word' id='word_1_702' title='bbox 2118 4994 2519 5058; x_wconf 87' lang='lat' dir='ltr'><strong>Constantinus</strong></span> <span class='ocrx_word' id='word_1_703' title='bbox 2557 4983 2736 5056; x_wconf 90' lang='lat' dir='ltr'><strong>primo</strong></span> <span class='ocrx_word' id='word_1_704' title='bbox 2772 4975 2995 5048; x_wconf 89' lang='lat' dir='ltr'><strong>quidem</strong></span> <span class='ocrx_word' id='word_1_705' title='bbox 3026 4965 3319 5027; x_wconf 90' lang='lat' dir='ltr'><strong>homousio</strong></span> <span class='ocrx_word' id='word_1_706' title='bbox 3369 4967 3609 5028; x_wconf 88' lang='lat' dir='ltr'><strong>recepto,</strong></span> 
     </span>
    </p>
   </div>
   <div class='ocr_carea' id='block_1_104' title="bbox 2032 5051 3613 5168">
    <p class='ocr_par' dir='ltr' id='par_1_104' title="bbox 2032 5051 3613 5168">
     <span class='ocr_line' id='line_1_113' title="bbox 2032 5051 3613 5168; baseline -0.034 -15"><span class='ocrx_word' id='word_1_707' title='bbox 2032 5089 2378 5168; x_wconf 83' lang='lat' dir='ltr'><strong>postmodum</strong></span> <span class='ocrx_word' id='word_1_708' title='bbox 2440 5077 2639 5135; x_wconf 90' lang='lat' dir='ltr'><strong>mentis</strong></span> <span class='ocrx_word' id='word_1_709' title='bbox 2667 5071 2888 5128; x_wconf 90' lang='lat' dir='ltr'><strong>levitate</strong></span> <span class='ocrx_word' id='word_1_710' title='bbox 2936 5071 3180 5119; x_wconf 88' lang='lat' dir='ltr'><strong>mutatus</strong></span> <span class='ocrx_word' id='word_1_711' title='bbox 3209 5065 3313 5119; x_wconf 89' lang='lat' dir='ltr'><strong>est,</strong></span> <span class='ocrx_word' id='word_1_712' title='bbox 3356 5051 3613 5107; x_wconf 88' lang='lat' dir='ltr'><strong>seductus</strong></span> 
     </span>
     <span class='ocr_line' id='line_1_114' title="bbox 2926 5141 3611 5168; baseline -0.031 21"><span class='ocrx_word' id='word_1_713' title='bbox 2926 5152 2966 5168; x_wconf 74' lang='grc'><strong>·“</strong></span> <span class='ocrx_word' id='word_1_714' title='bbox 3073 5153 3087 5168; x_wconf 81' lang='grc'><strong>·</strong></span> <span class='ocrx_word' id='word_1_715' title='bbox 3112 5151 3154 5168; x_wconf 46' lang='grc' dir='ltr'><strong>’κ</strong></span> <span class='ocrx_word' id='word_1_716' title='bbox 3241 5141 3611 5168; x_wconf 53' lang='grc' dir='ltr'><strong>ι--λ--ιιιςΑ-..ηι</strong></span> 
     </span>
    </p>
   </div>
   <div class='ocr_carea' id='block_1_105' title="bbox 2033 5141 3613 5243">
    <p class='ocr_par' dir='ltr' id='par_1_105' title="bbox 2033 5141 3613 5243">
     <span class='ocr_line' id='line_1_115' title="bbox 2033 5141 2270 5168; baseline -0.046 -14"><span class='ocrx_word' id='word_1_717' title='bbox 2033 5141 2270 5168; x_wconf 31' lang='lat' dir='ltr'><strong>ww---”</strong></span> 
     </span>
     <span class='ocr_line' id='line_1_116' title="bbox 2033 5141 3613 5243; baseline -0.035 -1"><span class='ocrx_word' id='word_1_718' title='bbox 2033 5189 2101 5243; x_wconf 88' lang='lat' dir='ltr'><strong>ab</strong></span> <span class='ocrx_word' id='word_1_719' title='bbox 2160 5180 2364 5238; x_wconf 87' lang='lat' dir='ltr'><strong>Ariano</strong></span> <span class='ocrx_word' id='word_1_720' title='bbox 2434 5170 2761 5242; x_wconf 85' lang='lat' dir='ltr'><strong>presbytero</strong></span> <span class='ocrx_word' id='word_1_721' title='bbox 2814 5168 2869 5215; x_wconf 88' lang='lat' dir='ltr'><strong>et</strong></span> <span class='ocrx_word' id='word_1_722' title='bbox 2926 5151 3166 5210; x_wconf 83' lang='lat' dir='ltr'><strong>Eusebio</strong></span> <span class='ocrx_word' id='word_1_723' title='bbox 3234 5141 3613 5202; x_wconf 80' lang='lat' dir='ltr'><strong>cunuchorum</strong></span> 
     </span>
    </p>
   </div>
   <div class='ocr_carea' id='block_1_106' title="bbox 2035 5247 3122 5351">
    <p class='ocr_par' dir='ltr' id='par_1_106' title="bbox 2035 5247 3122 5351">
     <span class='ocr_line' id='line_1_117' title="bbox 2035 5247 3122 5351; baseline -0.032 -19"><span class='ocrx_word' id='word_1_724' title='bbox 2035 5279 2209 5351; x_wconf 86' lang='lat' dir='ltr'><strong>primo</strong></span> <span class='ocrx_word' id='word_1_725' title='bbox 2239 5279 2402 5338; x_wconf 87' lang='lat' dir='ltr'><strong>atque</strong></span> <span class='ocrx_word' id='word_1_726' title='bbox 2426 5253 2833 5318; x_wconf 87' lang='lat' dir='ltr'><strong>Nicomediensi</strong></span> <span class='ocrx_word' id='word_1_727' title='bbox 2865 5247 3122 5304; x_wconf 80' lang='lat' dir='ltr'><strong>Eusebio.</strong></span> 
     </span>
    </p>
   </div>
   <div class='ocr_carea' id='block_1_107' title="bbox 2104 5321 3618 5428">
    <p class='ocr_par' dir='ltr' id='par_1_107' title="bbox 2104 5321 3618 5428">
     <span class='ocr_line' id='line_1_118' title="bbox 2104 5321 3618 5428; baseline -0.036 -6"><span class='ocrx_word' id='word_1_728' title='bbox 2104 5364 2288 5422; x_wconf 86' lang='lat' dir='ltr'><strong>Tertio</strong></span> <span class='ocrx_word' id='word_1_729' title='bbox 2311 5321 2512 5428; x_wconf 50' lang='lat' dir='ltr'><strong>Iitaque</strong></span> <span class='ocrx_word' id='word_1_730' title='bbox 2547 5345 2760 5421; x_wconf 89' lang='lat' dir='ltr'><strong>imperii</strong></span> <span class='ocrx_word' id='word_1_731' title='bbox 2791 5337 3096 5399; x_wconf 90' lang='lat' dir='ltr'><strong>Constantii</strong></span> <span class='ocrx_word' id='word_1_732' title='bbox 3140 5343 3284 5386; x_wconf 88' lang='lat' dir='ltr'><strong>anno</strong></span> <span class='ocrx_word' id='word_1_733' title='bbox 3345 5321 3618 5380; x_wconf 76' lang='lat' dir='ltr'><strong>Constan-</strong></span> 
     </span>
    </p>
   </div>
   <div class='ocr_carea' id='block_1_108' title="bbox 1865 5482 2104 5547">
    <p class='ocr_par' dir='ltr' id='par_1_108' title="bbox 1865 5482 2104 5547">
     <span class='ocr_line' id='line_1_119' title="bbox 1865 5482 2104 5547; baseline -0.038 1"><span class='ocrx_word' id='word_1_734' title='bbox 1865 5482 2104 5547; x_wconf 70' lang='lat' dir='ltr'><strong>NOTA‘J.</strong></span> 
     </span>
    </p>
   </div>
   <div class='ocr_carea' id='block_1_109' title="bbox 422 5584 1935 5690">
    <p class='ocr_par' dir='ltr' id='par_1_109' title="bbox 422 5584 1935 5690">
     <span class='ocr_line' id='line_1_120' title="bbox 422 5584 1935 5690; baseline -0.023 -17"><span class='ocrx_word' id='word_1_735' title='bbox 422 5619 502 5690; x_wconf 77' lang='grc' dir='ltr'><strong>(Ἰ)</strong></span> <span class='ocrx_word' id='word_1_736' title='bbox 529 5603 1140 5690; x_wconf 60' lang='lat' dir='ltr'><strong>Consubstantiatitgtis.</strong></span> <span class='ocrx_word' id='word_1_737' title='bbox 1177 5597 1418 5690; x_wconf 46' lang='lat' dir='ltr'><strong>l-J&#39;l-Ilnll&#39;lrl‘</strong></span> <span class='ocrx_word' id='word_1_738' title='bbox 1465 5607 1530 5648; x_wconf 89' lang='lat' dir='ltr'><strong>ea</strong></span> <span class='ocrx_word' id='word_1_739' title='bbox 1561 5590 1801 5647; x_wconf 86' lang='lat' dir='ltr'><strong>dictione</strong></span> <span class='ocrx_word' id='word_1_740' title='bbox 1833 5584 1935 5640; x_wconf 81' lang='lat' dir='ltr'><strong>Fa—</strong></span> 
     </span>
    </p>
   </div>
   <div class='ocr_carea' id='block_1_110' title="bbox 351 5666 1524 5750">
    <p class='ocr_par' dir='ltr' id='par_1_110' title="bbox 351 5666 1524 5750">
     <span class='ocr_line' id='line_1_121' title="bbox 351 5666 1524 5750; baseline -0.028 -1"><span class='ocrx_word' id='word_1_741' title='bbox 351 5666 662 5749; x_wconf 63' lang='grc' dir='ltr'><strong>οιιῖιὶίυῖέῖ</strong></span> <span class='ocrx_word' id='word_1_742' title='bbox 679 5666 958 5750; x_wconf 75' lang='lat' dir='ltr'><strong>interpres</strong></span> <span class='ocrx_word' id='word_1_743' title='bbox 991 5671 1327 5750; x_wconf 61' lang='lat' dir='ltr'><strong>&#39;l‘ripartitzg.</strong></span> <span class='ocrx_word' id='word_1_744' title='bbox 1359 5666 1524 5748; x_wconf 51' lang='grc' dir='ltr'>Εθιιιι.</span> 
     </span>
    </p>
   </div>
   <div class='ocr_carea' id='block_1_111' title="bbox 429 5726 1930 5832">
    <p class='ocr_par' dir='ltr' id='par_1_111' title="bbox 429 5726 1930 5832">
     <span class='ocr_line' id='line_1_122' title="bbox 429 5726 1930 5832; baseline -0.026 -13"><span class='ocrx_word' id='word_1_745' title='bbox 429 5726 1166 5832; x_wconf 43' lang='lat' dir='ltr'><strong>(Euiehiéih&#39;fa.&quot;ﬁliplain</strong></span> <span class='ocrx_word' id='word_1_746' title='bbox 1211 5783 1224 5805; x_wconf 93' lang='lat'><strong>,</strong></span> <span class='ocrx_word' id='word_1_747' title='bbox 1277 5736 1637 5792; x_wconf 86' lang='lat' dir='ltr'><strong>Dominicum.</strong></span> <span class='ocrx_word' id='word_1_748' title='bbox 1704 5726 1930 5783; x_wconf 72' lang='lat' dir='ltr'><strong>Ruﬁnus</strong></span> 
     </span>
    </p>
   </div>
   <div class='ocr_carea' id='block_1_112' title="bbox 2041 5531 3620 5645">
    <p class='ocr_par' dir='ltr' id='par_1_112' title="bbox 2041 5531 3620 5645">
     <span class='ocr_line' id='line_1_123' title="bbox 2041 5531 3620 5645; baseline -0.032 -15"><span class='ocrx_word' id='word_1_749' title='bbox 2041 5531 2232 5645; x_wconf 46' lang='grc' dir='ltr'><strong>ιὶιιιιὶιἶ</strong></span> <span class='ocrx_word' id='word_1_750' title='bbox 2262 5569 2534 5645; x_wconf 75' lang='lat' dir='ltr'><strong>interpres</strong></span> <span class='ocrx_word' id='word_1_751' title='bbox 2573 5551 2864 5645; x_wconf 40' lang='lat' dir='ltr'><strong>i&#39;i‘ist..ec.cl.</strong></span> <span class='ocrx_word' id='word_1_752' title='bbox 2897 5543 3135 5645; x_wconf 59' lang='lat' dir='ltr'><strong>Eusebii3</strong></span> <span class='ocrx_word' id='word_1_753' title='bbox 3158 5541 3222 5645; x_wconf 80' lang='lat' dir='ltr'><strong>l9,</strong></span> <span class='ocrx_word' id='word_1_754' title='bbox 3245 5541 3278 5594; x_wconf 85' lang='lat'><strong>9</strong></span> <span class='ocrx_word' id='word_1_755' title='bbox 3311 5555 3324 5592; x_wconf 93' lang='lat'>:</span> <span class='ocrx_word' id='word_1_756' title='bbox 3354 5531 3620 5645; x_wconf 58' lang='lat' dir='ltr'><strong>«eratio-</strong></span> 
     </span>
     <span class='ocr_line' id='line_1_124' title="bbox 2639 5618 3620 5645; baseline -0.033 0"><span class='ocrx_word' id='word_1_757' title='bbox 2639 5637 2864 5645; x_wconf 36' lang='lat'><strong>_,--___-_</strong></span> <span class='ocrx_word' id='word_1_758' title='bbox 2895 5632 2987 5645; x_wconf 54' lang='grc' dir='ltr'><strong>ω,</strong></span> <span class='ocrx_word' id='word_1_759' title='bbox 3027 5634 3046 5645; x_wconf 62' lang='grc'><em>,</em></span> <span class='ocrx_word' id='word_1_760' title='bbox 3122 5631 3152 5645; x_wconf 60' lang='grc' dir='ltr'><em>η</em></span> <span class='ocrx_word' id='word_1_761' title='bbox 3179 5628 3207 5645; x_wconf 53' lang='grc' dir='ltr'><strong>Δ</strong></span> <span class='ocrx_word' id='word_1_762' title='bbox 3237 5623 3356 5645; x_wconf 61' lang='lat' dir='ltr'><strong>mm</strong></span> <span class='ocrx_word' id='word_1_763' title='bbox 3420 5618 3620 5645; x_wconf 67' lang='lat' dir='ltr'><strong>mmm</strong></span> 
     </span>
    </p>
   </div>
   <div class='ocr_carea' id='block_1_113' title="bbox 2044 5604 3622 5701">
    <p class='ocr_par' dir='ltr' id='par_1_113' title="bbox 2044 5604 3622 5701">
     <span class='ocr_line' id='line_1_125' title="bbox 2091 5604 2816 5628; baseline -0.03 0"><span class='ocrx_word' id='word_1_764' title='bbox 2091 5604 2104 5628; x_wconf 85' lang='grc' dir='ltr'><strong>ι</strong></span> <span class='ocrx_word' id='word_1_765' title='bbox 2131 5604 2226 5626; x_wconf 73' lang='lat' dir='ltr'><strong>“llo</strong></span> <span class='ocrx_word' id='word_1_766' title='bbox 2262 5604 2392 5624; x_wconf 68' lang='lat' dir='ltr'><strong>Illius</strong></span> <span class='ocrx_word' id='word_1_767' title='bbox 2448 5604 2534 5618; x_wconf 70' lang='grc' dir='ltr'>ινυ</span> <span class='ocrx_word' id='word_1_768' title='bbox 2573 5604 2712 5614; x_wconf 75' lang='grc'><strong>--.--.</strong></span> <span class='ocrx_word' id='word_1_769' title='bbox 2733 5604 2816 5609; x_wconf 55' lang='grc' dir='ltr'><strong>νν,</strong></span> 
     </span>
     <span class='ocr_line' id='line_1_126' title="bbox 2044 5604 3622 5701; baseline -0.03 1"><span class='ocrx_word' id='word_1_770' title='bbox 2044 5604 2170 5701; x_wconf 53' lang='lat' dir='ltr'><strong>iiu‘m</strong></span> <span class='ocrx_word' id='word_1_771' title='bbox 2202 5604 2476 5700; x_wconf 46' lang='lat' dir='ltr'><strong>domusri.</strong></span> <span class='ocrx_word' id='word_1_772' title='bbox 2501 5649 2552 5688; x_wconf 92' lang='lat' dir='ltr'><strong>e.</strong></span> <span class='ocrx_word' id='word_1_773' title='bbox 2583 5624 2867 5684; x_wconf 89' lang='lat' dir='ltr'><strong>Dominica</strong></span> <span class='ocrx_word' id='word_1_774' title='bbox 2895 5632 3047 5674; x_wconf 61' lang='lat' dir='ltr'><strong>sua.»</strong></span> <span class='ocrx_word' id='word_1_775' title='bbox 3073 5613 3207 5668; x_wconf 78' lang='lat' dir='ltr'><strong>Vide</strong></span> <span class='ocrx_word' id='word_1_776' title='bbox 3237 5623 3360 5701; x_wconf 45' lang='lat' dir='ltr'><strong>qua;</strong></span> <span class='ocrx_word' id='word_1_777' title='bbox 3380 5604 3622 5660; x_wconf 74' lang='lat' dir='ltr'><strong>diximus</strong></span> 
     </span>
    </p>
   </div>
   <div class='ocr_carea' id='block_1_114' title="bbox 2041 5679 3419 5772">
    <p class='ocr_par' dir='ltr' id='par_1_114' title="bbox 2041 5679 3419 5772">
     <span class='ocr_line' id='line_1_127' title="bbox 2041 5679 3419 5772; baseline -0.029 0"><span class='ocrx_word' id='word_1_778' title='bbox 2041 5679 2174 5772; x_wconf 58' lang='lat' dir='ltr'><strong>iiii</strong></span> <span class='ocrx_word' id='word_1_779' title='bbox 2586 5679 2656 5754; x_wconf 75' lang='lat' dir='ltr'><strong>de</strong></span> <span class='ocrx_word' id='word_1_780' title='bbox 2687 5708 2884 5767; x_wconf 86' lang='lat' dir='ltr'><strong>pagan.</strong></span> <span class='ocrx_word' id='word_1_781' title='bbox 2912 5703 3024 5744; x_wconf 80' lang='lat' dir='ltr'><strong>sae.</strong></span> <span class='ocrx_word' id='word_1_782' title='bbox 3051 5696 3104 5741; x_wconf 91' lang='lat' dir='ltr'><strong>et</strong></span> <span class='ocrx_word' id='word_1_783' title='bbox 3138 5693 3306 5752; x_wconf 83' lang='lat' dir='ltr'><strong>temp.</strong></span> <span class='ocrx_word' id='word_1_784' title='bbox 3344 5679 3419 5732; x_wconf 81' lang='lat' dir='ltr'><strong>in.</strong></span> 
     </span>
    </p>
   </div>
  </div>
