3906 6226
425 238 559 305 1215

1532 253 1927 315 ANASTASII
1978 253 2601 340 BIBLIOTHECAR'II

3549 254 3685 319 12m

419 369 570 413 tinus
606 357 751 414 ﬁlius
779 359 959 429 magni
998 360 1370 431 Constantini,
1400 368 1681 436 profectus
1707 370 1774 424 ad
1813 376 1997 440 partes
2024 371 2075 430 Α
2102 367 2367 435 inefficax,
2390 365 2837 424 Occidentalibus
2858 381 2964 420 non
2982 365 3378 435 recipientibus
3407 366 3689 424 molimina.

421 449 610 505 fratris
642 450 725 505 sui
757 448 1081 509 Constantis
1112 463 1167 509 et
1200 456 1400 511 bellant
1444 475 1763 530 aggressus,
1791 475 1821 515 a
1855 461 2000 517 mili-

424 540 569 594 tibus
612 541 830 597 occisus
858 553 961 608 est,
1013 555 1067 598 et
1123 550 1298 602 tenuit
1334 550 1610 608 Constans
1645 555 1797 608 solus
1832 556 1997 611 totius

425 628 693 700 Hesperia:
723 641 948 691 terrant.
989 637 1159 692 Porro
1193 640 1546 699 Constantius
1575 646 1628 699 in
1662 644 1883 702 Oriente
1906 664 1999 718 ge-

425 738 548 778 :ens
581 723 868 793 imperium
918 729 1128 783 Gallum
1182 743 1237 787 et
1291 733 1566 790 Julianum
1605 739 1832 793 tradidit
1864 756 1995 796 eru-

421 813 654 869 diendos
684 816 737 870 in
770 819 895 871 villa
930 819 1230 878 Demacclle
1264 835 1475 891 vocata,
1526 844 1645 896 quze
1676 829 1832 899 juxta
1873 831 1997 887 Cat-

421 919 632 961 saream
660 916 743 962 est
772 907 1129 979 Cappadot-ize
1158 915 1281 969 sita.
1311 915 1372 971 lli
1402 920 1509 973 duo
1540 919 1734 975 fratres
1764 922 1996 978 lectores

422 994 549 1049 facti
583 1009 733 1063 sunt,
767 1007 820 1051 et
845 1002 1133 1057 ecclesiam
1168 1006 1439 1062 aedificare
1464 1009 1521 1065 S.
1548 1011 1736 1068 Mamae
1769 1015 1993 1086 martyri

420 1096 776 1142 curaverunt.
811 1088 1012 1145 Verum
1047 1093 1099 1146 in
1131 1106 1282 1163 parte
1312 1113 1418 1167 qna
1453 1100 1731 1156 Iulianum
1756 1120 1991 1162 conser-

420 1193 550 1231 vare
586 1181 840 1251 contigit,
876 1191 1018 1238 terra
1048 1187 1192 1254 quod
1228 1188 1605 1247 mdilicabatur
1641 1196 1793 1251 nullo
1829 1200 1992 1253 modo

450 1270 740 1338 ecipiebat.
797 1272 971 1330 Porro
1026 1277 1273 1335 detonsis
1342 1284 1553 1353 capillis
1623 1290 1989 1345 monasticum

432 1362 659 1417 ~tudinm
691 1367 1008 1423 simulabat.
1030 1368 1391 1430 Constantius
1428 1385 1608 1430 autem
1636 1386 1690 1433 et
1722 1380 1992 1439 Constans

432 1469 568 1522 seges
597 1456 839 1523 edidere,
858 1459 1104 1515 Judaeum
1137 1477 1243 1517 non
1267 1480 1450 1521 emere
1480 1483 1721 1535 servum,
1749 1473 1988 1543 alioquin

432 1545 627 1602 inferri
669 1563 792 1603 eum
825 1559 878 1606 et
927 1553 1163 1622 publicis
1202 1557 1507 1615 rationibus
1539 1563 1700 1617 tradi.
1734 1562 1905 1619 Porro
1942 1567 1987 1621 si

440 1646 474 1690 τι
501 1639 896 1698 circumcidere
926 1658 1096 1701 ausus
1136 1646 1299 1702 fuerit
1327 1664 1565 1717 servum,
1591 1653 1772 1723 gladio
1805 1657 1984 1727 puniri

417 1732 545 1786 talia
578 1744 1021 1802 praesumentem.

488 1820 675 1878 Mundi
733 1839 879 1880 anno
912 1827 1074 1893 5854,
1128 1830 1328 1887 divinae
1391 1833 1791 1891 incarnationis
1843 1854 1989 1894 anno

415 1912 543 1976 534,
574 1911 757 1969 Julius
789 1915 1095 1971 Romanum
1132 1921 1269 1989 gerit
1299 1924 1662 1990 pontificium.
1712 1926 1987 1983 Constan-

417 2007 526 2061 tius
558 2006 627 2061 de
663 2008 907 2078 Assyriis
931 2012 1308 2080 triumphavit,
1344 2014 1517 2068 Sabor
1537 2015 1884 2075 Christianos
1911 2036 1990 2075 re-

415 2095 505 2163 gni
536 2097 622 2151 sui
663 2102 1030 2170 persequitur,
1061 2102 1333 2159 Constans
1376 2121 1506 2162 vero
1541 2107 1781 2166 Francos
1826 2113 1988 2167 deva-

416 2188 598 2241 stavit.
643 2189 742 2244 Per
768 2192 908 2247 idem
942 2203 1155 2265 tempus
1183 2208 1342 2252 terra:
1388 2208 1536 2254 motu
1585 2201 1789 2274 ingenti
1845 2205 1988 2262 facto

414 2278 765 2339 Neocresarea
793 2283 952 2341 Ponti
1008 2290 1226 2357 cecidit,
1255 2307 1481 2362 excepta
1523 2298 1751 2353 ecclesia
1783 2309 1838 2354 et
1871 2300 1985 2372 epi-

421 2375 607 2443 sropio
642 2376 717 2447 (9)
748 2386 803 2431 et
837 2378 1038 2434 ibidem
1072 2382 1308 2450 repertis
1344 2385 1480 2440 viris
1508 2387 1801 2457 religiosis.
1834 2389 1985 2447 Tunc

414 2474 468 2517 et
503 2463 705 2522 Paulus
739 2469 1025 2525 confessor
1058 2473 1350 2528 ordinatur
1379 2477 1671 2547 episcopus
1715 2478 1987 2537 Constan-

416 2557 748 2625 tinopoleos.
773 2560 917 2615 Sane
946 2560 1304 2619 Constantius
1340 2582 1462 2621 eum
1495 2579 1746 2623 octavum
1774 2573 1984 2643 imperii

414 2648 499 2701 Sui
533 2664 735 2704 annum
761 2660 931 2722 geret,
959 2654 1315 2710 Alexandrini
1348 2657 1693 2728 Gregorium,
1716 2663 1807 2731 qui
1838 2680 1986 2720 more

417 2741 648 2798 latronis
679 2757 842 2813 super
869 2745 1229 2802 Athanasium
1253 2748 1447 2803 insiliit
1470 2759 1524 2803 et
1552 2754 1733 2807 sedem
1769 2770 1866 2823 per
1892 2771 1985 2812 sex

414 2846 591 2887 annos
652 2834 910 2899 obtinuit,
967 2838 1312 2894 occiderunt.
1365 2840 1624 2913 Sequenti
1683 2861 1810 2900 vero
1844 2862 1986 2904 anno

411 2918 771 2993 Dyrrachium
840 2925 1119 2983 Dalmatia:
1172 2946 1200 2984 a
1260 2940 1419 2986 tertte
1477 2942 1626 2987 motu
1666 2946 1983 3007 corruptum

2101 476 2224 530 qtne
2284 460 2549 515 adversus
2600 459 3038 516 sacratissimum
3091 456 3455 512 Athanasium
3506 457 3673 514 denuo

2101 552 2461 621 parabantur.
2505 550 2651 607 Sane
2694 551 2961 607 Romanis
3009 548 3428 620 postulantibus
3463 560 3673 606 coactus

2098 653 2318 698 revocat
2349 642 2626 698 Liberium
2651 651 2704 698 et
2722 641 2840 697 sedi
2876 641 3137 696 restituit.
3168 639 3322 694 Felix
3348 656 3483 693 vero
3501 656 3654 710 egres

2098 749 2194 790 sus
2243 735 2434 789 urbem
2480 735 2713 790 ulterius
2762 732 2987 787 minime
3042 731 3256 796 rediit;
3309 732 3402 785 cui
3439 733 3677 786 succedit

2100 823 2387 880 Damasus.
2422 824 2637 880 Interea
2683 823 3045 879 Constantius
3076 822 3293 877 decimo
3339 832 3550 877 octavo
3589 825 3677 877 im—

2095 915 2228 983 perii
2286 914 2382 970 sui‘
2429 929 2574 969 anno
2633 913 2873 978 Gallum,
2922 927 3084 983 quem
3135 911 3417 966 Cursarem
3478 913 3675 967 factum

2092 1003 2474 1058 Constantium
2511 1002 2943 1075 cognominavit,
2983 999 3216 1056 interﬁci
3241 1001 3479 1070 jubens.
3512 999 3679 1055 Julia-

2094 1112 2220 1149 num
2257 1096 2421 1164 hujus
2471 1095 2692 1151 fratrem
2726 1089 2779 1150 ἰή
2820 1093 3067 1150 custodia
3096 1093 3396 1149 retinebat.
3448 1093 3678 1149 Eusebia

2092 1202 2220 1241 vero
2271 1186 2475 1256 eonjnx
2522 1185 2831 1241 Constantii
2879 1187 3026 1239 hunc
3059 1185 3392 1256 postulatum
3437 1185 3682 1240 Athenas

2090 1281 2436 1345 transmisit;
2460 1294 2570 1350 quo
2594 1295 2720 1334 cum
2748 1278 3109 1349 pervenisset,
3129 1277 3317 1333 studia
3349 1278 3680 1333 institueb‘a»

2091 1378 2180 1424 tur
2224 1370 2466 1441 gentilia,
2499 1370 2658 1425 bonis
2709 1368 3081 1423 fundamentis
3131 1368 3680 1437 superedificaturns

2091 1460 2378 1523 malitiam,
2409 1468 2463 1515 et
2489 1475 2596 1513 non
2639 1460 2785 1514 sicut
2814 1458 3103 1527 oportebat
3128 1459 3232 1513 ista
3260 1469 3522 1515 secutus.

2161 1552 2345 1606 Mundi
2367 1566 2512 1605 anno
2541 1551 2703 1612 5847,
2724 1550 2921 1604 divina:
2950 1550 3351 1605 incarnationis
3374 1565 3525 1604 anno
3552 1549 3674 1616 357,

2089 1645 2381 1699 Maximum
2426 1643 2980 1713 Hierosolymitanum
3020 1643 3403 1712 deposuerunt
3448 1644 3674 1700 Aeacius

2091 1736 2449 1793 Caesariensis
2496 1747 2551 1791 et
2590 1735 2943 1804 Patrophilns
2984 1734 3514 1817 Sr‘rytltopolitanus,
3555 1751 3675 1789 cum

2090 1839 2273 1886 essent
2310 1829 2520 1891 Ariani,
2556 1836 2610 1883 et
2654 1826 3091 1896 subrogaverunt
3142 1843 3241 1898 pro
3271 1843 3342 1882 eo
3385 1828 3677 1898 Cyrillum,

2090 1931 2350 1993 putantes
2373 1937 2495 1974 eum
2518 1920 2717 1975 habere
2744 1921 3091 1976 concordem.
3119 1919 3273 1974 Tunc
3299 1919 3524 1993 signum
3549 1935 3679 1975 crus

2090 2014 2173 2069 cis
2222 2012 2479 2081 apparuit
2542 2012 2594 2065 in
2649 2012 2789 2067 caelo
2843 2013 2933 2066 die
2993 2011 3384 2079 Pentecostes,
3439 2013 3675 2083 speciem

2090 2105 2314 2159 luminis
2359 2104 2598 2167 habens,
2645 2114 2932 2159 extensum
2970 2120 2999 2159 a
3046 2104 3326 2174 Golgotlta-
3372 2120 3552 2175 usque
3608 2104 3675 2158 ad

2090 2205 2327 2252 montem
2368 2196 2645 2252 Olivarum
2680 2213 2696 2262 ;
2749 2196 2801 2250 in
2840 2197 3073 2251 circuitu
3125 2206 3309 2251 autem
3357 2197 3677 2267 apparentis

2088 2290 2230 2358 signi
2263 2303 2463 2343 corona
2493 2296 2633 2349 erat,
2673 2289 2880 2343 habens
2909 2289 3055 2343 velut
3098 2287 3200 2343 Iris
3245 2290 3518 2358 speciem.
3564 2288 3676 2343 Hoc

2088 2391 2269 2435 autem
2320 2389 2375 2435 et
2415 2379 2740 2434 Constantio
2789 2380 2978 2434 eadem
3031 2381 3120 2435 die
3167 2381 3447 2451 apparuit.
3502 2379 3679 2452 Hujus

2088 2480 2268 2525 autem
2302 2470 2490 2542 Cyrilli
2532 2470 2706 2525 fertur
2744 2471 2977 2541 epistola
3006 2472 3072 2525 ad
3113 2472 3504 2541 imperatorem
3527 2472 3693 2527 Con-

2089 2565 2375 2626 stantium,
2427 2569 2479 2618 in
2520 2579 2625 2634 qua
2682 2563 2989 2632 piissimum
3037 2580 3158 2619 eum
3215 2565 3461 2619 vocabat.
3514 2563 3680 2622 Unde

2087 2657 2307 2726 quidam
2356 2657 2405 2712 ei
2448 2658 2607 2726 quasi
2647 2657 2850 2711 Ariano
2889 2657 3177 2727 derogant,
3220 2657 3469 2712 dicentes
3515 2659 3679 2713 hunc

2086 2749 2252 2803 etiam
2280 2749 2554 2803 ltomousii
2600 2762 2786 2803 vocem
2819 2751 3059 2803 tacuisse
3101 2749 3154 2803 iu
3194 2749 3676 2816 institutionibus,

2087 2855 2224 2911 quas
2255 2841 2509 2908 exposuit
2543 2839 2610 2894 ad
2648 2842 2949 2911 profectum
2995 2841 3371 2912 imperitarum
3400 2842 3677 2912 plebium,

2089 2932 2159 2986 ad
2197 2931 2466 3001 baptisma
2506 2942 2729 3002 propter
2754 2931 3020 2987 miracula
3048 2932 3280 2986 vivificte
3303 2934 3497 2987 crucis
3521 2948 3679 2989 acce-

412 3023 521 3080 est,
560 3024 614 3070 et
666 3018 836 3073 Roma
891 3036 988 3090 per
1028 3031 1139 3076 tres
1202 3022 1320 3077 dies
1379 3036 1648 3080 commota
1704 3026 1989 3098 dispendia
2018 3045 2062 3105 ο
2093 3024 2355 3079 dentium.
2385 3021 2670 3078 Falluntur
2699 3036 2877 3079 autem
2910 3033 3076 3093 atque
3111 3024 3442 3095 delinquunt
3473 3038 3679 3096 :oporo

413 3109 656 3176 pertulit.
708 3111 867 3166 Circa
921 3115 1037 3168 haec
1066 3124 1248 3169 autem
1286 3125 1536 3186 tempora
1578 3117 1831 3173 Liberius
1880 3122 1990 3175 Ro-

414 3215 580 3255 mano
610 3202 809 3257 throno
841 3206 1118 3272 praesedit.
1157 3205 1356 3260 Verum
1391 3207 1727 3263 Athanasius
1756 3219 1810 3265 et
1846 3210 1991 3266 Pau-

417 3290 524 3350 lus,
560 3298 614 3343 et
668 3301 937 3360 quotquot
988 3308 1088 3362 pro
1144 3295 1473 3350 rectitudine
1510 3301 1780 3356 sermonis
1831 3302 1989 3371 ejecti

416 3382 657 3448 fuerant,
685 3382 913 3439 Romam
957 3385 1024 3440 ad
1053 3384 1257 3440 Julium
1294 3385 1684 3459 confugerunt,
1724 3402 1778 3446 et
1818 3409 1990 3449 unus-

413 3475 649 3545 quisque
676 3476 743 3532 de
777 3494 835 3533 se
857 3477 1058 3534 Julium
1092 3479 1279 3535 docuit
1305 3496 1320 3547 ;
1346 3497 1486 3551 quos
1517 3484 1608 3539 ille
1636 3499 1760 3539 cum
1792 3485 1991 3542 litteris

414 3568 662 3625 ecclesiis
688 3571 804 3628 suis
825 3575 1091 3629 restituit.
1124 3576 1459 3631 Athanasius
1491 3584 1679 3633 autem
1706 3586 1761 3634 et
1791 3578 1992 3636 Paulus

412 3670 467 3716 et
506 3663 556 3717 hi
585 3664 677 3734 qui
715 3680 839 3720 cum
886 3666 1022 3737 ipsis
1078 3676 1252 3732 erant,
1298 3667 1500 3725 litteris
1529 3668 1657 3725 Julii
1689 3687 1842 3742 papa:
1875 3671 1990 3729 Ro-

413 3756 559 3808 mani
597 3754 747 3823 freti,
807 3757 1039 3814 thronos
1087 3760 1343 3829 proprios
1375 3769 1722 3831 receperunt.
1783 3761 1993 3820 Interea

414 3858 573 3902 terrae
630 3855 779 3903 motu
835 3865 1034 3921 magno
1072 3851 1127 3905 in
1183 3852 1405 3907 civitate
1461 3852 1993 3926 Beryto-Phuenicis

413 3940 557 3994 facto
594 3940 827 4010 plurima
878 3957 1006 4013 pars
1036 3942 1159 4013 ejus
1197 3945 1428 4013 corruit,
1462 3945 1538 4001 ita
1570 3955 1630 4002 ut
1670 3948 1827 4003 multi
1857 3965 1992 4020 gen-

412 4031 539 4085 tiles
564 4032 977 4103 ingrederentur
1002 4036 1314 4100 ecclesiam,
1335 4053 1396 4093 se
1426 4037 1590 4094 ritum
1618 4041 1990 4099 Christianum

412 4132 731 4178 servaturos
784 4140 935 4180 more
994 4136 1185 4182 nostro
1237 4128 1593 4199 spondentes.
1626 4132 1764 4189 Hinc
1813 4135 1994 4191 insur-

411 4222 601 4280 gentes
625 4217 843 4287 quidam
880 4217 1084 4274 formas
1109 4221 1361 4278 ecclesiae
1405 4225 1808 4294 quodammodo
1844 4230 1995 4284 fran-

407 4304 600 4360 tlantes
632 4316 1054 4373 resecaverunt,
1086 4317 1142 4363 et
1179 4310 1359 4365 locum
1394 4314 1667 4371 orationis
1707 4319 1990 4388 cognomi-

2094 3113 2245 3168 tcbat
2270 3112 2415 3167 enim
2444 3119 2498 3166 et
2519 3114 2902 3183 imperatorem
2934 3130 2999 3169 ex
3024 3115 3383 3184 simplicitate
3401 3123 3455 3170 et
3480 3132 3587 3170 non
3607 3131 3672 3171 ex

2093 3203 2290 3258 alfeetu
2322 3205 2581 3260 versutiis
2610 3206 2939 3259 Arianorum
2969 3205 3023 3260 in
3050 3204 3302 3260 haeresim
3332 3218 3670 3277 surreptum,

2090 3307 2145 3351 et
2176 3313 2207 3352 a
2235 3298 2554 3368 paganlsmo
2584 3298 2822 3353 nondum
2867 3297 3105 3366 perfecte
3139 3311 3502 3360 conversum,
3540 3297 3678 3367 piis-

2092 3388 2291 3444 simum
2348 3387 2749 3457 dispensatorie
2795 3387 2997 3451 dicere,
3044 3400 3109 3441 ac
3150 3385 3439 3440 ltomousii
3485 3400 3670 3441 vocem

2092 3480 2309 3535 interim
2364 3490 2564 3541 tacere,
2617 3495 2739 3550 quae
2790 3480 3058 3550 plurimos
3091 3479 3274 3533 adhuc
3322 3478 3586 3533 turbabat
3620 3485 3671 3532 et

2091 3572 2451 3643 baptizandos
2501 3571 2849 3626 inimicorum
2892 3570 3333 3625 contradictione
3368 3568 3667 3635 recidet-at,

2093 3674 2349 3719 caeterum
2380 3677 2478 3733 per
2518 3662 2788 3718 dictiones
2833 3662 2943 3716 vim
2983 3662 3253 3731 aequalem
3296 3660 3669 3731 signiﬁcantes

2093 3756 2370 3812 ltomousii
2404 3771 2590 3810 vocem
2622 3755 2930 3824 exprimere
2958 3771 2987 3820 ;~
3029 3752 3175 3824 quod
3208 3762 3264 3806 et
3304 3752 3437 3807 fecit
3484 3753 3668 3808 beatus

2093 3847 2348 3919 Cyrillus,
2429 3846 2702 3901 Nicaenam
2769 3847 2927 3900 fidem
3006 3844 3308 3900 secundum
3375 3845 3667 3899 dictionem

2093 3939 2368 4009 aperiens,
2401 3949 2454 3993 et
2488 3938 2656 3993 Deum
2691 3953 2878 3992 verum
2901 3937 3102 3992 Filium
3124 3954 3192 3992 es
3216 3938 3337 3992 Deo
3359 3953 3492 3994 vero
3518 3938 3667 3993 Patre

2094 4047 2439 4103 prteconans.
2488 4030 2666 4085 Porro
2720 4030 3058 4084 Athanasius
3097 4038 3151 4084 et
3193 4030 3403 4085 Paulus
3456 4040 3668 4084 mortuo

2094 4125 2261 4197 impio
2288 4123 2528 4180 Eusebio
2552 4122 3058 4191 Constantinopoli,
3090 4122 3179 4176 nhi
3217 4120 3537 4192 praefuerat,
3572 4126 3669 4178 ite-

2094 4230 2215 4273 rum
2251 4218 2475 4272 Romam
2526 4217 2591 4271 ad
2643 4214 2847 4270 Julium
2884 4214 3223 4269 descendunt
3273 4215 3593 4284 episcopum
3620 4222 3667 4267 ct

2096 4309 2165 4364 ad
2211 4307 2565 4364 Constantem
2613 4308 2998 4377 imperatorem
3050 4305 3273 4361 fratrem
3331 4305 3662 4363 Constantii.

407 4406 605 4454 nantes
652 4399 704 4453 in
756 4400 873 4469 ipso
916 4402 1320 4458 multitudinem
1372 4415 1745 4476 receperunt,
1775 4379 1988 4466 cuncta
2014 4379 2069 4441 Ῑ)
2094 4401 2336 4474 Populus
2374 4410 2556 4456 autem
2602 4401 2845 4456 Eusebio
2880 4399 3140 4454 defuncto
3190 4398 3421 4455 Paulum
3472 4402 3661 4455 throno

409 4508 532 4560 qtlze
569 4501 699 4547 sunt
726 4492 985 4550 Ecclesiae
1019 4494 1297 4551 imitantes
1321 4535 1336 4560 ,
1387 4496 1644 4554 similiter
1689 4502 1832 4571 apud
1889 4518 2020 4591 πολ
2094 4491 2653 4564 (ῖοιιειθηιίηοροιεοδ
2683 4491 2941 4553 “ddum,
2972 4490 3219 4545 ἀίσεηιεδ
3256 4491 3403 4561 (1⁸1οά
3442 4490 3661 4547 Romam

410 4583 585 4639 effncti
629 4595 685 4640 ut
726 4586 1177 4643 Samaritensium
1231 4587 1456 4645 haeresis
1501 4592 1782 4662 gentiliter
1826 4583 1992 4662 penes

408 4674 626 4734 Judaeos
669 4679 986 4737 viventium.
1045 4680 1335 4737 Czrterum-
1367 4680 1728 4741 Constantius
1770 4684 1991 4743 Liberio

411 4767 675 4823 scribenti
710 4770 815 4824 sibi
843 4786 941 4841 pro
982 4771 1273 4827 bomousio
1313 4780 1369 4828 et
1410 4774 1790 4831 saeratissimo
1819 4775 1990 4832 Atha-

411 4857 567 4911 nasio
596 4858 767 4913 iratus
795 4862 987 4927 mittit,
1009 4871 1064 4918 et
1089 4862 1237 4919 hunc
1267 4864 1436 4919 exilio
1469 4865 1702 4937 relegari
1729 4867 1987 4938 praecepit

410 4945 553 5019 apud
577 4946 885 5004 Bretaniam
914 4950 1182 5009 Thraciae.
1208 4953 1473 5026 Tuncque
1500 4972 1597 5026 pro
1626 4957 1722 5012 illo
1748 4957 1981 5014 Felicem

408 5042 1295 5113 consecraverunt,quidiaconus
1328 5046 1427 5102 fuit
1458 5048 1707 5104 ecclesia:
1732 5057 1787 5104 et
1811 5046 1985 5104 Nicae-

409 5150 540 5192 num
573 5133 1009 5206 amplectebatur
1045 5138 1364 5195 concilium.
1399 5139 1573 5197 Porro
1607 5141 1856 5210 jussione
1883 5142 1985 5196 im-

410 5229 683 5298 peratoria
708 5228 953 5303 synodus
979 5240 1310 5303 congregata
1332 5240 1417 5288 est
1434 5235 1574 5302 apud
1600 5234 1988 5303 Mediolanum,

408 5315 843 5377 Occidentalium
880 5320 1102 5392 quidem
1148 5330 1518 5378 trecentorum
1557 5323 1945 5394 episcoporum
1972 5365 1988 5392 ,

409 5410 767 5473 Orientalium
800 5431 932 5474 vero
957 5417 1112 5474 valde
1142 5431 1471 5489 paucorum.
1497 5417 1670 5474 Porro
1700 5420 1879 5474 soluta
1907 5427 1993 5475 est
2032 5452 2033 5457 η

2093 4584 2163 4640 ad
2210 4583 2414 4640 Iulium
2465 4582 2745 4657 profectus
2793 4582 2955 4637 fuerit
2995 4589 3055 4636 et
3095 4583 3166 4637 ab
3204 4598 3271 4638 eo
3310 4599 3437 4639 cum
3476 4586 3662 4639 litteris

2088 4679 2438 4735 remeaverit.
2474 4676 2594 4743 Quo
2632 4685 2913 4748 comperto
2939 4677 3302 4734 Constantius
3353 4678 3660 4747 indignatus

2088 4771 2244 4841 jubet
2278 4769 2532 4840 Philippo
2577 4770 2833 4840 praefecto
2876 4767 3104 4822 Paulum
3143 4768 3359 4838 insequi
3398 4780 3461 4823 er
3496 4768 3661 4821 ﬂace-

2094 4862 2323 4917 donium
2361 4861 2654 4917 restituere
2690 4860 2908 4915 throno.
2946 4859 3245 4915 Praefectus
3278 4867 3462 4913 autem
3501 4873 3658 4929 popae

2094 4953 2207 5008 lum
2234 4961 2504 5016 metuens,
2525 4949 2751 5005 Paulum
2778 4950 3246 5016 Thessalonicam,
3275 4964 3343 5004 ex
3375 4965 3485 5020 qua
3513 4956 3656 5004 ortus

2096 5044 2295 5108 fuerat,
2352 5060 2489 5100 usus
2538 5044 2763 5115 ingenio
2810 5043 3127 5098 destinavit.
3187 5046 3490 5112 Imperator
3536 5054 3651 5095 vero

2091 5138 2256 5192 etiam
2310 5144 2443 5191 tunc
2494 5136 2796 5190 Athanasio
2845 5148 3035 5189 necem
3083 5134 3400 5188 minabatur
3443 5133 3649 5191 inferre.

2090 5246 2253 5302 quam
2287 5231 2377 5285 ille
2407 5230 2606 5285 timens
2626 5229 2783 5299 fugax
2807 5228 2988 5283 denuo
3018 5226 3247 5282 Romam
3281 5227 3536 5296 perrexit.
3557 5222 3643 5278 Cui

2091 5323 2342 5393 protinus
2398 5320 2603 5375 Paulus
2629 5334 2849 5391 quoque
2912 5320 3139 5375 veniens
3190 5333 3221 5372 a
3271 5316 3645 5373 Thessalonica

2093 5416 2340 5472 sociatur
2371 5433 2386 5481 ;
2419 5413 2512 5486 qui
2542 5412 2808 5469 abeuntes
2822 5411 3111 5468 Constanti
3137 5427 3259 5483 quae
3281 5413 3428 5481 passi
3455 5410 3643 5464 fuerant

1930 5533 2157 5592 NOTE.

485 5622 560 5691 (9)
597 5622 891 5700 Epist-apio.
961 5627 1301 5685 Flodoardus
1334 5629 1383 5694 Ι,
1414 5627 1524 5685 20:
1579 5648 1600 5682 ι
1635 5627 1835 5700 sicque
1881 5642 2008 5700 pro-

412 5705 568 5762 spere
600 5695 655 5749 in
697 5708 855 5751 suum
888 5709 1140 5755 reversus
1173 5700 1533 5771 episcopium.
1583 5718 1602 5751 ι
1639 5695 1805 5755 FABR.

2134 5695 2145 5706 ,
2186 5623 2299 5749 (10')
2327 5624 2443 5692 Quo
2467 5632 2783 5680 ——secutus.
2820 5619 2946 5677 llaec
2981 5617 3049 5675 de
3072 5632 3172 5674 suo
3207 5616 3424 5672 addidit
3442 5613 3641 5669 Auastr

2134 5711 2239 5749 IIIS.
2294 5710 2347 5749 Β.

2097 5710 2239 5752 atus.
2271 5710 2347 5751 ID.
