  <div class='ocr_page' id='page_1' title='image "/cluster/home/n/w/nwhite01/storage/ocr_20150623/108/hvd.32044073502320/614.png"; bbox 0 0 3950 6234; ppageno 0'>
   <div class='ocr_carea' id='block_1_1' title="bbox 215 333 353 402">
    <p class='ocr_par' dir='ltr' id='par_1_1' title="bbox 215 333 353 402">
     <span class='ocr_line' id='line_1_1' title="bbox 215 333 353 402; baseline 0.043 -6"><span class='ocrx_word' id='word_1_1' title='bbox 215 333 353 402; x_wconf 61' lang='grc' dir='ltr'><strong>ιω</strong></span> 
     </span>
    </p>
   </div>
   <div class='ocr_carea' id='block_1_2' title="bbox 1006 340 2638 404">
    <p class='ocr_par' dir='ltr' id='par_1_2' title="bbox 1006 340 2638 404">
     <span class='ocr_line' id='line_1_2' title="bbox 1006 340 2638 404; baseline 0.001 -4"><span class='ocrx_word' id='word_1_2' title='bbox 1006 340 1386 402; x_wconf 66' lang='lat' dir='ltr'><strong>HISTORIA</strong></span> <span class='ocrx_word' id='word_1_3' title='bbox 1417 341 1991 404; x_wconf 61' lang='lat' dir='ltr'><strong>ECCLESIASTICA</strong></span> <span class='ocrx_word' id='word_1_4' title='bbox 2025 343 2128 401; x_wconf 80' lang='lat' dir='ltr'><strong>EX</strong></span> <span class='ocrx_word' id='word_1_5' title='bbox 2153 342 2638 403; x_wconf 71' lang='lat' dir='ltr'><strong>THEOPHANE.</strong></span> 
     </span>
    </p>
   </div>
   <div class='ocr_carea' id='block_1_3' title="bbox 3334 342 3472 407">
    <p class='ocr_par' dir='ltr' id='par_1_3' title="bbox 3334 342 3472 407">
     <span class='ocr_line' id='line_1_3' title="bbox 3334 342 3472 407; baseline 0.007 -1"><span class='ocrx_word' id='word_1_6' title='bbox 3334 342 3472 407; x_wconf 72' lang='lat'>1218</span> 
     </span>
    </p>
   </div>
   <div class='ocr_carea' id='block_1_4' title="bbox 209 448 3472 524">
    <p class='ocr_par' dir='ltr' id='par_1_4' title="bbox 209 448 3472 524">
     <span class='ocr_line' id='line_1_4' title="bbox 209 448 3472 524; baseline 0.002 -19"><span class='ocrx_word' id='word_1_7' title='bbox 209 449 581 514; x_wconf 86' lang='lat' dir='ltr'><strong>nuntiarunt,</strong></span> <span class='ocrx_word' id='word_1_8' title='bbox 648 449 740 517; x_wconf 89' lang='lat' dir='ltr'><strong>qui</strong></span> <span class='ocrx_word' id='word_1_9' title='bbox 784 448 1084 504; x_wconf 90' lang='lat' dir='ltr'><strong>condolens</strong></span> <span class='ocrx_word' id='word_1_10' title='bbox 1136 452 1344 507; x_wconf 90' lang='lat' dir='ltr'><strong>sanctis</strong></span> <span class='ocrx_word' id='word_1_11' title='bbox 1401 453 1598 507; x_wconf 89' lang='lat' dir='ltr'><strong>scribit</strong></span> <span class='ocrx_word' id='word_1_12' title='bbox 1651 453 1794 506; x_wconf 90' lang='lat' dir='ltr'><strong>Con-</strong></span> <span class='ocrx_word' id='word_1_13' title='bbox 1821 451 2039 510; x_wconf 79' lang='lat' dir='ltr'><strong>Anus:</strong></span> <span class='ocrx_word' id='word_1_14' title='bbox 2076 450 2451 522; x_wconf 77' lang='lat' dir='ltr'><strong>Mihi,inquit,</strong></span> <span class='ocrx_word' id='word_1_15' title='bbox 2474 468 2592 506; x_wconf 87' lang='lat' dir='ltr'><strong>cum</strong></span> <span class='ocrx_word' id='word_1_16' title='bbox 2609 450 2840 520; x_wconf 80' lang='lat' dir='ltr'><strong>subjrclo</strong></span> <span class='ocrx_word' id='word_1_17' title='bbox 2867 453 3056 520; x_wconf 76' lang='lat' dir='ltr'><strong>populo</strong></span> <span class='ocrx_word' id='word_1_18' title='bbox 3075 457 3138 508; x_wconf 84' lang='lat' dir='ltr'><strong>de</strong></span> <span class='ocrx_word' id='word_1_19' title='bbox 3168 455 3472 524; x_wconf 79' lang='lat' dir='ltr'><strong>hujusmodi</strong></span> 
     </span>
    </p>
   </div>
   <div class='ocr_carea' id='block_1_5' title="bbox 208 541 1794 614">
    <p class='ocr_par' dir='ltr' id='par_1_5' title="bbox 208 541 1794 614">
     <span class='ocr_line' id='line_1_5' title="bbox 208 541 1794 614; baseline -0.002 -13"><span class='ocrx_word' id='word_1_20' title='bbox 208 545 416 601; x_wconf 76' lang='lat' dir='ltr'><strong>Stantia</strong></span> <span class='ocrx_word' id='word_1_21' title='bbox 446 551 505 596; x_wconf 91' lang='lat' dir='ltr'><strong>ut</strong></span> <span class='ocrx_word' id='word_1_22' title='bbox 531 548 626 596; x_wconf 89' lang='lat' dir='ltr'><strong>aut</strong></span> <span class='ocrx_word' id='word_1_23' title='bbox 655 541 906 596; x_wconf 73' lang='lat' dir='ltr'><strong>redderet</strong></span> <span class='ocrx_word' id='word_1_24' title='bbox 926 541 1092 598; x_wconf 85' lang='lat' dir='ltr'><strong>Paulo</strong></span> <span class='ocrx_word' id='word_1_25' title='bbox 1118 551 1173 598; x_wconf 88' lang='lat' dir='ltr'><strong>et</strong></span> <span class='ocrx_word' id='word_1_26' title='bbox 1209 542 1512 600; x_wconf 74' lang='lat' dir='ltr'><strong>Athanasio</strong></span> <span class='ocrx_word' id='word_1_27' title='bbox 1544 545 1794 614; x_wconf 87' lang='lat' dir='ltr'><strong>proprias</strong></span> 
     </span>
    </p>
   </div>
   <div class='ocr_carea' id='block_1_6' title="bbox 208 634 1792 704">
    <p class='ocr_par' dir='ltr' id='par_1_6' title="bbox 208 634 1792 704">
     <span class='ocr_line' id='line_1_6' title="bbox 208 634 1792 704; baseline 0 -13"><span class='ocrx_word' id='word_1_28' title='bbox 208 638 395 700; x_wconf 84' lang='lat' dir='ltr'><strong>sedes,</strong></span> <span class='ocrx_word' id='word_1_29' title='bbox 415 646 504 688; x_wconf 85' lang='lat' dir='ltr'><strong>aut</strong></span> <span class='ocrx_word' id='word_1_30' title='bbox 521 642 674 690; x_wconf 86' lang='lat' dir='ltr'><strong>.cerle</strong></span> <span class='ocrx_word' id='word_1_31' title='bbox 696 634 943 704; x_wconf 85' lang='lat' dir='ltr'><strong>praelium</strong></span> <span class='ocrx_word' id='word_1_32' title='bbox 971 646 1162 689; x_wconf 87' lang='lat' dir='ltr'><strong>contra</strong></span> <span class='ocrx_word' id='word_1_33' title='bbox 1177 651 1236 690; x_wconf 90' lang='lat' dir='ltr'><strong>se</strong></span> <span class='ocrx_word' id='word_1_34' title='bbox 1250 636 1419 692; x_wconf 90' lang='lat' dir='ltr'><strong>sciret</strong></span> <span class='ocrx_word' id='word_1_35' title='bbox 1442 635 1792 691; x_wconf 85' lang='lat' dir='ltr'><strong>movendum.</strong></span> 
     </span>
    </p>
   </div>
   <div class='ocr_carea' id='block_1_7' title="bbox 209 726 1796 798">
    <p class='ocr_par' dir='ltr' id='par_1_7' title="bbox 209 726 1796 798">
     <span class='ocr_line' id='line_1_7' title="bbox 209 726 1796 798; baseline 0.001 -18"><span class='ocrx_word' id='word_1_36' title='bbox 209 729 474 782; x_wconf 75' lang='lat' dir='ltr'><strong>Hortalus</strong></span> <span class='ocrx_word' id='word_1_37' title='bbox 503 734 684 780; x_wconf 90' lang='lat' dir='ltr'><strong>autem</strong></span> <span class='ocrx_word' id='word_1_38' title='bbox 719 733 803 780; x_wconf 90' lang='lat' dir='ltr'><strong>est</strong></span> <span class='ocrx_word' id='word_1_39' title='bbox 839 742 962 781; x_wconf 89' lang='lat' dir='ltr'><strong>eum</strong></span> <span class='ocrx_word' id='word_1_40' title='bbox 997 743 1106 796; x_wconf 88' lang='lat' dir='ltr'><strong>quo</strong></span> <span class='ocrx_word' id='word_1_41' title='bbox 1137 728 1380 798; x_wconf 88' lang='lat' dir='ltr'><strong>synodus</strong></span> <span class='ocrx_word' id='word_1_42' title='bbox 1421 726 1565 798; x_wconf 89' lang='lat' dir='ltr'><strong>apud</strong></span> <span class='ocrx_word' id='word_1_43' title='bbox 1600 727 1796 782; x_wconf 45' lang='lat' dir='ltr'><strong>Sardi.</strong></span> 
     </span>
    </p>
   </div>
   <div class='ocr_carea' id='block_1_8' title="bbox 207 818 1794 890">
    <p class='ocr_par' dir='ltr' id='par_1_8' title="bbox 207 818 1794 890">
     <span class='ocr_line' id='line_1_8' title="bbox 207 818 1794 890; baseline 0.002 -19"><span class='ocrx_word' id='word_1_44' title='bbox 207 837 334 874; x_wconf 66' lang='lat' dir='ltr'><strong>«tam</strong></span> <span class='ocrx_word' id='word_1_45' title='bbox 371 820 542 883; x_wconf 89' lang='lat' dir='ltr'><strong>ﬁeret,</strong></span> <span class='ocrx_word' id='word_1_46' title='bbox 573 819 626 872; x_wconf 91' lang='lat' dir='ltr'><strong>in</strong></span> <span class='ocrx_word' id='word_1_47' title='bbox 657 835 763 888; x_wconf 91' lang='lat' dir='ltr'><strong>qua</strong></span> <span class='ocrx_word' id='word_1_48' title='bbox 799 818 1184 889; x_wconf 86' lang='lat' dir='ltr'><strong>Ilespcriarum</strong></span> <span class='ocrx_word' id='word_1_49' title='bbox 1213 835 1520 876; x_wconf 82' lang='lat' dir='ltr'><strong>convenere</strong></span> <span class='ocrx_word' id='word_1_50' title='bbox 1551 821 1794 890; x_wconf 78' lang='lat' dir='ltr'><strong>epismpi</strong></span> 
     </span>
    </p>
   </div>
   <div class='ocr_carea' id='block_1_9' title="bbox 207 909 1794 982">
    <p class='ocr_par' dir='ltr' id='par_1_9' title="bbox 207 909 1794 982">
     <span class='ocr_line' id='line_1_9' title="bbox 207 909 1794 982; baseline 0.001 -16"><span class='ocrx_word' id='word_1_51' title='bbox 207 912 483 975; x_wconf 90' lang='lat' dir='ltr'><strong>trecenti,</strong></span> <span class='ocrx_word' id='word_1_52' title='bbox 517 909 822 966; x_wconf 75' lang='lat' dir='ltr'><strong>Orientales</strong></span> <span class='ocrx_word' id='word_1_53' title='bbox 862 919 1043 966; x_wconf 86' lang='lat' dir='ltr'><strong>autem</strong></span> <span class='ocrx_word' id='word_1_54' title='bbox 1076 913 1298 982; x_wconf 73' lang='lat' dir='ltr'><strong>triginta</strong></span> <span class='ocrx_word' id='word_1_55' title='bbox 1348 929 1464 968; x_wconf 90' lang='lat' dir='ltr'><strong>sex.</strong></span> <span class='ocrx_word' id='word_1_56' title='bbox 1502 913 1590 968; x_wconf 88' lang='lat' dir='ltr'><strong>Isti</strong></span> <span class='ocrx_word' id='word_1_57' title='bbox 1637 912 1794 968; x_wconf 85' lang='lat' dir='ltr'><strong>Occi-</strong></span> 
     </span>
    </p>
   </div>
   <div class='ocr_carea' id='block_1_10' title="bbox 203 1000 1788 1072">
    <p class='ocr_par' dir='ltr' id='par_1_10' title="bbox 203 1000 1788 1072">
     <span class='ocr_line' id='line_1_10' title="bbox 203 1000 1788 1072; baseline 0 -16"><span class='ocrx_word' id='word_1_58' title='bbox 203 1003 523 1058; x_wconf 82' lang='lat' dir='ltr'><strong>dentalibus</strong></span> <span class='ocrx_word' id='word_1_59' title='bbox 551 1000 906 1064; x_wconf 87' lang='lat' dir='ltr'><strong>resistebant,</strong></span> <span class='ocrx_word' id='word_1_60' title='bbox 938 1011 1186 1072; x_wconf 90' lang='lat' dir='ltr'><strong>petentes</strong></span> <span class='ocrx_word' id='word_1_61' title='bbox 1215 1004 1408 1072; x_wconf 80' lang='lat' dir='ltr'><strong>expelli</strong></span> <span class='ocrx_word' id='word_1_62' title='bbox 1435 1003 1586 1072; x_wconf 91' lang='lat' dir='ltr'><strong>prius</strong></span> <span class='ocrx_word' id='word_1_63' title='bbox 1620 1003 1788 1056; x_wconf 83' lang='lat' dir='ltr'><strong>Atha-</strong></span> 
     </span>
    </p>
   </div>
   <div class='ocr_carea' id='block_1_11' title="bbox 209 1092 1793 1166">
    <p class='ocr_par' dir='ltr' id='par_1_11' title="bbox 209 1092 1793 1166">
     <span class='ocr_line' id='line_1_11' title="bbox 209 1092 1793 1166; baseline -0.001 -16"><span class='ocrx_word' id='word_1_64' title='bbox 209 1097 432 1150; x_wconf 89' lang='lat' dir='ltr'><strong>nasium</strong></span> <span class='ocrx_word' id='word_1_65' title='bbox 467 1105 520 1149; x_wconf 92' lang='lat' dir='ltr'><strong>et</strong></span> <span class='ocrx_word' id='word_1_66' title='bbox 554 1093 807 1148; x_wconf 87' lang='lat' dir='ltr'><strong>Paulum.</strong></span> <span class='ocrx_word' id='word_1_67' title='bbox 836 1092 1007 1152; x_wconf 88' lang='lat' dir='ltr'><strong>Osius</strong></span> <span class='ocrx_word' id='word_1_68' title='bbox 1039 1102 1220 1148; x_wconf 88' lang='lat' dir='ltr'><strong>autem</strong></span> <span class='ocrx_word' id='word_1_69' title='bbox 1257 1095 1634 1150; x_wconf 85' lang='lat' dir='ltr'><strong>Cordubensis</strong></span> <span class='ocrx_word' id='word_1_70' title='bbox 1677 1095 1793 1166; x_wconf 80' lang='lat' dir='ltr'><strong>epi-</strong></span> 
     </span>
    </p>
   </div>
   <div class='ocr_carea' id='block_1_12' title="bbox 208 1185 1793 1259">
    <p class='ocr_par' dir='ltr' id='par_1_12' title="bbox 208 1185 1793 1259">
     <span class='ocr_line' id='line_1_12' title="bbox 208 1185 1793 1259; baseline -0.001 -16"><span class='ocrx_word' id='word_1_71' title='bbox 208 1203 418 1259; x_wconf 88' lang='lat' dir='ltr'><strong>scopus</strong></span> <span class='ocrx_word' id='word_1_72' title='bbox 472 1185 881 1254; x_wconf 82' lang='lat' dir='ltr'><strong>etPromgenes</strong></span> <span class='ocrx_word' id='word_1_73' title='bbox 927 1185 1274 1242; x_wconf 88' lang='lat' dir='ltr'><strong>Sardicensis</strong></span> <span class='ocrx_word' id='word_1_74' title='bbox 1313 1188 1458 1256; x_wconf 86' lang='lat' dir='ltr'><strong>passi</strong></span> <span class='ocrx_word' id='word_1_75' title='bbox 1504 1204 1611 1241; x_wconf 92' lang='lat' dir='ltr'><strong>non</strong></span> <span class='ocrx_word' id='word_1_76' title='bbox 1662 1195 1793 1241; x_wconf 92' lang='lat' dir='ltr'><strong>sunt</strong></span> 
     </span>
    </p>
   </div>
   <div class='ocr_carea' id='block_1_13' title="bbox 203 1279 1790 1352">
    <p class='ocr_par' dir='ltr' id='par_1_13' title="bbox 203 1279 1790 1352">
     <span class='ocr_line' id='line_1_13' title="bbox 203 1279 1790 1352; baseline 0 -17"><span class='ocrx_word' id='word_1_77' title='bbox 203 1298 338 1352; x_wconf 87' lang='lat' dir='ltr'><strong>quo.</strong></span> <span class='ocrx_word' id='word_1_78' title='bbox 379 1281 561 1335; x_wconf 90' lang='lat' dir='ltr'><strong>minus</strong></span> <span class='ocrx_word' id='word_1_79' title='bbox 619 1280 870 1336; x_wconf 81' lang='lat' dir='ltr'><strong>adessent</strong></span> <span class='ocrx_word' id='word_1_80' title='bbox 918 1281 1091 1335; x_wconf 89' lang='lat' dir='ltr'><strong>sancti</strong></span> <span class='ocrx_word' id='word_1_81' title='bbox 1142 1279 1476 1336; x_wconf 85' lang='lat' dir='ltr'><strong>Athanasius</strong></span> <span class='ocrx_word' id='word_1_82' title='bbox 1526 1283 1690 1336; x_wconf 85' lang='lat' dir='ltr'><strong>simul</strong></span> <span class='ocrx_word' id='word_1_83' title='bbox 1735 1290 1790 1336; x_wconf 90' lang='lat' dir='ltr'><strong>et</strong></span> 
     </span>
    </p>
   </div>
   <div class='ocr_carea' id='block_1_14' title="bbox 203 1370 1792 1444">
    <p class='ocr_par' dir='ltr' id='par_1_14' title="bbox 203 1370 1792 1444">
     <span class='ocr_line' id='line_1_14' title="bbox 203 1370 1792 1444; baseline -0.001 -16"><span class='ocrx_word' id='word_1_84' title='bbox 203 1373 435 1428; x_wconf 85' lang='lat' dir='ltr'><strong>Paulus.</strong></span> <span class='ocrx_word' id='word_1_85' title='bbox 469 1372 624 1426; x_wconf 89' lang='lat' dir='ltr'><strong>Tunc</strong></span> <span class='ocrx_word' id='word_1_86' title='bbox 657 1370 960 1426; x_wconf 81' lang='lat' dir='ltr'><strong>Orientales</strong></span> <span class='ocrx_word' id='word_1_87' title='bbox 992 1387 1161 1442; x_wconf 90' lang='lat' dir='ltr'><strong>penes</strong></span> <span class='ocrx_word' id='word_1_88' title='bbox 1191 1371 1616 1444; x_wconf 85' lang='lat' dir='ltr'><strong>Philippopolim</strong></span> <span class='ocrx_word' id='word_1_89' title='bbox 1658 1388 1792 1427; x_wconf 89' lang='lat' dir='ltr'><strong>eou-</strong></span> 
     </span>
    </p>
   </div>
   <div class='ocr_carea' id='block_1_15' title="bbox 204 1465 1790 1534">
    <p class='ocr_par' dir='ltr' id='par_1_15' title="bbox 204 1465 1790 1534">
     <span class='ocr_line' id='line_1_15' title="bbox 204 1465 1790 1534; baseline 0.002 -16"><span class='ocrx_word' id='word_1_90' title='bbox 204 1469 492 1520; x_wconf 78' lang='lat' dir='ltr'><strong>venientes</strong></span> <span class='ocrx_word' id='word_1_91' title='bbox 523 1465 869 1534; x_wconf 87' lang='lat' dir='ltr'><strong>impudenter</strong></span> <span class='ocrx_word' id='word_1_92' title='bbox 904 1465 1257 1520; x_wconf 88' lang='lat' dir='ltr'><strong>bomousium</strong></span> <span class='ocrx_word' id='word_1_93' title='bbox 1291 1465 1790 1521; x_wconf 86' lang='lat' dir='ltr'><strong>auathematizave-</strong></span> 
     </span>
    </p>
   </div>
   <div class='ocr_carea' id='block_1_16' title="bbox 203 1555 1790 1626">
    <p class='ocr_par' dir='ltr' id='par_1_16' title="bbox 203 1555 1790 1626">
     <span class='ocr_line' id='line_1_16' title="bbox 203 1555 1790 1626; baseline 0 -14"><span class='ocrx_word' id='word_1_94' title='bbox 203 1569 382 1612; x_wconf 87' lang='lat' dir='ltr'><strong>runt:</strong></span> <span class='ocrx_word' id='word_1_95' title='bbox 441 1557 532 1626; x_wconf 85' lang='lat' dir='ltr'><strong>qui</strong></span> <span class='ocrx_word' id='word_1_96' title='bbox 581 1571 710 1611; x_wconf 87' lang='lat' dir='ltr'><strong>vero</strong></span> <span class='ocrx_word' id='word_1_97' title='bbox 755 1557 904 1626; x_wconf 90' lang='lat' dir='ltr'><strong>apud</strong></span> <span class='ocrx_word' id='word_1_98' title='bbox 956 1555 1242 1610; x_wconf 89' lang='lat' dir='ltr'><strong>Sardicam</strong></span> <span class='ocrx_word' id='word_1_99' title='bbox 1302 1557 1596 1611; x_wconf 76' lang='lat' dir='ltr'><strong>orthodoxi</strong></span> <span class='ocrx_word' id='word_1_100' title='bbox 1660 1567 1790 1612; x_wconf 78' lang='lat' dir='ltr'><strong>sunt</strong></span> 
     </span>
    </p>
   </div>
   <div class='ocr_carea' id='block_1_17' title="bbox 205 1649 1787 1720">
    <p class='ocr_par' dir='ltr' id='par_1_17' title="bbox 205 1649 1787 1720">
     <span class='ocr_line' id='line_1_17' title="bbox 205 1649 1787 1720; baseline 0.003 -18"><span class='ocrx_word' id='word_1_101' title='bbox 205 1651 440 1711; x_wconf 82' lang='lat' dir='ltr'><strong>inventi,</strong></span> <span class='ocrx_word' id='word_1_102' title='bbox 471 1664 786 1707; x_wconf 74' lang='lat' dir='ltr'><strong>anomteum</strong></span> <span class='ocrx_word' id='word_1_103' title='bbox 817 1649 1366 1712; x_wconf 84' lang='lat' dir='ltr'><strong>anathematizantes,</strong></span> <span class='ocrx_word' id='word_1_104' title='bbox 1400 1659 1612 1704; x_wconf 85' lang='lat' dir='ltr'><strong>rectum</strong></span> <span class='ocrx_word' id='word_1_105' title='bbox 1644 1651 1787 1720; x_wconf 80' lang='lat' dir='ltr'><strong>apud</strong></span> 
     </span>
    </p>
   </div>
   <div class='ocr_carea' id='block_1_18' title="bbox 203 1741 1787 1811">
    <p class='ocr_par' dir='ltr' id='par_1_18' title="bbox 203 1741 1787 1811">
     <span class='ocr_line' id='line_1_18' title="bbox 203 1741 1787 1811; baseline 0.001 -15"><span class='ocrx_word' id='word_1_106' title='bbox 203 1743 445 1797; x_wconf 67' lang='lat' dir='ltr'><strong>Nicmam</strong></span> <span class='ocrx_word' id='word_1_107' title='bbox 463 1742 726 1811; x_wconf 73' lang='lat' dir='ltr'><strong>expositae</strong></span> <span class='ocrx_word' id='word_1_108' title='bbox 748 1741 868 1795; x_wconf 93' lang='lat' dir='ltr'><strong>ﬁdei</strong></span> <span class='ocrx_word' id='word_1_109' title='bbox 899 1741 1190 1795; x_wconf 86' lang='lat' dir='ltr'><strong>terminum</strong></span> <span class='ocrx_word' id='word_1_110' title='bbox 1219 1742 1594 1796; x_wconf 82' lang='lat' dir='ltr'><strong>ﬁrmaverunt.</strong></span> <span class='ocrx_word' id='word_1_111' title='bbox 1613 1742 1787 1798; x_wconf 83' lang='lat' dir='ltr'><strong>Porro</strong></span> 
     </span>
    </p>
   </div>
   <div class='ocr_carea' id='block_1_19' title="bbox 203 1834 1787 1904">
    <p class='ocr_par' dir='ltr' id='par_1_19' title="bbox 203 1834 1787 1904">
     <span class='ocr_line' id='line_1_19' title="bbox 203 1834 1787 1904; baseline 0 -16"><span class='ocrx_word' id='word_1_112' title='bbox 203 1837 496 1891; x_wconf 85' lang='lat' dir='ltr'><strong>reddidere</strong></span> <span class='ocrx_word' id='word_1_113' title='bbox 541 1835 768 1889; x_wconf 86' lang='lat' dir='ltr'><strong>thronos</strong></span> <span class='ocrx_word' id='word_1_114' title='bbox 799 1834 1100 1891; x_wconf 79' lang='lat' dir='ltr'><strong>Athanasio</strong></span> <span class='ocrx_word' id='word_1_115' title='bbox 1147 1843 1200 1890; x_wconf 90' lang='lat' dir='ltr'><strong>et</strong></span> <span class='ocrx_word' id='word_1_116' title='bbox 1238 1836 1404 1889; x_wconf 84' lang='lat' dir='ltr'><strong>Paulo</strong></span> <span class='ocrx_word' id='word_1_117' title='bbox 1437 1848 1599 1904; x_wconf 86' lang='lat' dir='ltr'><strong>atque</strong></span> <span class='ocrx_word' id='word_1_118' title='bbox 1649 1836 1787 1888; x_wconf 82' lang='lat' dir='ltr'><strong>Mar-</strong></span> 
     </span>
    </p>
   </div>
   <div class='ocr_carea' id='block_1_20' title="bbox 189 1924 1813 1996">
    <p class='ocr_par' dir='ltr' id='par_1_20' title="bbox 189 1924 1813 1996">
     <span class='ocr_line' id='line_1_20' title="bbox 189 1924 1813 1996; baseline 0 -15"><span class='ocrx_word' id='word_1_119' title='bbox 189 1927 347 1981; x_wconf 81' lang='lat' dir='ltr'><strong>cello</strong></span> <span class='ocrx_word' id='word_1_120' title='bbox 377 1926 694 1996; x_wconf 83' lang='lat' dir='ltr'><strong>Ancyrano,</strong></span> <span class='ocrx_word' id='word_1_121' title='bbox 736 1924 1016 1980; x_wconf 89' lang='lat' dir='ltr'><strong>conﬁtenti</strong></span> <span class='ocrx_word' id='word_1_122' title='bbox 1047 1926 1393 1992; x_wconf 73' lang='lat' dir='ltr'><strong>homousium</strong></span> <span class='ocrx_word' id='word_1_123' title='bbox 1429 1938 1482 1982; x_wconf 89' lang='lat' dir='ltr'><strong>et</strong></span> <span class='ocrx_word' id='word_1_124' title='bbox 1518 1928 1813 1982; x_wconf 85' lang='lat' dir='ltr'><strong>rationem-</strong></span> 
     </span>
    </p>
   </div>
   <div class='ocr_carea' id='block_1_21' title="bbox 205 2017 1788 2088">
    <p class='ocr_par' dir='ltr' id='par_1_21' title="bbox 205 2017 1788 2088">
     <span class='ocr_line' id='line_1_21' title="bbox 205 2017 1788 2088; baseline -0.001 -16"><span class='ocrx_word' id='word_1_125' title='bbox 205 2033 311 2088; x_wconf 92' lang='lat' dir='ltr'><strong>pro</strong></span> <span class='ocrx_word' id='word_1_126' title='bbox 348 2034 406 2073; x_wconf 82' lang='lat' dir='ltr'><strong>se</strong></span> <span class='ocrx_word' id='word_1_127' title='bbox 441 2017 712 2082; x_wconf 85' lang='lat' dir='ltr'><strong>reddenti,</strong></span> <span class='ocrx_word' id='word_1_128' title='bbox 739 2017 885 2086; x_wconf 90' lang='lat' dir='ltr'><strong>quod</strong></span> <span class='ocrx_word' id='word_1_129' title='bbox 926 2033 1034 2071; x_wconf 92' lang='lat' dir='ltr'><strong>non</strong></span> <span class='ocrx_word' id='word_1_130' title='bbox 1061 2018 1425 2072; x_wconf 86' lang='lat' dir='ltr'><strong>intellexerint</strong></span> <span class='ocrx_word' id='word_1_131' title='bbox 1454 2019 1657 2088; x_wconf 89' lang='lat' dir='ltr'><strong>scripta</strong></span> <span class='ocrx_word' id='word_1_132' title='bbox 1687 2033 1788 2074; x_wconf 87' lang='lat' dir='ltr'><strong>sua</strong></span> 
     </span>
    </p>
   </div>
   <div class='ocr_carea' id='block_1_22' title="bbox 202 2110 1788 2182">
    <p class='ocr_par' dir='ltr' id='par_1_22' title="bbox 202 2110 1788 2182">
     <span class='ocr_line' id='line_1_22' title="bbox 202 2110 1788 2182; baseline -0.003 -16"><span class='ocrx_word' id='word_1_133' title='bbox 202 2111 264 2166; x_wconf 87' lang='lat' dir='ltr'><strong>hi</strong></span> <span class='ocrx_word' id='word_1_134' title='bbox 303 2111 396 2182; x_wconf 88' lang='lat' dir='ltr'><strong>qui</strong></span> <span class='ocrx_word' id='word_1_135' title='bbox 438 2126 497 2165; x_wconf 89' lang='lat' dir='ltr'><strong>se</strong></span> <span class='ocrx_word' id='word_1_136' title='bbox 520 2110 972 2167; x_wconf 76' lang='lat' dir='ltr'><strong>accusationibus</strong></span> <span class='ocrx_word' id='word_1_137' title='bbox 1005 2110 1362 2179; x_wconf 89' lang='lat' dir='ltr'><strong>impetebant.</strong></span> <span class='ocrx_word' id='word_1_138' title='bbox 1401 2111 1618 2166; x_wconf 87' lang='lat' dir='ltr'><strong>Interea.</strong></span> <span class='ocrx_word' id='word_1_139' title='bbox 1641 2113 1788 2165; x_wconf 90' lang='lat' dir='ltr'><strong>Con-</strong></span> 
     </span>
    </p>
   </div>
   <div class='ocr_carea' id='block_1_23' title="bbox 191 2201 1788 2273">
    <p class='ocr_par' dir='ltr' id='par_1_23' title="bbox 191 2201 1788 2273">
     <span class='ocr_line' id='line_1_23' title="bbox 191 2201 1788 2273; baseline 0.001 -17"><span class='ocrx_word' id='word_1_140' title='bbox 191 2202 450 2257; x_wconf 73' lang='lat' dir='ltr'><strong>stantius</strong></span> <span class='ocrx_word' id='word_1_141' title='bbox 487 2201 753 2273; x_wconf 86' lang='lat' dir='ltr'><strong>vigesimo</strong></span> <span class='ocrx_word' id='word_1_142' title='bbox 789 2203 970 2272; x_wconf 91' lang='lat' dir='ltr'><strong>primo</strong></span> <span class='ocrx_word' id='word_1_143' title='bbox 1005 2217 1149 2256; x_wconf 91' lang='lat' dir='ltr'><strong>anno</strong></span> <span class='ocrx_word' id='word_1_144' title='bbox 1177 2201 1404 2256; x_wconf 83' lang='lat' dir='ltr'><strong>Romam</strong></span> <span class='ocrx_word' id='word_1_145' title='bbox 1437 2211 1626 2257; x_wconf 87' lang='lat' dir='ltr'><strong>contra</strong></span> <span class='ocrx_word' id='word_1_146' title='bbox 1672 2202 1788 2257; x_wconf 84' lang='lat' dir='ltr'><strong>Ma-</strong></span> 
     </span>
    </p>
   </div>
   <div class='ocr_carea' id='block_1_24' title="bbox 204 2294 1788 2365">
    <p class='ocr_par' dir='ltr' id='par_1_24' title="bbox 204 2294 1788 2365">
     <span class='ocr_line' id='line_1_24' title="bbox 204 2294 1788 2365; baseline 0.001 -17"><span class='ocrx_word' id='word_1_147' title='bbox 204 2295 493 2365; x_wconf 79' lang='lat' dir='ltr'><strong>gnentium</strong></span> <span class='ocrx_word' id='word_1_148' title='bbox 540 2295 905 2350; x_wconf 89' lang='lat' dir='ltr'><strong>dimicaturus</strong></span> <span class='ocrx_word' id='word_1_149' title='bbox 943 2295 1114 2359; x_wconf 83' lang='lat' dir='ltr'><strong>venit,</strong></span> <span class='ocrx_word' id='word_1_150' title='bbox 1149 2295 1239 2348; x_wconf 91' lang='lat' dir='ltr'><strong>ubi</strong></span> <span class='ocrx_word' id='word_1_151' title='bbox 1285 2295 1353 2349; x_wconf 90' lang='lat' dir='ltr'><strong>ab</strong></span> <span class='ocrx_word' id='word_1_152' title='bbox 1394 2294 1625 2349; x_wconf 83' lang='lat' dir='ltr'><strong>Eusebia</strong></span> <span class='ocrx_word' id='word_1_153' title='bbox 1663 2311 1788 2364; x_wconf 80' lang='lat' dir='ltr'><strong>pro-</strong></span> 
     </span>
    </p>
   </div>
   <div class='ocr_carea' id='block_1_25' title="bbox 199 2384 1784 2456">
    <p class='ocr_par' dir='ltr' id='par_1_25' title="bbox 199 2384 1784 2456">
     <span class='ocr_line' id='line_1_25' title="bbox 199 2384 1784 2456; baseline 0 -16"><span class='ocrx_word' id='word_1_154' title='bbox 199 2389 328 2456; x_wconf 88' lang='lat' dir='ltr'><strong>pria</strong></span> <span class='ocrx_word' id='word_1_155' title='bbox 380 2402 550 2442; x_wconf 89' lang='lat' dir='ltr'><strong>uxore</strong></span> <span class='ocrx_word' id='word_1_156' title='bbox 593 2395 815 2456; x_wconf 86' lang='lat' dir='ltr'><strong>rogatus</strong></span> <span class='ocrx_word' id='word_1_157' title='bbox 863 2384 1138 2440; x_wconf 88' lang='lat' dir='ltr'><strong>Julianum</strong></span> <span class='ocrx_word' id='word_1_158' title='bbox 1189 2401 1256 2440; x_wconf 83' lang='lat' dir='ltr'><strong>ex</strong></span> <span class='ocrx_word' id='word_1_159' title='bbox 1298 2401 1520 2440; x_wconf 85' lang='lat' dir='ltr'><strong>carcere</strong></span> <span class='ocrx_word' id='word_1_160' title='bbox 1560 2386 1784 2440; x_wconf 89' lang='lat' dir='ltr'><strong>ductum</strong></span> 
     </span>
    </p>
   </div>
   <div class='ocr_carea' id='block_1_26' title="bbox 191 2477 1784 2548">
    <p class='ocr_par' dir='ltr' id='par_1_26' title="bbox 191 2477 1784 2548">
     <span class='ocr_line' id='line_1_26' title="bbox 191 2477 1784 2548; baseline -0.001 -14"><span class='ocrx_word' id='word_1_161' title='bbox 191 2477 480 2534; x_wconf 57' lang='lat' dir='ltr'><strong>~Casarem</strong></span> <span class='ocrx_word' id='word_1_162' title='bbox 515 2478 643 2532; x_wconf 85' lang='lat' dir='ltr'><strong>facit</strong></span> <span class='ocrx_word' id='word_1_163' title='bbox 691 2486 746 2530; x_wconf 90' lang='lat' dir='ltr'><strong>et</strong></span> <span class='ocrx_word' id='word_1_164' title='bbox 792 2477 847 2531; x_wconf 87' lang='lat' dir='ltr'><strong>in</strong></span> <span class='ocrx_word' id='word_1_165' title='bbox 877 2477 1084 2532; x_wconf 86' lang='lat' dir='ltr'><strong>Gallias</strong></span> <span class='ocrx_word' id='word_1_166' title='bbox 1112 2479 1296 2544; x_wconf 86' lang='lat' dir='ltr'><strong>mittit,</strong></span> <span class='ocrx_word' id='word_1_167' title='bbox 1333 2479 1598 2548; x_wconf 86' lang='lat' dir='ltr'><strong>copulans</strong></span> <span class='ocrx_word' id='word_1_168' title='bbox 1636 2482 1685 2533; x_wconf 87' lang='lat' dir='ltr'><strong>ei</strong></span> <span class='ocrx_word' id='word_1_169' title='bbox 1719 2479 1784 2533; x_wconf 83' lang='lat' dir='ltr'><strong>ad</strong></span> 
     </span>
    </p>
   </div>
   <div class='ocr_carea' id='block_1_27' title="bbox 208 2569 1786 2641">
    <p class='ocr_par' dir='ltr' id='par_1_27' title="bbox 208 2569 1786 2641">
     <span class='ocr_line' id='line_1_27' title="bbox 208 2569 1786 2641; baseline 0.001 -16"><span class='ocrx_word' id='word_1_170' title='bbox 208 2573 433 2641; x_wconf 88' lang='lat' dir='ltr'><strong>nuptias</strong></span> <span class='ocrx_word' id='word_1_171' title='bbox 460 2585 706 2625; x_wconf 84' lang='lat' dir='ltr'><strong>sororem</strong></span> <span class='ocrx_word' id='word_1_172' title='bbox 738 2585 894 2625; x_wconf 89' lang='lat' dir='ltr'><strong>suam</strong></span> <span class='ocrx_word' id='word_1_173' title='bbox 923 2569 1206 2637; x_wconf 77' lang='lat' dir='ltr'><strong>Helenam,</strong></span> <span class='ocrx_word' id='word_1_174' title='bbox 1236 2587 1356 2641; x_wconf 58' lang='lat' dir='ltr'><strong>quae</strong></span> <span class='ocrx_word' id='word_1_175' title='bbox 1383 2583 1435 2627; x_wconf 89' lang='lat' dir='ltr'><strong>et</strong></span> <span class='ocrx_word' id='word_1_176' title='bbox 1463 2572 1786 2628; x_wconf 86' lang='lat' dir='ltr'><strong>Constantia</strong></span> 
     </span>
    </p>
   </div>
   <div class='ocr_carea' id='block_1_28' title="bbox 191 2667 488 2723">
    <p class='ocr_par' dir='ltr' id='par_1_28' title="bbox 191 2667 488 2723">
     <span class='ocr_line' id='line_1_28' title="bbox 191 2667 488 2723; baseline 0.003 -1"><span class='ocrx_word' id='word_1_177' title='bbox 191 2667 353 2722; x_wconf 76' lang='lat' dir='ltr'><strong>dicta</strong></span> <span class='ocrx_word' id='word_1_178' title='bbox 384 2675 488 2723; x_wconf 89' lang='lat' dir='ltr'><strong>est.</strong></span> 
     </span>
    </p>
   </div>
   <div class='ocr_carea' id='block_1_29' title="bbox 278 2754 1784 2822">
    <p class='ocr_par' dir='ltr' id='par_1_29' title="bbox 278 2754 1784 2822">
     <span class='ocr_line' id='line_1_29' title="bbox 278 2754 1784 2822; baseline 0.001 -12"><span class='ocrx_word' id='word_1_179' title='bbox 278 2757 466 2810; x_wconf 72' lang='lat' dir='ltr'><strong>Mundi</strong></span> <span class='ocrx_word' id='word_1_180' title='bbox 487 2770 630 2809; x_wconf 89' lang='lat' dir='ltr'><strong>anno</strong></span> <span class='ocrx_word' id='word_1_181' title='bbox 653 2754 816 2818; x_wconf 86' lang='lat'><strong>5850,</strong></span> <span class='ocrx_word' id='word_1_182' title='bbox 845 2755 1044 2810; x_wconf 81' lang='lat' dir='ltr'><strong>divinae</strong></span> <span class='ocrx_word' id='word_1_183' title='bbox 1064 2754 1458 2811; x_wconf 86' lang='lat' dir='ltr'><strong>incarnationis</strong></span> <span class='ocrx_word' id='word_1_184' title='bbox 1479 2771 1624 2811; x_wconf 87' lang='lat' dir='ltr'><strong>anno</strong></span> <span class='ocrx_word' id='word_1_185' title='bbox 1659 2758 1784 2822; x_wconf 79' lang='lat'><strong>350,</strong></span> 
     </span>
    </p>
   </div>
   <div class='ocr_carea' id='block_1_30' title="bbox 205 2847 1786 2920">
    <p class='ocr_par' dir='ltr' id='par_1_30' title="bbox 205 2847 1786 2920">
     <span class='ocr_line' id='line_1_30' title="bbox 205 2847 1786 2920; baseline -0.001 -15"><span class='ocrx_word' id='word_1_186' title='bbox 205 2851 358 2905; x_wconf 80' lang='lat' dir='ltr'><strong>facto</strong></span> <span class='ocrx_word' id='word_1_187' title='bbox 392 2865 587 2920; x_wconf 76' lang='lat' dir='ltr'><strong>inagno</strong></span> <span class='ocrx_word' id='word_1_188' title='bbox 633 2859 792 2904; x_wconf 75' lang='lat' dir='ltr'><strong>terra-</strong></span> <span class='ocrx_word' id='word_1_189' title='bbox 847 2858 996 2903; x_wconf 91' lang='lat' dir='ltr'><strong>motu</strong></span> <span class='ocrx_word' id='word_1_190' title='bbox 1049 2847 1556 2917; x_wconf 88' lang='lat' dir='ltr'><strong>Constantinopolis</strong></span> <span class='ocrx_word' id='word_1_191' title='bbox 1605 2851 1786 2905; x_wconf 88' lang='lat' dir='ltr'><strong>diruta</strong></span> 
     </span>
    </p>
   </div>
   <div class='ocr_carea' id='block_1_31' title="bbox 205 2941 1786 3011">
    <p class='ocr_par' dir='ltr' id='par_1_31' title="bbox 205 2941 1786 3011">
     <span class='ocr_line' id='line_1_31' title="bbox 205 2941 1786 3011; baseline 0 -15"><span class='ocrx_word' id='word_1_192' title='bbox 205 2955 314 2998; x_wconf 88' lang='lat' dir='ltr'><strong>est.</strong></span> <span class='ocrx_word' id='word_1_193' title='bbox 373 2942 576 2996; x_wconf 83' lang='lat' dir='ltr'><strong>Deinde</strong></span> <span class='ocrx_word' id='word_1_194' title='bbox 635 2953 853 2995; x_wconf 89' lang='lat' dir='ltr'><strong>mortuo</strong></span> <span class='ocrx_word' id='word_1_195' title='bbox 899 2941 1226 2994; x_wconf 88' lang='lat' dir='ltr'><strong>Constantio</strong></span> <span class='ocrx_word' id='word_1_196' title='bbox 1276 2943 1542 3010; x_wconf 85' lang='lat' dir='ltr'><strong>vigesimo</strong></span> <span class='ocrx_word' id='word_1_197' title='bbox 1587 2955 1786 3011; x_wconf 88' lang='lat' dir='ltr'><strong>quarto</strong></span> 
     </span>
    </p>
   </div>
   <div class='ocr_carea' id='block_1_32' title="bbox 207 3030 1786 3104">
    <p class='ocr_par' dir='ltr' id='par_1_32' title="bbox 207 3030 1786 3104">
     <span class='ocr_line' id='line_1_32' title="bbox 207 3030 1786 3104; baseline -0.003 -14"><span class='ocrx_word' id='word_1_198' title='bbox 207 3035 424 3104; x_wconf 89' lang='lat' dir='ltr'><strong>imperii</strong></span> <span class='ocrx_word' id='word_1_199' title='bbox 450 3036 538 3089; x_wconf 89' lang='lat' dir='ltr'><strong>sui</strong></span> <span class='ocrx_word' id='word_1_200' title='bbox 573 3048 721 3086; x_wconf 90' lang='lat' dir='ltr'><strong>anno</strong></span> <span class='ocrx_word' id='word_1_201' title='bbox 750 3031 1005 3087; x_wconf 83' lang='lat' dir='ltr'><strong>Julianus</strong></span> <span class='ocrx_word' id='word_1_202' title='bbox 1050 3039 1403 3086; x_wconf 86' lang='lat' dir='ltr'><strong>monocrator</strong></span> <span class='ocrx_word' id='word_1_203' title='bbox 1430 3030 1659 3087; x_wconf 72' lang='lat' dir='ltr'><strong>eﬁ‘ectus</strong></span> <span class='ocrx_word' id='word_1_204' title='bbox 1688 3034 1786 3086; x_wconf 84' lang='lat' dir='ltr'><strong>im-</strong></span> 
     </span>
    </p>
   </div>
   <div class='ocr_carea' id='block_1_33' title="bbox 1900 542 3475 617">
    <p class='ocr_par' dir='ltr' id='par_1_33' title="bbox 1900 542 3475 617">
     <span class='ocr_line' id='line_1_33' title="bbox 1900 542 3475 617; baseline 0.005 -24"><span class='ocrx_word' id='word_1_205' title='bbox 1900 542 2120 612; x_wconf 78' lang='lat' dir='ltr'><strong>negotiis</strong></span> <span class='ocrx_word' id='word_1_206' title='bbox 2157 545 2362 596; x_wconf 82' lang='lat' dir='ltr'><strong>curiose</strong></span> <span class='ocrx_word' id='word_1_207' title='bbox 2401 561 2552 614; x_wconf 83' lang='lat' dir='ltr'><strong>agere</strong></span> <span class='ocrx_word' id='word_1_208' title='bbox 2583 543 2668 612; x_wconf 76' lang='lat' dir='ltr'><strong>fas</strong></span> <span class='ocrx_word' id='word_1_209' title='bbox 2707 560 2807 598; x_wconf 88' lang='lat' dir='ltr'><strong>non</strong></span> <span class='ocrx_word' id='word_1_210' title='bbox 2855 553 2954 599; x_wconf 77' lang='lat' dir='ltr'><strong>est.</strong></span> <span class='ocrx_word' id='word_1_211' title='bbox 2996 545 3063 598; x_wconf 93' lang='lat' dir='ltr'><strong>Ut</strong></span> <span class='ocrx_word' id='word_1_212' title='bbox 3109 563 3230 617; x_wconf 82' lang='lat' dir='ltr'><strong>ergo</strong></span> <span class='ocrx_word' id='word_1_213' title='bbox 3272 550 3475 604; x_wconf 84' lang='lat' dir='ltr'><strong>videtur</strong></span> 
     </span>
    </p>
   </div>
   <div class='ocr_carea' id='block_1_34' title="bbox 1897 634 3470 711">
    <p class='ocr_par' dir='ltr' id='par_1_34' title="bbox 1897 634 3470 711">
     <span class='ocr_line' id='line_1_34' title="bbox 1897 634 3470 711; baseline 0.006 -24"><span class='ocrx_word' id='word_1_214' title='bbox 1897 634 2041 688; x_wconf 76' lang='lat' dir='ltr'><strong>vobis</strong></span> <span class='ocrx_word' id='word_1_215' title='bbox 2099 635 2486 701; x_wconf 82' lang='lat' dir='ltr'><strong>sacerdotibus,</strong></span> <span class='ocrx_word' id='word_1_216' title='bbox 2552 637 2733 706; x_wconf 81' lang='lat' dir='ltr'><strong>facite.</strong></span> <span class='ocrx_word' id='word_1_217' title='bbox 2784 637 2938 692; x_wconf 91' lang='lat' dir='ltr'><strong>Tunc</strong></span> <span class='ocrx_word' id='word_1_218' title='bbox 2989 639 3269 695; x_wconf 82' lang='lat' dir='ltr'><strong>venientes</strong></span> <span class='ocrx_word' id='word_1_219' title='bbox 3329 644 3470 711; x_wconf 88' lang='lat' dir='ltr'><strong>apud</strong></span> 
     </span>
    </p>
   </div>
   <div class='ocr_carea' id='block_1_35' title="bbox 1897 724 3471 795">
    <p class='ocr_par' dir='ltr' id='par_1_35' title="bbox 1897 724 3471 795">
     <span class='ocr_line' id='line_1_35' title="bbox 1897 724 3471 795; baseline 0.007 -18"><span class='ocrx_word' id='word_1_220' title='bbox 1897 724 2280 795; x_wconf 85' lang='lat' dir='ltr'><strong>Lampsacum,</strong></span> <span class='ocrx_word' id='word_1_221' title='bbox 2316 737 2370 783; x_wconf 88' lang='lat' dir='ltr'><strong>et</strong></span> <span class='ocrx_word' id='word_1_222' title='bbox 2409 728 2620 784; x_wconf 90' lang='lat' dir='ltr'><strong>duobus</strong></span> <span class='ocrx_word' id='word_1_223' title='bbox 2658 727 2770 785; x_wconf 88' lang='lat' dir='ltr'><strong>illic</strong></span> <span class='ocrx_word' id='word_1_224' title='bbox 2801 732 3084 786; x_wconf 85' lang='lat' dir='ltr'><strong>mensibus</strong></span> <span class='ocrx_word' id='word_1_225' title='bbox 3128 737 3471 795; x_wconf 78' lang='lat' dir='ltr'><strong>ceinmorati.</strong></span> 
     </span>
    </p>
   </div>
   <div class='ocr_carea' id='block_1_36' title="bbox 1897 817 3476 891">
    <p class='ocr_par' dir='ltr' id='par_1_36' title="bbox 1897 817 3476 891">
     <span class='ocr_line' id='line_1_36' title="bbox 1897 817 3476 891; baseline 0.006 -23"><span class='ocrx_word' id='word_1_226' title='bbox 1897 817 2196 874; x_wconf 86' lang='lat' dir='ltr'><strong>novissime</strong></span> <span class='ocrx_word' id='word_1_227' title='bbox 2243 820 2395 874; x_wconf 87' lang='lat' dir='ltr'><strong>irrita</strong></span> <span class='ocrx_word' id='word_1_228' title='bbox 2429 822 2606 876; x_wconf 89' lang='lat' dir='ltr'><strong>fecere</strong></span> <span class='ocrx_word' id='word_1_229' title='bbox 2643 838 2765 891; x_wconf 68' lang='lat' dir='ltr'><strong>qua:</strong></span> <span class='ocrx_word' id='word_1_230' title='bbox 2799 823 2867 876; x_wconf 88' lang='lat' dir='ltr'><strong>ab</strong></span> <span class='ocrx_word' id='word_1_231' title='bbox 2907 823 3154 878; x_wconf 80' lang='lat' dir='ltr'><strong>Eudoxio</strong></span> <span class='ocrx_word' id='word_1_232' title='bbox 3188 834 3240 879; x_wconf 88' lang='lat' dir='ltr'><strong>et</strong></span> <span class='ocrx_word' id='word_1_233' title='bbox 3274 826 3476 882; x_wconf 83' lang='lat' dir='ltr'><strong>Acacio</strong></span> 
     </span>
    </p>
   </div>
   <div class='ocr_carea' id='block_1_37' title="bbox 1895 906 3470 983">
    <p class='ocr_par' dir='ltr' id='par_1_37' title="bbox 1895 906 3470 983">
     <span class='ocr_line' id='line_1_37' title="bbox 1895 906 3470 983; baseline 0.004 -23"><span class='ocrx_word' id='word_1_234' title='bbox 1895 906 2370 978; x_wconf 90' lang='lat' dir='ltr'><strong>Constantinopoli</strong></span> <span class='ocrx_word' id='word_1_235' title='bbox 2416 918 2546 965; x_wconf 83' lang='lat' dir='ltr'><strong>sunt</strong></span> <span class='ocrx_word' id='word_1_236' title='bbox 2593 918 2827 979; x_wconf 90' lang='lat' dir='ltr'><strong>patrata,</strong></span> <span class='ocrx_word' id='word_1_237' title='bbox 2878 914 3277 983; x_wconf 86' lang='lat' dir='ltr'><strong>tenendamque</strong></span> <span class='ocrx_word' id='word_1_238' title='bbox 3311 915 3470 968; x_wconf 88' lang='lat' dir='ltr'><strong>ﬁdem</strong></span> 
     </span>
    </p>
   </div>
   <div class='ocr_carea' id='block_1_38' title="bbox 1896 1001 3474 1077">
    <p class='ocr_par' dir='ltr' id='par_1_38' title="bbox 1896 1001 3474 1077">
     <span class='ocr_line' id='line_1_38' title="bbox 1896 1001 3474 1077; baseline 0.006 -25"><span class='ocrx_word' id='word_1_239' title='bbox 1896 1002 2037 1068; x_wconf 91' lang='lat' dir='ltr'><strong>apud</strong></span> <span class='ocrx_word' id='word_1_240' title='bbox 2067 1001 2372 1057; x_wconf 89' lang='lat' dir='ltr'><strong>Seleuciam</strong></span> <span class='ocrx_word' id='word_1_241' title='bbox 2396 1003 2698 1072; x_wconf 81' lang='lat' dir='ltr'><strong>expositam</strong></span> <span class='ocrx_word' id='word_1_242' title='bbox 2726 1005 3109 1060; x_wconf 86' lang='lat' dir='ltr'><strong>decreverunt.</strong></span> <span class='ocrx_word' id='word_1_243' title='bbox 3138 1005 3242 1060; x_wconf 90' lang='lat' dir='ltr'><strong>Sed</strong></span> <span class='ocrx_word' id='word_1_244' title='bbox 3273 1007 3474 1077; x_wconf 88' lang='lat' dir='ltr'><strong>impius</strong></span> 
     </span>
    </p>
   </div>
   <div class='ocr_carea' id='block_1_39' title="bbox 1895 1090 3472 1167">
    <p class='ocr_par' dir='ltr' id='par_1_39' title="bbox 1895 1090 3472 1167">
     <span class='ocr_line' id='line_1_39' title="bbox 1895 1090 3472 1167; baseline 0.006 -22"><span class='ocrx_word' id='word_1_245' title='bbox 1895 1090 2117 1158; x_wconf 80' lang='lat' dir='ltr'><strong>Valens,</strong></span> <span class='ocrx_word' id='word_1_246' title='bbox 2144 1111 2267 1164; x_wconf 78' lang='lat' dir='ltr'><strong>quae</strong></span> <span class='ocrx_word' id='word_1_247' title='bbox 2290 1096 2433 1164; x_wconf 90' lang='lat' dir='ltr'><strong>apud</strong></span> <span class='ocrx_word' id='word_1_248' title='bbox 2475 1094 2837 1166; x_wconf 86' lang='lat' dir='ltr'><strong>Lampsacum</strong></span> <span class='ocrx_word' id='word_1_249' title='bbox 2869 1107 3023 1167; x_wconf 87' lang='lat' dir='ltr'><strong>gesta</strong></span> <span class='ocrx_word' id='word_1_250' title='bbox 3056 1109 3218 1163; x_wconf 89' lang='lat' dir='ltr'><strong>sunt,</strong></span> <span class='ocrx_word' id='word_1_251' title='bbox 3251 1101 3472 1155; x_wconf 84' lang='lat' dir='ltr'><strong>destru-</strong></span> 
     </span>
    </p>
   </div>
   <div class='ocr_carea' id='block_1_40' title="bbox 1895 1184 3473 1254">
    <p class='ocr_par' dir='ltr' id='par_1_40' title="bbox 1895 1184 3473 1254">
     <span class='ocr_line' id='line_1_40' title="bbox 1895 1184 3473 1254; baseline 0.006 -19"><span class='ocrx_word' id='word_1_252' title='bbox 1895 1184 1993 1248; x_wconf 85' lang='lat' dir='ltr'><strong>xit,</strong></span> <span class='ocrx_word' id='word_1_253' title='bbox 2039 1192 2092 1236; x_wconf 91' lang='lat' dir='ltr'><strong>et</strong></span> <span class='ocrx_word' id='word_1_254' title='bbox 2119 1184 2427 1253; x_wconf 88' lang='lat' dir='ltr'><strong>episcopos,</strong></span> <span class='ocrx_word' id='word_1_255' title='bbox 2461 1186 2554 1254; x_wconf 86' lang='lat' dir='ltr'><strong>qui</strong></span> <span class='ocrx_word' id='word_1_256' title='bbox 2602 1185 2804 1241; x_wconf 88' lang='lat' dir='ltr'><strong>ibidem</strong></span> <span class='ocrx_word' id='word_1_257' title='bbox 2840 1197 3233 1251; x_wconf 88' lang='lat' dir='ltr'><strong>convenerant,</strong></span> <span class='ocrx_word' id='word_1_258' title='bbox 3279 1191 3473 1244; x_wconf 83' lang='lat' dir='ltr'><strong>exsilio</strong></span> 
     </span>
    </p>
   </div>
   <div class='ocr_carea' id='block_1_41' title="bbox 1894 1276 3474 1350">
    <p class='ocr_par' dir='ltr' id='par_1_41' title="bbox 1894 1276 3474 1350">
     <span class='ocr_line' id='line_1_41' title="bbox 1894 1276 3474 1350; baseline 0.006 -22"><span class='ocrx_word' id='word_1_259' title='bbox 1894 1276 2172 1345; x_wconf 82' lang='lat' dir='ltr'><strong>relegavit.</strong></span> <span class='ocrx_word' id='word_1_260' title='bbox 2200 1278 2409 1333; x_wconf 87' lang='lat' dir='ltr'><strong>Interea</strong></span> <span class='ocrx_word' id='word_1_261' title='bbox 2445 1280 2695 1335; x_wconf 90' lang='lat' dir='ltr'><strong>Liberius</strong></span> <span class='ocrx_word' id='word_1_262' title='bbox 2728 1295 2868 1350; x_wconf 86' lang='lat' dir='ltr'><strong>papa</strong></span> <span class='ocrx_word' id='word_1_263' title='bbox 2905 1279 3187 1337; x_wconf 80' lang='lat' dir='ltr'><strong>Romanus</strong></span> <span class='ocrx_word' id='word_1_264' title='bbox 3215 1293 3270 1336; x_wconf 90' lang='lat' dir='ltr'><strong>et</strong></span> <span class='ocrx_word' id='word_1_265' title='bbox 3300 1284 3474 1337; x_wconf 75' lang='lat' dir='ltr'><strong>Atha-</strong></span> 
     </span>
    </p>
   </div>
   <div class='ocr_carea' id='block_1_42' title="bbox 1893 1371 3468 1447">
    <p class='ocr_par' dir='ltr' id='par_1_42' title="bbox 1893 1371 3468 1447">
     <span class='ocr_line' id='line_1_42' title="bbox 1893 1371 3468 1447; baseline 0.003 -22"><span class='ocrx_word' id='word_1_266' title='bbox 1893 1371 2086 1426; x_wconf 80' lang='lat' dir='ltr'><strong>nasius</strong></span> <span class='ocrx_word' id='word_1_267' title='bbox 2109 1381 2162 1428; x_wconf 91' lang='lat' dir='ltr'><strong>et</strong></span> <span class='ocrx_word' id='word_1_268' title='bbox 2190 1372 2442 1428; x_wconf 84' lang='lat' dir='ltr'><strong>Meletius</strong></span> <span class='ocrx_word' id='word_1_269' title='bbox 2468 1382 2522 1428; x_wconf 91' lang='lat' dir='ltr'><strong>et</strong></span> <span class='ocrx_word' id='word_1_270' title='bbox 2554 1372 3025 1429; x_wconf 88' lang='lat' dir='ltr'><strong>Samosatensium</strong></span> <span class='ocrx_word' id='word_1_271' title='bbox 3061 1375 3352 1438; x_wconf 89' lang='lat' dir='ltr'><strong>Eusebius.</strong></span> <span class='ocrx_word' id='word_1_272' title='bbox 3375 1379 3468 1447; x_wconf 89' lang='lat' dir='ltr'><strong>qui</strong></span> 
     </span>
    </p>
   </div>
   <div class='ocr_carea' id='block_1_43' title="bbox 1891 1465 3470 1536">
    <p class='ocr_par' dir='ltr' id='par_1_43' title="bbox 1891 1465 3470 1536">
     <span class='ocr_line' id='line_1_43' title="bbox 1891 1465 3470 1536; baseline 0.002 -16"><span class='ocrx_word' id='word_1_273' title='bbox 1891 1465 2104 1521; x_wconf 84' lang='lat' dir='ltr'><strong>Joviani</strong></span> <span class='ocrx_word' id='word_1_274' title='bbox 2165 1475 2440 1536; x_wconf 73' lang='lat' dir='ltr'><strong>przecepto</strong></span> <span class='ocrx_word' id='word_1_275' title='bbox 2493 1467 2562 1520; x_wconf 88' lang='lat' dir='ltr'><strong>ab</strong></span> <span class='ocrx_word' id='word_1_276' title='bbox 2601 1468 2800 1521; x_wconf 87' lang='lat' dir='ltr'><strong>exsilio</strong></span> <span class='ocrx_word' id='word_1_277' title='bbox 2856 1467 3069 1522; x_wconf 82' lang='lat' dir='ltr'><strong>fuerant</strong></span> <span class='ocrx_word' id='word_1_278' title='bbox 3118 1471 3382 1534; x_wconf 80' lang='lat' dir='ltr'><strong>revocati,</strong></span> <span class='ocrx_word' id='word_1_279' title='bbox 3415 1473 3470 1524; x_wconf 91' lang='lat' dir='ltr'><strong>in</strong></span> 
     </span>
    </p>
   </div>
   <div class='ocr_carea' id='block_1_44' title="bbox 1891 1559 3474 1633">
    <p class='ocr_par' dir='ltr' id='par_1_44' title="bbox 1891 1559 3474 1633">
     <span class='ocr_line' id='line_1_44' title="bbox 1891 1559 3474 1633; baseline 0.001 -20"><span class='ocrx_word' id='word_1_280' title='bbox 1891 1559 2230 1615; x_wconf 75' lang='lat' dir='ltr'><strong>ortltodoxiae</strong></span> <span class='ocrx_word' id='word_1_281' title='bbox 2258 1574 2511 1614; x_wconf 88' lang='lat' dir='ltr'><strong>sermone</strong></span> <span class='ocrx_word' id='word_1_282' title='bbox 2532 1559 2805 1630; x_wconf 79' lang='lat' dir='ltr'><strong>vigebant,</strong></span> <span class='ocrx_word' id='word_1_283' title='bbox 2829 1575 3039 1614; x_wconf 88' lang='lat' dir='ltr'><strong>necnon</strong></span> <span class='ocrx_word' id='word_1_284' title='bbox 3074 1569 3128 1614; x_wconf 89' lang='lat' dir='ltr'><strong>et</strong></span> <span class='ocrx_word' id='word_1_285' title='bbox 3158 1560 3474 1633; x_wconf 78' lang='lat' dir='ltr'><strong>Hierosoly-</strong></span> 
     </span>
    </p>
   </div>
   <div class='ocr_carea' id='block_1_45' title="bbox 1891 1652 3468 1725">
    <p class='ocr_par' dir='ltr' id='par_1_45' title="bbox 1891 1652 3468 1725">
     <span class='ocr_line' id='line_1_45' title="bbox 1891 1652 3468 1725; baseline 0.001 -17"><span class='ocrx_word' id='word_1_286' title='bbox 1891 1655 2135 1710; x_wconf 88' lang='lat' dir='ltr'><strong>mitanus</strong></span> <span class='ocrx_word' id='word_1_287' title='bbox 2170 1654 2408 1725; x_wconf 87' lang='lat' dir='ltr'><strong>Cyrillus</strong></span> <span class='ocrx_word' id='word_1_288' title='bbox 2454 1662 2508 1707; x_wconf 91' lang='lat' dir='ltr'><strong>et</strong></span> <span class='ocrx_word' id='word_1_289' title='bbox 2558 1652 2648 1706; x_wconf 88' lang='lat' dir='ltr'><strong>alii</strong></span> <span class='ocrx_word' id='word_1_290' title='bbox 2695 1652 2934 1723; x_wconf 87' lang='lat' dir='ltr'><strong>episcopi</strong></span> <span class='ocrx_word' id='word_1_291' title='bbox 2975 1653 3295 1708; x_wconf 69' lang='lat' dir='ltr'><strong>orthodoxa:</strong></span> <span class='ocrx_word' id='word_1_292' title='bbox 3348 1654 3468 1709; x_wconf 88' lang='lat' dir='ltr'><strong>ﬁdei</strong></span> 
     </span>
    </p>
   </div>
   <div class='ocr_carea' id='block_1_46' title="bbox 1893 1745 3470 1817">
    <p class='ocr_par' dir='ltr' id='par_1_46' title="bbox 1893 1745 3470 1817">
     <span class='ocr_line' id='line_1_46' title="bbox 1893 1745 3470 1817; baseline 0 -16"><span class='ocrx_word' id='word_1_293' title='bbox 1893 1757 2346 1817; x_wconf 79' lang='lat' dir='ltr'><strong>propugnatores.</strong></span> <span class='ocrx_word' id='word_1_294' title='bbox 2377 1745 2596 1800; x_wconf 85' lang='lat' dir='ltr'><strong>Arianis</strong></span> <span class='ocrx_word' id='word_1_295' title='bbox 2632 1757 2812 1801; x_wconf 89' lang='lat' dir='ltr'><strong>autem</strong></span> <span class='ocrx_word' id='word_1_296' title='bbox 2849 1754 3118 1813; x_wconf 55' lang='lat' dir='ltr'><strong>praeerant</strong></span> <span class='ocrx_word' id='word_1_297' title='bbox 3156 1749 3298 1816; x_wconf 87' lang='lat' dir='ltr'><strong>apud</strong></span> <span class='ocrx_word' id='word_1_298' title='bbox 3339 1747 3470 1801; x_wconf 81' lang='lat' dir='ltr'><strong>Aie-</strong></span> 
     </span>
    </p>
   </div>
   <div class='ocr_carea' id='block_1_47' title="bbox 1887 1835 3467 1907">
    <p class='ocr_par' dir='ltr' id='par_1_47' title="bbox 1887 1835 3467 1907">
     <span class='ocr_line' id='line_1_47' title="bbox 1887 1835 3467 1907; baseline 0.001 -16"><span class='ocrx_word' id='word_1_299' title='bbox 1887 1837 2172 1891; x_wconf 88' lang='lat' dir='ltr'><strong>xandriam</strong></span> <span class='ocrx_word' id='word_1_300' title='bbox 2228 1835 2451 1903; x_wconf 88' lang='lat' dir='ltr'><strong>Lucius,</strong></span> <span class='ocrx_word' id='word_1_301' title='bbox 2487 1845 2540 1891; x_wconf 92' lang='lat' dir='ltr'><strong>et</strong></span> <span class='ocrx_word' id='word_1_302' title='bbox 2584 1837 2725 1907; x_wconf 90' lang='lat' dir='ltr'><strong>apud</strong></span> <span class='ocrx_word' id='word_1_303' title='bbox 2781 1837 3126 1891; x_wconf 85' lang='lat' dir='ltr'><strong>Antiochiam</strong></span> <span class='ocrx_word' id='word_1_304' title='bbox 3191 1837 3467 1902; x_wconf 83' lang='lat' dir='ltr'><strong>Euzoius,</strong></span> 
     </span>
    </p>
   </div>
   <div class='ocr_carea' id='block_1_48' title="bbox 1888 1925 3471 1996">
    <p class='ocr_par' dir='ltr' id='par_1_48' title="bbox 1888 1925 3471 1996">
     <span class='ocr_line' id='line_1_48' title="bbox 1888 1925 3471 1996; baseline 0 -15"><span class='ocrx_word' id='word_1_305' title='bbox 1888 1926 2147 1982; x_wconf 88' lang='lat' dir='ltr'><strong>Paulinus</strong></span> <span class='ocrx_word' id='word_1_306' title='bbox 2171 1936 2351 1981; x_wconf 84' lang='lat' dir='ltr'><strong>autem</strong></span> <span class='ocrx_word' id='word_1_307' title='bbox 2382 1928 2476 1980; x_wconf 88' lang='lat' dir='ltr'><strong>uni</strong></span> <span class='ocrx_word' id='word_1_308' title='bbox 2512 1927 2652 1996; x_wconf 87' lang='lat' dir='ltr'><strong>parti</strong></span> <span class='ocrx_word' id='word_1_309' title='bbox 2679 1925 3134 1991; x_wconf 87' lang='lat' dir='ltr'><strong>orthodoxorum,</strong></span> <span class='ocrx_word' id='word_1_310' title='bbox 3157 1927 3311 1982; x_wconf 91' lang='lat' dir='ltr'><strong>alteri</strong></span> <span class='ocrx_word' id='word_1_311' title='bbox 3340 1944 3471 1982; x_wconf 83' lang='lat' dir='ltr'><strong>vero</strong></span> 
     </span>
    </p>
   </div>
   <div class='ocr_carea' id='block_1_49' title="bbox 1889 2016 3471 2088">
    <p class='ocr_par' dir='ltr' id='par_1_49' title="bbox 1889 2016 3471 2088">
     <span class='ocr_line' id='line_1_49' title="bbox 1889 2016 3471 2088; baseline -0.001 -14"><span class='ocrx_word' id='word_1_312' title='bbox 1889 2019 2159 2076; x_wconf 85' lang='lat' dir='ltr'><strong>Meletius.</strong></span> <span class='ocrx_word' id='word_1_313' title='bbox 2213 2020 2447 2085; x_wconf 85' lang='lat' dir='ltr'><strong>Quidam</strong></span> <span class='ocrx_word' id='word_1_314' title='bbox 2483 2034 2614 2074; x_wconf 85' lang='lat' dir='ltr'><strong>sane</strong></span> <span class='ocrx_word' id='word_1_315' title='bbox 2643 2019 2794 2073; x_wconf 88' lang='lat' dir='ltr'><strong>aiunt</strong></span> <span class='ocrx_word' id='word_1_316' title='bbox 2822 2019 2966 2088; x_wconf 90' lang='lat' dir='ltr'><strong>quod</strong></span> <span class='ocrx_word' id='word_1_317' title='bbox 3010 2016 3293 2074; x_wconf 88' lang='lat' dir='ltr'><strong>Dominica</strong></span> <span class='ocrx_word' id='word_1_318' title='bbox 3330 2036 3471 2073; x_wconf 80' lang='lat' dir='ltr'><strong>uxor</strong></span> 
     </span>
    </p>
   </div>
   <div class='ocr_carea' id='block_1_50' title="bbox 1889 2111 3466 2181">
    <p class='ocr_par' dir='ltr' id='par_1_50' title="bbox 1889 2111 3466 2181">
     <span class='ocr_line' id='line_1_50' title="bbox 1889 2111 3466 2181; baseline -0.001 -15"><span class='ocrx_word' id='word_1_319' title='bbox 1889 2113 2132 2167; x_wconf 85' lang='lat' dir='ltr'><strong>Valentis</strong></span> <span class='ocrx_word' id='word_1_320' title='bbox 2177 2113 2513 2181; x_wconf 85' lang='lat' dir='ltr'><strong>persuaserit</strong></span> <span class='ocrx_word' id='word_1_321' title='bbox 2558 2114 2608 2167; x_wconf 90' lang='lat' dir='ltr'><strong>ei</strong></span> <span class='ocrx_word' id='word_1_322' title='bbox 2647 2122 2755 2166; x_wconf 85' lang='lat' dir='ltr'><strong>tam</strong></span> <span class='ocrx_word' id='word_1_323' title='bbox 2800 2111 3046 2166; x_wconf 85' lang='lat' dir='ltr'><strong>valenter</strong></span> <span class='ocrx_word' id='word_1_324' title='bbox 3087 2111 3201 2166; x_wconf 78' lang='lat' dir='ltr'><strong>Arii</strong></span> <span class='ocrx_word' id='word_1_325' title='bbox 3249 2127 3466 2167; x_wconf 84' lang='lat' dir='ltr'><strong>sensum</strong></span> 
     </span>
    </p>
   </div>
   <div class='ocr_carea' id='block_1_51' title="bbox 1889 2204 3468 2274">
    <p class='ocr_par' dir='ltr' id='par_1_51' title="bbox 1889 2204 3468 2274">
     <span class='ocr_line' id='line_1_51' title="bbox 1889 2204 3468 2274; baseline -0.003 -14"><span class='ocrx_word' id='word_1_326' title='bbox 1889 2207 2112 2260; x_wconf 84' lang='lat' dir='ltr'><strong>sectari.</strong></span> <span class='ocrx_word' id='word_1_327' title='bbox 2138 2204 2310 2259; x_wconf 85' lang='lat' dir='ltr'><strong>Porro</strong></span> <span class='ocrx_word' id='word_1_328' title='bbox 2333 2205 2428 2258; x_wconf 91' lang='lat' dir='ltr'><strong>alii</strong></span> <span class='ocrx_word' id='word_1_329' title='bbox 2463 2205 2712 2259; x_wconf 89' lang='lat' dir='ltr'><strong>scribunt</strong></span> <span class='ocrx_word' id='word_1_330' title='bbox 2736 2204 2885 2274; x_wconf 87' lang='lat' dir='ltr'><strong>quod</strong></span> <span class='ocrx_word' id='word_1_331' title='bbox 2904 2216 3190 2274; x_wconf 83' lang='lat' dir='ltr'><strong>postquam</strong></span> <span class='ocrx_word' id='word_1_332' title='bbox 3225 2205 3468 2273; x_wconf 88' lang='lat' dir='ltr'><strong>impera-</strong></span> 
     </span>
    </p>
   </div>
   <div class='ocr_carea' id='block_1_52' title="bbox 1888 2295 3468 2365">
    <p class='ocr_par' dir='ltr' id='par_1_52' title="bbox 1888 2295 3468 2365">
     <span class='ocr_line' id='line_1_52' title="bbox 1888 2295 3468 2365; baseline 0.001 -17"><span class='ocrx_word' id='word_1_333' title='bbox 1888 2296 2028 2350; x_wconf 88' lang='lat' dir='ltr'><strong>verit</strong></span> <span class='ocrx_word' id='word_1_334' title='bbox 2065 2296 2136 2349; x_wconf 90' lang='lat' dir='ltr'><strong>ab</strong></span> <span class='ocrx_word' id='word_1_335' title='bbox 2167 2295 2412 2350; x_wconf 82' lang='lat' dir='ltr'><strong>Eudoxio</strong></span> <span class='ocrx_word' id='word_1_336' title='bbox 2440 2296 2769 2365; x_wconf 88' lang='lat' dir='ltr'><strong>baptizatus,</strong></span> <span class='ocrx_word' id='word_1_337' title='bbox 2808 2295 3125 2364; x_wconf 77' lang='lat' dir='ltr'><strong>iuramento</strong></span> <span class='ocrx_word' id='word_1_338' title='bbox 3165 2296 3468 2350; x_wconf 86' lang='lat' dir='ltr'><strong>ﬁrmaverit</strong></span> 
     </span>
    </p>
   </div>
   <div class='ocr_carea' id='block_1_53' title="bbox 1890 2387 3470 2457">
    <p class='ocr_par' dir='ltr' id='par_1_53' title="bbox 1890 2387 3470 2457">
     <span class='ocr_line' id='line_1_53' title="bbox 1890 2387 3470 2457; baseline 0.002 -18"><span class='ocrx_word' id='word_1_339' title='bbox 1890 2387 1943 2441; x_wconf 89' lang='lat' dir='ltr'><strong>in</strong></span> <span class='ocrx_word' id='word_1_340' title='bbox 1977 2389 2097 2456; x_wconf 83' lang='lat' dir='ltr'><strong>ipso</strong></span> <span class='ocrx_word' id='word_1_341' title='bbox 2146 2388 2474 2457; x_wconf 81' lang='lat' dir='ltr'><strong>baptismate</strong></span> <span class='ocrx_word' id='word_1_342' title='bbox 2516 2401 2640 2440; x_wconf 87' lang='lat' dir='ltr'><strong>cum</strong></span> <span class='ocrx_word' id='word_1_343' title='bbox 2673 2387 2806 2441; x_wconf 83' lang='lat' dir='ltr'><strong>Ario</strong></span> <span class='ocrx_word' id='word_1_344' title='bbox 2837 2402 2898 2441; x_wconf 90' lang='lat' dir='ltr'><strong>se</strong></span> <span class='ocrx_word' id='word_1_345' title='bbox 2949 2402 3242 2442; x_wconf 87' lang='lat' dir='ltr'><strong>sensurum</strong></span> <span class='ocrx_word' id='word_1_346' title='bbox 3283 2395 3337 2441; x_wconf 90' lang='lat' dir='ltr'><strong>et</strong></span> <span class='ocrx_word' id='word_1_347' title='bbox 3371 2389 3470 2442; x_wconf 88' lang='lat' dir='ltr'><strong>ho-</strong></span> 
     </span>
    </p>
   </div>
   <div class='ocr_carea' id='block_1_54' title="bbox 1891 2480 3466 2549">
    <p class='ocr_par' dir='ltr' id='par_1_54' title="bbox 1891 2480 3466 2549">
     <span class='ocr_line' id='line_1_54' title="bbox 1891 2480 3466 2549; baseline 0.004 -19"><span class='ocrx_word' id='word_1_348' title='bbox 1891 2480 2163 2533; x_wconf 79' lang='lat' dir='ltr'><strong>ntousium</strong></span> <span class='ocrx_word' id='word_1_349' title='bbox 2197 2481 2422 2533; x_wconf 90' lang='lat' dir='ltr'><strong>minime</strong></span> <span class='ocrx_word' id='word_1_350' title='bbox 2451 2488 2798 2548; x_wconf 89' lang='lat' dir='ltr'><strong>recepturum</strong></span> <span class='ocrx_word' id='word_1_351' title='bbox 2827 2519 2841 2544; x_wconf 94' lang='lat'><strong>,</strong></span> <span class='ocrx_word' id='word_1_352' title='bbox 2877 2487 2933 2535; x_wconf 80' lang='lat' dir='ltr'><strong>at</strong></span> <span class='ocrx_word' id='word_1_353' title='bbox 2960 2480 3041 2535; x_wconf 89' lang='lat' dir='ltr'><strong>sic</strong></span> <span class='ocrx_word' id='word_1_354' title='bbox 3082 2482 3300 2549; x_wconf 84' lang='lat' dir='ltr'><strong>utrique</strong></span> <span class='ocrx_word' id='word_1_355' title='bbox 3327 2481 3466 2536; x_wconf 88' lang='lat' dir='ltr'><strong>dena</strong></span> 
     </span>
    </p>
   </div>
   <div class='ocr_carea' id='block_1_55' title="bbox 1890 2570 3459 2637">
    <p class='ocr_par' dir='ltr' id='par_1_55' title="bbox 1890 2570 3459 2637">
     <span class='ocr_line' id='line_1_55' title="bbox 1890 2570 3459 2637; baseline 0.003 -16"><span class='ocrx_word' id='word_1_356' title='bbox 1890 2570 2056 2623; x_wconf 84' lang='lat' dir='ltr'><strong>millia</strong></span> <span class='ocrx_word' id='word_1_357' title='bbox 2082 2573 2523 2637; x_wconf 82' lang='lat' dir='ltr'><strong>persecutionum</strong></span> <span class='ocrx_word' id='word_1_358' title='bbox 2552 2570 2606 2624; x_wconf 94' lang='lat' dir='ltr'><strong>in</strong></span> <span class='ocrx_word' id='word_1_359' title='bbox 2649 2570 2990 2626; x_wconf 89' lang='lat' dir='ltr'><strong>orthodoxos</strong></span> <span class='ocrx_word' id='word_1_360' title='bbox 3023 2583 3459 2626; x_wconf 86' lang='lat' dir='ltr'><strong>commoverunt.</strong></span> 
     </span>
    </p>
   </div>
   <div class='ocr_carea' id='block_1_56' title="bbox 1890 2660 3466 2733">
    <p class='ocr_par' dir='ltr' id='par_1_56' title="bbox 1890 2660 3466 2733">
     <span class='ocr_line' id='line_1_56' title="bbox 1890 2660 3466 2733; baseline 0.004 -19"><span class='ocrx_word' id='word_1_361' title='bbox 1890 2660 2107 2716; x_wconf 87' lang='lat' dir='ltr'><strong>Mittunt</strong></span> <span class='ocrx_word' id='word_1_362' title='bbox 2141 2672 2323 2717; x_wconf 90' lang='lat' dir='ltr'><strong>autem</strong></span> <span class='ocrx_word' id='word_1_363' title='bbox 2356 2673 2409 2717; x_wconf 89' lang='lat' dir='ltr'><strong>et</strong></span> <span class='ocrx_word' id='word_1_364' title='bbox 2444 2662 2663 2733; x_wconf 75' lang='lat' dir='ltr'><strong>Liberio</strong></span> <span class='ocrx_word' id='word_1_365' title='bbox 2689 2665 3040 2718; x_wconf 85' lang='lat' dir='ltr'><strong>Eustathiqu</strong></span> <span class='ocrx_word' id='word_1_366' title='bbox 3074 2665 3376 2719; x_wconf 82' lang='lat' dir='ltr'><strong>Armenunt</strong></span> <span class='ocrx_word' id='word_1_367' title='bbox 3410 2676 3466 2720; x_wconf 89' lang='lat' dir='ltr'><strong>et</strong></span> 
     </span>
    </p>
   </div>
   <div class='ocr_carea' id='block_1_57' title="bbox 1891 2753 3469 2826">
    <p class='ocr_par' dir='ltr' id='par_1_57' title="bbox 1891 2753 3469 2826">
     <span class='ocr_line' id='line_1_57' title="bbox 1891 2753 3469 2826; baseline 0.003 -19"><span class='ocrx_word' id='word_1_368' title='bbox 1891 2753 2170 2809; x_wconf 86' lang='lat' dir='ltr'><strong>Silvanum</strong></span> <span class='ocrx_word' id='word_1_369' title='bbox 2213 2756 2542 2811; x_wconf 74' lang='lat' dir='ltr'><strong>Tarsensom</strong></span> <span class='ocrx_word' id='word_1_370' title='bbox 2589 2767 2750 2826; x_wconf 90' lang='lat' dir='ltr'><strong>atque</strong></span> <span class='ocrx_word' id='word_1_371' title='bbox 2801 2757 3162 2826; x_wconf 86' lang='lat' dir='ltr'><strong>Theophilum</strong></span> <span class='ocrx_word' id='word_1_372' title='bbox 3206 2758 3469 2814; x_wconf 66' lang='lat' dir='ltr'><strong>Castavao</strong></span> 
     </span>
    </p>
   </div>
   <div class='ocr_carea' id='block_1_58' title="bbox 1889 2848 3467 2920">
    <p class='ocr_par' dir='ltr' id='par_1_58' title="bbox 1889 2848 3467 2920">
     <span class='ocr_line' id='line_1_58' title="bbox 1889 2848 3467 2920; baseline 0.003 -20"><span class='ocrx_word' id='word_1_373' title='bbox 1889 2848 2116 2913; x_wconf 85' lang='lat' dir='ltr'><strong>lensem,</strong></span> <span class='ocrx_word' id='word_1_374' title='bbox 2154 2850 2598 2918; x_wconf 86' lang='lat' dir='ltr'><strong>repromittentes</strong></span> <span class='ocrx_word' id='word_1_375' title='bbox 2641 2865 2735 2918; x_wconf 89' lang='lat' dir='ltr'><strong>per</strong></span> <span class='ocrx_word' id='word_1_376' title='bbox 2768 2851 2916 2918; x_wconf 91' lang='lat' dir='ltr'><strong>ipsos</strong></span> <span class='ocrx_word' id='word_1_377' title='bbox 2958 2851 3200 2920; x_wconf 86' lang='lat' dir='ltr'><strong>recipere</strong></span> <span class='ocrx_word' id='word_1_378' title='bbox 3239 2852 3467 2904; x_wconf 85' lang='lat' dir='ltr'><strong>homon-</strong></span> 
     </span>
    </p>
   </div>
   <div class='ocr_carea' id='block_1_59' title="bbox 1889 2940 3470 3009">
    <p class='ocr_par' dir='ltr' id='par_1_59' title="bbox 1889 2940 3470 3009">
     <span class='ocr_line' id='line_1_59' title="bbox 1889 2940 3470 3009; baseline 0.001 -16"><span class='ocrx_word' id='word_1_379' title='bbox 1889 2940 2176 3005; x_wconf 43' lang='lat' dir='ltr'><strong>siumaQui</strong></span> <span class='ocrx_word' id='word_1_380' title='bbox 2198 2941 2575 3009; x_wconf 87' lang='lat' dir='ltr'><strong>pervenientes</strong></span> <span class='ocrx_word' id='word_1_381' title='bbox 2599 2940 2816 2994; x_wconf 91' lang='lat' dir='ltr'><strong>Liberio</strong></span> <span class='ocrx_word' id='word_1_382' title='bbox 2836 2941 3098 3008; x_wconf 87' lang='lat' dir='ltr'><strong>scriptum</strong></span> <span class='ocrx_word' id='word_1_383' title='bbox 3119 2956 3216 3008; x_wconf 88' lang='lat' dir='ltr'><strong>pro</strong></span> <span class='ocrx_word' id='word_1_384' title='bbox 3235 2942 3470 2995; x_wconf 82' lang='lat' dir='ltr'><strong>Immon-</strong></span> 
     </span>
    </p>
   </div>
   <div class='ocr_carea' id='block_1_60' title="bbox 1891 3031 3466 3102">
    <p class='ocr_par' dir='ltr' id='par_1_60' title="bbox 1891 3031 3466 3102">
     <span class='ocr_line' id='line_1_60' title="bbox 1891 3031 3466 3102; baseline -0.002 -15"><span class='ocrx_word' id='word_1_385' title='bbox 1891 3035 1975 3087; x_wconf 90' lang='lat' dir='ltr'><strong>sio</strong></span> <span class='ocrx_word' id='word_1_386' title='bbox 2027 3042 2390 3102; x_wconf 80' lang='lat' dir='ltr'><strong>porrexerunt</strong></span> <span class='ocrx_word' id='word_1_387' title='bbox 2441 3032 2705 3095; x_wconf 82' lang='lat' dir='ltr'><strong>libellum,</strong></span> <span class='ocrx_word' id='word_1_388' title='bbox 2761 3031 3080 3100; x_wconf 88' lang='lat' dir='ltr'><strong>proﬁtentes</strong></span> <span class='ocrx_word' id='word_1_389' title='bbox 3131 3047 3190 3086; x_wconf 85' lang='lat' dir='ltr'><strong>se</strong></span> <span class='ocrx_word' id='word_1_390' title='bbox 3247 3046 3466 3086; x_wconf 89' lang='lat' dir='ltr'><strong>omnem</strong></span> 
     </span>
    </p>
   </div>
   <div class='ocr_carea' id='block_1_61' title="bbox 207 3120 3470 3200">
    <p class='ocr_par' dir='ltr' id='par_1_61' title="bbox 207 3120 3470 3200">
     <span class='ocr_line' id='line_1_61' title="bbox 207 3120 3470 3200; baseline -0.002 -18"><span class='ocrx_word' id='word_1_391' title='bbox 207 3129 478 3200; x_wconf 84' lang='lat' dir='ltr'><strong>pudenter</strong></span> <span class='ocrx_word' id='word_1_392' title='bbox 518 3126 734 3180; x_wconf 84' lang='lat' dir='ltr'><strong>vivebat</strong></span> <span class='ocrx_word' id='word_1_393' title='bbox 769 3133 932 3192; x_wconf 82' lang='lat' dir='ltr'><strong>atque</strong></span> <span class='ocrx_word' id='word_1_394' title='bbox 966 3124 1262 3191; x_wconf 77' lang='lat' dir='ltr'><strong>gentiliter,</strong></span> <span class='ocrx_word' id='word_1_395' title='bbox 1303 3123 1571 3193; x_wconf 89' lang='lat' dir='ltr'><strong>sanguine</strong></span> <span class='ocrx_word' id='word_1_396' title='bbox 1609 3126 1784 3179; x_wconf 61' lang='lat' dir='ltr'><strong>sacri~</strong></span> <span class='ocrx_word' id='word_1_397' title='bbox 1810 3133 1853 3189; x_wconf 69' lang='grc' dir='ltr'><strong>(ζ</strong></span> <span class='ocrx_word' id='word_1_398' title='bbox 1888 3124 2137 3178; x_wconf 61' lang='grc' dir='ltr'><strong>ᾔει-θείη]</strong></span> <span class='ocrx_word' id='word_1_399' title='bbox 2192 3138 2518 3185; x_wconf 89' lang='lat' dir='ltr'><strong>aversuros,</strong></span> <span class='ocrx_word' id='word_1_400' title='bbox 2583 3138 2706 3192; x_wconf 65' lang='lat' dir='ltr'><strong>quae</strong></span> <span class='ocrx_word' id='word_1_401' title='bbox 2771 3121 2982 3192; x_wconf 81' lang='lat' dir='ltr'><strong>synodo</strong></span> <span class='ocrx_word' id='word_1_402' title='bbox 3035 3120 3269 3177; x_wconf 73' lang='lat' dir='ltr'><strong>Niczcnte</strong></span> <span class='ocrx_word' id='word_1_403' title='bbox 3329 3125 3470 3178; x_wconf 85' lang='lat' dir='ltr'><strong>foret</strong></span> 
     </span>
    </p>
   </div>
   <div class='ocr_carea' id='block_1_62' title="bbox 210 3213 1785 3282">
    <p class='ocr_par' dir='ltr' id='par_1_62' title="bbox 210 3213 1785 3282">
     <span class='ocr_line' id='line_1_62' title="bbox 210 3213 1785 3282; baseline 0 -12"><span class='ocrx_word' id='word_1_404' title='bbox 210 3218 458 3272; x_wconf 87' lang='lat' dir='ltr'><strong>ﬁciorum</strong></span> <span class='ocrx_word' id='word_1_405' title='bbox 521 3223 776 3271; x_wconf 88' lang='lat' dir='ltr'><strong>sanctum</strong></span> <span class='ocrx_word' id='word_1_406' title='bbox 828 3215 1159 3282; x_wconf 90' lang='lat' dir='ltr'><strong>baptismum</strong></span> <span class='ocrx_word' id='word_1_407' title='bbox 1192 3213 1432 3279; x_wconf 87' lang='lat' dir='ltr'><strong>diluens,</strong></span> <span class='ocrx_word' id='word_1_408' title='bbox 1479 3222 1534 3269; x_wconf 86' lang='lat' dir='ltr'><strong>et</strong></span> <span class='ocrx_word' id='word_1_409' title='bbox 1583 3224 1785 3270; x_wconf 88' lang='lat' dir='ltr'><strong>cuncta</strong></span> 
     </span>
    </p>
   </div>
   <div class='ocr_carea' id='block_1_63' title="bbox 206 3308 1512 3380">
    <p class='ocr_par' dir='ltr' id='par_1_63' title="bbox 206 3308 1512 3380">
     <span class='ocr_line' id='line_1_63' title="bbox 206 3308 1512 3380; baseline -0.007 -14"><span class='ocrx_word' id='word_1_410' title='bbox 206 3311 420 3366; x_wconf 83' lang='lat' dir='ltr'><strong>faciens</strong></span> <span class='ocrx_word' id='word_1_411' title='bbox 441 3310 644 3380; x_wconf 88' lang='lat' dir='ltr'><strong>quibus</strong></span> <span class='ocrx_word' id='word_1_412' title='bbox 684 3308 959 3362; x_wconf 62' lang='lat' dir='ltr'><strong>daamones</strong></span> <span class='ocrx_word' id='word_1_413' title='bbox 987 3308 1188 3376; x_wconf 82' lang='lat' dir='ltr'><strong>placari</strong></span> <span class='ocrx_word' id='word_1_414' title='bbox 1227 3313 1512 3362; x_wconf 88' lang='lat' dir='ltr'><strong>suescunt.</strong></span> 
     </span>
    </p>
   </div>
   <div class='ocr_carea' id='block_1_64' title="bbox 280 3394 1783 3464">
    <p class='ocr_par' dir='ltr' id='par_1_64' title="bbox 280 3394 1783 3464">
     <span class='ocr_line' id='line_1_64' title="bbox 280 3394 1783 3464; baseline -0.005 -8"><span class='ocrx_word' id='word_1_415' title='bbox 280 3402 462 3456; x_wconf 69' lang='lat' dir='ltr'><strong>Mundi</strong></span> <span class='ocrx_word' id='word_1_416' title='bbox 491 3415 637 3455; x_wconf 89' lang='lat' dir='ltr'><strong>anno</strong></span> <span class='ocrx_word' id='word_1_417' title='bbox 667 3399 828 3464; x_wconf 87' lang='lat'><strong>5856,</strong></span> <span class='ocrx_word' id='word_1_418' title='bbox 847 3399 1046 3454; x_wconf 67' lang='lat' dir='ltr'><strong>divina:</strong></span> <span class='ocrx_word' id='word_1_419' title='bbox 1069 3398 1464 3454; x_wconf 88' lang='lat' dir='ltr'><strong>incarnationis</strong></span> <span class='ocrx_word' id='word_1_420' title='bbox 1489 3412 1632 3452; x_wconf 86' lang='lat' dir='ltr'><strong>anno</strong></span> <span class='ocrx_word' id='word_1_421' title='bbox 1657 3394 1783 3457; x_wconf 77' lang='grc'><strong>556,</strong></span> 
     </span>
    </p>
   </div>
   <div class='ocr_carea' id='block_1_65' title="bbox 204 3488 1786 3552">
    <p class='ocr_par' dir='ltr' id='par_1_65' title="bbox 204 3488 1786 3552">
     <span class='ocr_line' id='line_1_65' title="bbox 204 3488 1786 3552; baseline -0.004 -3"><span class='ocrx_word' id='word_1_422' title='bbox 204 3493 470 3549; x_wconf 81' lang='lat' dir='ltr'><strong>Jovianus</strong></span> <span class='ocrx_word' id='word_1_423' title='bbox 503 3489 862 3552; x_wconf 88' lang='lat' dir='ltr'><strong>chiliarchus,</strong></span> <span class='ocrx_word' id='word_1_424' title='bbox 887 3489 970 3541; x_wconf 83' lang='lat' dir='ltr'><strong>vir</strong></span> <span class='ocrx_word' id='word_1_425' title='bbox 1001 3488 1328 3544; x_wconf 82' lang='lat' dir='ltr'><strong>mitissimus</strong></span> <span class='ocrx_word' id='word_1_426' title='bbox 1358 3497 1412 3543; x_wconf 91' lang='lat' dir='ltr'><strong>et</strong></span> <span class='ocrx_word' id='word_1_427' title='bbox 1444 3488 1786 3542; x_wconf 86' lang='lat' dir='ltr'><strong>orthodoxus</strong></span> 
     </span>
    </p>
   </div>
   <div class='ocr_carea' id='block_1_66' title="bbox 207 3580 1787 3652">
    <p class='ocr_par' dir='ltr' id='par_1_66' title="bbox 207 3580 1787 3652">
     <span class='ocr_line' id='line_1_66' title="bbox 207 3580 1787 3652; baseline -0.006 -9"><span class='ocrx_word' id='word_1_428' title='bbox 207 3585 580 3647; x_wconf 86' lang='lat' dir='ltr'><strong>Christianus,</strong></span> <span class='ocrx_word' id='word_1_429' title='bbox 621 3584 920 3652; x_wconf 87' lang='lat' dir='ltr'><strong>imperator</strong></span> <span class='ocrx_word' id='word_1_430' title='bbox 954 3580 1327 3635; x_wconf 82' lang='lat' dir='ltr'><strong>Romanorum</strong></span> <span class='ocrx_word' id='word_1_431' title='bbox 1353 3581 1422 3634; x_wconf 92' lang='lat' dir='ltr'><strong>ab</strong></span> <span class='ocrx_word' id='word_1_432' title='bbox 1451 3581 1597 3635; x_wconf 90' lang='lat' dir='ltr'><strong>omni</strong></span> <span class='ocrx_word' id='word_1_433' title='bbox 1626 3595 1787 3634; x_wconf 88' lang='lat' dir='ltr'><strong>exer-</strong></span> 
     </span>
    </p>
   </div>
   <div class='ocr_carea' id='block_1_67' title="bbox 207 3672 1782 3742">
    <p class='ocr_par' dir='ltr' id='par_1_67' title="bbox 207 3672 1782 3742">
     <span class='ocr_line' id='line_1_67' title="bbox 207 3672 1782 3742; baseline -0.004 -13"><span class='ocrx_word' id='word_1_434' title='bbox 207 3678 322 3731; x_wconf 88' lang='lat' dir='ltr'><strong>citu</strong></span> <span class='ocrx_word' id='word_1_435' title='bbox 358 3691 422 3729; x_wconf 91' lang='lat' dir='ltr'><strong>ac</strong></span> <span class='ocrx_word' id='word_1_436' title='bbox 467 3675 880 3742; x_wconf 79' lang='lat' dir='ltr'><strong>magistratibus</strong></span> <span class='ocrx_word' id='word_1_437' title='bbox 929 3683 1093 3742; x_wconf 88' lang='lat' dir='ltr'><strong>atque</strong></span> <span class='ocrx_word' id='word_1_438' title='bbox 1135 3672 1460 3728; x_wconf 89' lang='lat' dir='ltr'><strong>consulibus</strong></span> <span class='ocrx_word' id='word_1_439' title='bbox 1502 3673 1556 3724; x_wconf 91' lang='lat' dir='ltr'><strong>in</strong></span> <span class='ocrx_word' id='word_1_440' title='bbox 1594 3672 1782 3725; x_wconf 89' lang='lat' dir='ltr'><strong>eodem</strong></span> 
     </span>
    </p>
   </div>
   <div class='ocr_carea' id='block_1_68' title="bbox 209 3762 1782 3834">
    <p class='ocr_par' dir='ltr' id='par_1_68' title="bbox 209 3762 1782 3834">
     <span class='ocr_line' id='line_1_68' title="bbox 209 3762 1782 3834; baseline -0.002 -18"><span class='ocrx_word' id='word_1_441' title='bbox 209 3765 332 3821; x_wconf 86' lang='lat' dir='ltr'><strong>loco</strong></span> <span class='ocrx_word' id='word_1_442' title='bbox 365 3775 522 3820; x_wconf 76' lang='lat' dir='ltr'><strong>terra:</strong></span> <span class='ocrx_word' id='word_1_443' title='bbox 554 3764 870 3828; x_wconf 82' lang='lat' dir='ltr'><strong>Persarum,</strong></span> <span class='ocrx_word' id='word_1_444' title='bbox 915 3765 966 3818; x_wconf 92' lang='lat' dir='ltr'><strong>in</strong></span> <span class='ocrx_word' id='word_1_445' title='bbox 995 3779 1105 3832; x_wconf 90' lang='lat' dir='ltr'><strong>quo</strong></span> <span class='ocrx_word' id='word_1_446' title='bbox 1139 3764 1520 3834; x_wconf 66' lang='lat' dir='ltr'><strong>praevaricator</strong></span> <span class='ocrx_word' id='word_1_447' title='bbox 1555 3762 1782 3822; x_wconf 90' lang='lat' dir='ltr'><strong>interiit,</strong></span> 
     </span>
    </p>
   </div>
   <div class='ocr_carea' id='block_1_69' title="bbox 208 3855 1784 3927">
    <p class='ocr_par' dir='ltr' id='par_1_69' title="bbox 208 3855 1784 3927">
     <span class='ocr_line' id='line_1_69' title="bbox 208 3855 1784 3927; baseline -0.003 -15"><span class='ocrx_word' id='word_1_448' title='bbox 208 3869 605 3927; x_wconf 71' lang='lat' dir='ltr'><strong>nuncupatur,</strong></span> <span class='ocrx_word' id='word_1_449' title='bbox 650 3856 743 3927; x_wconf 91' lang='lat' dir='ltr'><strong>qui</strong></span> <span class='ocrx_word' id='word_1_450' title='bbox 785 3855 1076 3911; x_wconf 88' lang='lat' dir='ltr'><strong>recusabat</strong></span> <span class='ocrx_word' id='word_1_451' title='bbox 1108 3855 1420 3925; x_wconf 87' lang='lat' dir='ltr'><strong>imperium,</strong></span> <span class='ocrx_word' id='word_1_452' title='bbox 1460 3868 1784 3908; x_wconf 85' lang='lat' dir='ltr'><strong>asseverans</strong></span> 
     </span>
    </p>
   </div>
   <div class='ocr_carea' id='block_1_70' title="bbox 207 3945 1784 4019">
    <p class='ocr_par' dir='ltr' id='par_1_70' title="bbox 207 3945 1784 4019">
     <span class='ocr_line' id='line_1_70' title="bbox 207 3945 1784 4019; baseline -0.004 -14"><span class='ocrx_word' id='word_1_453' title='bbox 207 3967 318 4008; x_wconf 90' lang='lat' dir='ltr'><strong>non</strong></span> <span class='ocrx_word' id='word_1_454' title='bbox 350 3965 408 4004; x_wconf 89' lang='lat' dir='ltr'><strong>se</strong></span> <span class='ocrx_word' id='word_1_455' title='bbox 434 3964 595 4019; x_wconf 86' lang='lat' dir='ltr'><strong>posse</strong></span> <span class='ocrx_word' id='word_1_456' title='bbox 641 3948 938 4018; x_wconf 87' lang='lat' dir='ltr'><strong>principari</strong></span> <span class='ocrx_word' id='word_1_457' title='bbox 968 3946 1232 4003; x_wconf 84' lang='lat' dir='ltr'><strong>exercitui</strong></span> <span class='ocrx_word' id='word_1_458' title='bbox 1267 3946 1358 4016; x_wconf 90' lang='lat' dir='ltr'><strong>qui</strong></span> <span class='ocrx_word' id='word_1_459' title='bbox 1406 3960 1650 4015; x_wconf 82' lang='lat' dir='ltr'><strong>paganus</strong></span> <span class='ocrx_word' id='word_1_460' title='bbox 1682 3945 1784 3999; x_wconf 87' lang='lat' dir='ltr'><strong>sub</strong></span> 
     </span>
    </p>
   </div>
   <div class='ocr_carea' id='block_1_71' title="bbox 203 4036 1785 4110">
    <p class='ocr_par' dir='ltr' id='par_1_71' title="bbox 203 4036 1785 4110">
     <span class='ocr_line' id='line_1_71' title="bbox 203 4036 1785 4110; baseline -0.006 -12"><span class='ocrx_word' id='word_1_461' title='bbox 203 4045 426 4098; x_wconf 80' lang='lat' dir='ltr'><strong>Juliano</strong></span> <span class='ocrx_word' id='word_1_462' title='bbox 452 4045 524 4098; x_wconf 91' lang='lat' dir='ltr'><strong>sit</strong></span> <span class='ocrx_word' id='word_1_463' title='bbox 553 4047 730 4097; x_wconf 78' lang='lat' dir='ltr'><strong>factus</strong></span> <span class='ocrx_word' id='word_1_464' title='bbox 756 4058 773 4108; x_wconf 89' lang='lat'><strong>;</strong></span> <span class='ocrx_word' id='word_1_465' title='bbox 802 4041 867 4095; x_wconf 91' lang='lat' dir='ltr'><strong>ad</strong></span> <span class='ocrx_word' id='word_1_466' title='bbox 899 4055 1058 4110; x_wconf 91' lang='lat' dir='ltr'><strong>quem</strong></span> <span class='ocrx_word' id='word_1_467' title='bbox 1089 4055 1285 4094; x_wconf 87' lang='lat' dir='ltr'><strong>omnes</strong></span> <span class='ocrx_word' id='word_1_468' title='bbox 1316 4038 1646 4092; x_wconf 88' lang='lat' dir='ltr'><strong>unanimiter</strong></span> <span class='ocrx_word' id='word_1_469' title='bbox 1673 4036 1785 4090; x_wconf 89' lang='lat' dir='ltr'><strong>cla-</strong></span> 
     </span>
    </p>
   </div>
   <div class='ocr_carea' id='block_1_72' title="bbox 205 4125 1783 4200">
    <p class='ocr_par' dir='ltr' id='par_1_72' title="bbox 205 4125 1783 4200">
     <span class='ocr_line' id='line_1_72' title="bbox 205 4125 1783 4200; baseline -0.005 -10"><span class='ocrx_word' id='word_1_470' title='bbox 205 4150 426 4190; x_wconf 88' lang='lat' dir='ltr'><strong>mavere</strong></span> <span class='ocrx_word' id='word_1_471' title='bbox 455 4149 514 4189; x_wconf 87' lang='lat' dir='ltr'><strong>se</strong></span> <span class='ocrx_word' id='word_1_472' title='bbox 549 4134 893 4188; x_wconf 84' lang='lat' dir='ltr'><strong>Christianos</strong></span> <span class='ocrx_word' id='word_1_473' title='bbox 936 4146 1078 4186; x_wconf 88' lang='lat' dir='ltr'><strong>esse.</strong></span> <span class='ocrx_word' id='word_1_474' title='bbox 1117 4129 1354 4200; x_wconf 89' lang='lat' dir='ltr'><strong>Scripsit</strong></span> <span class='ocrx_word' id='word_1_475' title='bbox 1391 4139 1648 4199; x_wconf 64' lang='lat' dir='ltr'><strong>praeterea</strong></span> <span class='ocrx_word' id='word_1_476' title='bbox 1688 4125 1783 4182; x_wconf 77' lang='lat' dir='ltr'><strong>Jo-</strong></span> 
     </span>
    </p>
   </div>
   <div class='ocr_carea' id='block_1_73' title="bbox 205 4218 1781 4280">
    <p class='ocr_par' dir='ltr' id='par_1_73' title="bbox 205 4218 1781 4280">
     <span class='ocr_line' id='line_1_73' title="bbox 205 4218 1781 4280; baseline -0.004 -1"><span class='ocrx_word' id='word_1_477' title='bbox 205 4230 402 4280; x_wconf 79' lang='lat' dir='ltr'><strong>vianus</strong></span> <span class='ocrx_word' id='word_1_478' title='bbox 423 4224 795 4280; x_wconf 88' lang='lat' dir='ltr'><strong>sacratissimo</strong></span> <span class='ocrx_word' id='word_1_479' title='bbox 819 4221 1123 4278; x_wconf 86' lang='lat' dir='ltr'><strong>Athanasio</strong></span> <span class='ocrx_word' id='word_1_480' title='bbox 1147 4221 1508 4276; x_wconf 70' lang='lat' dir='ltr'><strong>immaculata:</strong></span> <span class='ocrx_word' id='word_1_481' title='bbox 1529 4220 1650 4274; x_wconf 89' lang='lat' dir='ltr'><strong>ﬁdei</strong></span> <span class='ocrx_word' id='word_1_482' title='bbox 1676 4218 1781 4274; x_wconf 89' lang='lat' dir='ltr'><strong>sibi</strong></span> 
     </span>
    </p>
   </div>
   <div class='ocr_carea' id='block_1_74' title="bbox 204 4318 1780 4393">
    <p class='ocr_par' dir='ltr' id='par_1_74' title="bbox 204 4318 1780 4393">
     <span class='ocr_line' id='line_1_74' title="bbox 204 4318 1780 4393; baseline -0.004 -13"><span class='ocrx_word' id='word_1_483' title='bbox 204 4322 509 4393; x_wconf 82' lang='lat' dir='ltr'><strong>signiﬁcari</strong></span> <span class='ocrx_word' id='word_1_484' title='bbox 565 4321 620 4377; x_wconf 91' lang='lat' dir='ltr'><strong>in</strong></span> <span class='ocrx_word' id='word_1_485' title='bbox 667 4322 887 4390; x_wconf 85' lang='lat' dir='ltr'><strong>scriptis</strong></span> <span class='ocrx_word' id='word_1_486' title='bbox 932 4320 1276 4386; x_wconf 90' lang='lat' dir='ltr'><strong>acribeiam;</strong></span> <span class='ocrx_word' id='word_1_487' title='bbox 1328 4319 1474 4389; x_wconf 92' lang='lat' dir='ltr'><strong>quod</strong></span> <span class='ocrx_word' id='word_1_488' title='bbox 1525 4327 1580 4374; x_wconf 91' lang='lat' dir='ltr'><strong>et</strong></span> <span class='ocrx_word' id='word_1_489' title='bbox 1629 4318 1780 4386; x_wconf 86' lang='lat' dir='ltr'><strong>fecit,</strong></span> 
     </span>
    </p>
   </div>
   <div class='ocr_carea' id='block_1_75' title="bbox 205 4411 1781 4482">
    <p class='ocr_par' dir='ltr' id='par_1_75' title="bbox 205 4411 1781 4482">
     <span class='ocr_line' id='line_1_75' title="bbox 205 4411 1781 4482; baseline -0.002 -12"><span class='ocrx_word' id='word_1_490' title='bbox 205 4417 377 4471; x_wconf 87' lang='lat' dir='ltr'><strong>totius</strong></span> <span class='ocrx_word' id='word_1_491' title='bbox 411 4415 746 4468; x_wconf 80' lang='lat' dir='ltr'><strong>orthodoxiae</strong></span> <span class='ocrx_word' id='word_1_492' title='bbox 763 4412 994 4468; x_wconf 86' lang='lat' dir='ltr'><strong>Joviano</strong></span> <span class='ocrx_word' id='word_1_493' title='bbox 1020 4411 1307 4482; x_wconf 90' lang='lat' dir='ltr'><strong>epistolam</strong></span> <span class='ocrx_word' id='word_1_494' title='bbox 1333 4411 1602 4466; x_wconf 88' lang='lat' dir='ltr'><strong>scribens.</strong></span> <span class='ocrx_word' id='word_1_495' title='bbox 1631 4411 1781 4469; x_wconf 90' lang='lat' dir='ltr'><strong>Unde</strong></span> 
     </span>
    </p>
   </div>
   <div class='ocr_carea' id='block_1_76' title="bbox 1890 3212 3466 3283">
    <p class='ocr_par' dir='ltr' id='par_1_76' title="bbox 1890 3212 3466 3283">
     <span class='ocr_line' id='line_1_76' title="bbox 1890 3212 3466 3283; baseline 0.001 -16"><span class='ocrx_word' id='word_1_496' title='bbox 1890 3215 2152 3278; x_wconf 87' lang='lat' dir='ltr'><strong>adversa;</strong></span> <span class='ocrx_word' id='word_1_497' title='bbox 2181 3215 2379 3283; x_wconf 89' lang='lat' dir='ltr'><strong>quibus</strong></span> <span class='ocrx_word' id='word_1_498' title='bbox 2406 3223 2457 3268; x_wconf 90' lang='lat' dir='ltr'><strong>et</strong></span> <span class='ocrx_word' id='word_1_499' title='bbox 2487 3215 2722 3282; x_wconf 86' lang='lat' dir='ltr'><strong>receptis</strong></span> <span class='ocrx_word' id='word_1_500' title='bbox 2741 3212 2991 3266; x_wconf 88' lang='lat' dir='ltr'><strong>Liberius</strong></span> <span class='ocrx_word' id='word_1_501' title='bbox 3018 3214 3466 3277; x_wconf 87' lang='lat' dir='ltr'><strong>communicavit,</strong></span> 
     </span>
    </p>
   </div>
   <div class='ocr_carea' id='block_1_77' title="bbox 1890 3304 3469 3376">
    <p class='ocr_par' dir='ltr' id='par_1_77' title="bbox 1890 3304 3469 3376">
     <span class='ocr_line' id='line_1_77' title="bbox 1890 3304 3469 3376; baseline -0.001 -14"><span class='ocrx_word' id='word_1_502' title='bbox 1890 3308 2243 3376; x_wconf 86' lang='lat' dir='ltr'><strong>scribensque</strong></span> <span class='ocrx_word' id='word_1_503' title='bbox 2257 3304 2627 3361; x_wconf 81' lang='lat' dir='ltr'><strong>Orientalibus</strong></span> <span class='ocrx_word' id='word_1_504' title='bbox 2653 3305 3020 3360; x_wconf 87' lang='lat' dir='ltr'><strong>testimonium</strong></span> <span class='ocrx_word' id='word_1_505' title='bbox 3050 3305 3159 3359; x_wconf 90' lang='lat' dir='ltr'><strong>illis</strong></span> <span class='ocrx_word' id='word_1_506' title='bbox 3191 3306 3469 3376; x_wconf 89' lang='lat' dir='ltr'><strong>perhibuit</strong></span> 
     </span>
    </p>
   </div>
   <div class='ocr_carea' id='block_1_78' title="bbox 1889 3398 2245 3453">
    <p class='ocr_par' dir='ltr' id='par_1_78' title="bbox 1889 3398 2245 3453">
     <span class='ocr_line' id='line_1_78' title="bbox 1889 3398 2245 3453; baseline -0.003 0"><span class='ocrx_word' id='word_1_507' title='bbox 1889 3398 2245 3453; x_wconf 67' lang='lat' dir='ltr'><strong>orthodoxi&#39;ze.</strong></span> 
     </span>
    </p>
   </div>
   <div class='ocr_carea' id='block_1_79' title="bbox 1960 3489 3465 3557">
    <p class='ocr_par' dir='ltr' id='par_1_79' title="bbox 1960 3489 3465 3557">
     <span class='ocr_line' id='line_1_79' title="bbox 1960 3489 3465 3557; baseline 0.001 -13"><span class='ocrx_word' id='word_1_508' title='bbox 1960 3489 2144 3544; x_wconf 80' lang='lat' dir='ltr'><strong>Mundi</strong></span> <span class='ocrx_word' id='word_1_509' title='bbox 2167 3505 2311 3544; x_wconf 92' lang='lat' dir='ltr'><strong>anno</strong></span> <span class='ocrx_word' id='word_1_510' title='bbox 2341 3490 2503 3557; x_wconf 70' lang='lat'><strong>5861,</strong></span> <span class='ocrx_word' id='word_1_511' title='bbox 2527 3490 2723 3548; x_wconf 65' lang='lat' dir='ltr'><strong>divinae</strong></span> <span class='ocrx_word' id='word_1_512' title='bbox 2747 3492 3145 3548; x_wconf 89' lang='lat' dir='ltr'><strong>incarnationis</strong></span> <span class='ocrx_word' id='word_1_513' title='bbox 3169 3506 3315 3547; x_wconf 90' lang='lat' dir='ltr'><strong>anno</strong></span> <span class='ocrx_word' id='word_1_514' title='bbox 3339 3492 3465 3557; x_wconf 76' lang='lat'><strong>561,</strong></span> 
     </span>
    </p>
   </div>
   <div class='ocr_carea' id='block_1_80' title="bbox 1888 3583 3466 3654">
    <p class='ocr_par' dir='ltr' id='par_1_80' title="bbox 1888 3583 3466 3654">
     <span class='ocr_line' id='line_1_80' title="bbox 1888 3583 3466 3654; baseline 0.002 -18"><span class='ocrx_word' id='word_1_515' title='bbox 1888 3584 2177 3637; x_wconf 90' lang='lat' dir='ltr'><strong>concilium</strong></span> <span class='ocrx_word' id='word_1_516' title='bbox 2220 3583 2503 3650; x_wconf 81' lang='lat' dir='ltr'><strong>Tyanense</strong></span> <span class='ocrx_word' id='word_1_517' title='bbox 2533 3584 2863 3638; x_wconf 87' lang='lat' dir='ltr'><strong>celebratmn</strong></span> <span class='ocrx_word' id='word_1_518' title='bbox 2890 3593 2996 3650; x_wconf 90' lang='lat' dir='ltr'><strong>est,</strong></span> <span class='ocrx_word' id='word_1_519' title='bbox 3028 3587 3082 3639; x_wconf 91' lang='lat' dir='ltr'><strong>in</strong></span> <span class='ocrx_word' id='word_1_520' title='bbox 3128 3601 3236 3654; x_wconf 92' lang='lat' dir='ltr'><strong>quo</strong></span> <span class='ocrx_word' id='word_1_521' title='bbox 3261 3587 3466 3640; x_wconf 83' lang='lat' dir='ltr'><strong>inventi</strong></span> 
     </span>
    </p>
   </div>
   <div class='ocr_carea' id='block_1_81' title="bbox 1889 3675 3467 3747">
    <p class='ocr_par' dir='ltr' id='par_1_81' title="bbox 1889 3675 3467 3747">
     <span class='ocr_line' id='line_1_81' title="bbox 1889 3675 3467 3747; baseline 0.001 -18"><span class='ocrx_word' id='word_1_522' title='bbox 1889 3685 2018 3729; x_wconf 90' lang='lat' dir='ltr'><strong>sunt</strong></span> <span class='ocrx_word' id='word_1_523' title='bbox 2047 3675 2313 3730; x_wconf 80' lang='lat' dir='ltr'><strong>Eusebius</strong></span> <span class='ocrx_word' id='word_1_524' title='bbox 2355 3675 2712 3730; x_wconf 63' lang='lat' dir='ltr'><strong>Casariensis</strong></span> <span class='ocrx_word' id='word_1_525' title='bbox 2748 3677 3124 3746; x_wconf 73' lang='lat' dir='ltr'><strong>Cappadociae,</strong></span> <span class='ocrx_word' id='word_1_526' title='bbox 3167 3677 3467 3747; x_wconf 83' lang='lat' dir='ltr'><strong>Gregorius</strong></span> 
     </span>
    </p>
   </div>
   <div class='ocr_carea' id='block_1_82' title="bbox 1888 3766 3468 3840">
    <p class='ocr_par' dir='ltr' id='par_1_82' title="bbox 1888 3766 3468 3840">
     <span class='ocr_line' id='line_1_82' title="bbox 1888 3766 3468 3840; baseline 0.001 -19"><span class='ocrx_word' id='word_1_527' title='bbox 1888 3767 2265 3823; x_wconf 81' lang='lat' dir='ltr'><strong>Nazianzenus</strong></span> <span class='ocrx_word' id='word_1_528' title='bbox 2315 3775 2468 3837; x_wconf 89' lang='lat' dir='ltr'><strong>pater</strong></span> <span class='ocrx_word' id='word_1_529' title='bbox 2515 3766 2763 3836; x_wconf 76' lang='lat' dir='ltr'><strong>Gregorii</strong></span> <span class='ocrx_word' id='word_1_530' title='bbox 2811 3770 3067 3838; x_wconf 86' lang='lat' dir='ltr'><strong>deiloqui,</strong></span> <span class='ocrx_word' id='word_1_531' title='bbox 3100 3771 3190 3840; x_wconf 90' lang='lat' dir='ltr'><strong>qui</strong></span> <span class='ocrx_word' id='word_1_532' title='bbox 3246 3779 3298 3823; x_wconf 90' lang='lat' dir='ltr'><strong>et</strong></span> <span class='ocrx_word' id='word_1_533' title='bbox 3353 3772 3468 3838; x_wconf 82' lang='lat' dir='ltr'><strong>ipse</strong></span> 
     </span>
    </p>
   </div>
   <div class='ocr_carea' id='block_1_83' title="bbox 1886 3860 3467 3929">
    <p class='ocr_par' dir='ltr' id='par_1_83' title="bbox 1886 3860 3467 3929">
     <span class='ocr_line' id='line_1_83' title="bbox 1886 3860 3467 3929; baseline 0.002 -15"><span class='ocrx_word' id='word_1_534' title='bbox 1886 3860 2261 3915; x_wconf 78' lang='lat' dir='ltr'><strong>Nazianzenus</strong></span> <span class='ocrx_word' id='word_1_535' title='bbox 2302 3861 2624 3929; x_wconf 87' lang='lat' dir='ltr'><strong>appellatur,</strong></span> <span class='ocrx_word' id='word_1_536' title='bbox 2659 3870 2712 3914; x_wconf 89' lang='lat' dir='ltr'><strong>et</strong></span> <span class='ocrx_word' id='word_1_537' title='bbox 2745 3860 2979 3916; x_wconf 85' lang='lat' dir='ltr'><strong>Trienus</strong></span> <span class='ocrx_word' id='word_1_538' title='bbox 3013 3862 3381 3918; x_wconf 77' lang='lat' dir='ltr'><strong>Melitenensis</strong></span> <span class='ocrx_word' id='word_1_539' title='bbox 3412 3873 3467 3917; x_wconf 85' lang='lat' dir='ltr'><strong>et</strong></span> 
     </span>
    </p>
   </div>
   <div class='ocr_carea' id='block_1_84' title="bbox 1887 3952 3466 4022">
    <p class='ocr_par' dir='ltr' id='par_1_84' title="bbox 1887 3952 3466 4022">
     <span class='ocr_line' id='line_1_84' title="bbox 1887 3952 3466 4022; baseline 0 -14"><span class='ocrx_word' id='word_1_540' title='bbox 1887 3955 1974 4008; x_wconf 89' lang='lat' dir='ltr'><strong>alii</strong></span> <span class='ocrx_word' id='word_1_541' title='bbox 2006 3971 2020 4015; x_wconf 87' lang='lat'><strong>;</strong></span> <span class='ocrx_word' id='word_1_542' title='bbox 2051 3954 2140 4022; x_wconf 92' lang='lat' dir='ltr'><strong>qui</strong></span> <span class='ocrx_word' id='word_1_543' title='bbox 2166 3968 2333 4022; x_wconf 88' lang='lat' dir='ltr'><strong>super</strong></span> <span class='ocrx_word' id='word_1_544' title='bbox 2367 3952 2570 4008; x_wconf 88' lang='lat' dir='ltr'><strong>Liberii</strong></span> <span class='ocrx_word' id='word_1_545' title='bbox 2608 3953 2806 4007; x_wconf 89' lang='lat' dir='ltr'><strong>litteris</strong></span> <span class='ocrx_word' id='word_1_546' title='bbox 2841 3955 3178 4010; x_wconf 85' lang='lat' dir='ltr'><strong>exsultantes</strong></span> <span class='ocrx_word' id='word_1_547' title='bbox 3214 3956 3466 4009; x_wconf 60' lang='lat' dir='ltr'><strong>omnibus</strong></span> 
     </span>
    </p>
   </div>
   <div class='ocr_carea' id='block_1_85' title="bbox 1885 4045 3464 4116">
    <p class='ocr_par' dir='ltr' id='par_1_85' title="bbox 1885 4045 3464 4116">
     <span class='ocr_line' id='line_1_85' title="bbox 1885 4045 3464 4116; baseline 0 -16"><span class='ocrx_word' id='word_1_548' title='bbox 1885 4045 2208 4100; x_wconf 85' lang='lat' dir='ltr'><strong>orthodoxis</strong></span> <span class='ocrx_word' id='word_1_549' title='bbox 2257 4045 2709 4115; x_wconf 87' lang='lat' dir='ltr'><strong>signiﬁcaverunt</strong></span> <span class='ocrx_word' id='word_1_550' title='bbox 2751 4046 3023 4115; x_wconf 82' lang='lat' dir='ltr'><strong>episcopis</strong></span> <span class='ocrx_word' id='word_1_551' title='bbox 3071 4061 3181 4116; x_wconf 91' lang='lat' dir='ltr'><strong>quo</strong></span> <span class='ocrx_word' id='word_1_552' title='bbox 3231 4045 3464 4102; x_wconf 84' lang='lat' dir='ltr'><strong>Tarsum</strong></span> 
     </span>
    </p>
   </div>
   <div class='ocr_carea' id='block_1_86' title="bbox 1885 4138 3461 4204">
    <p class='ocr_par' dir='ltr' id='par_1_86' title="bbox 1885 4138 3461 4204">
     <span class='ocr_line' id='line_1_86' title="bbox 1885 4138 3461 4204; baseline -0.001 -13"><span class='ocrx_word' id='word_1_553' title='bbox 1885 4139 1938 4192; x_wconf 93' lang='lat' dir='ltr'><strong>in</strong></span> <span class='ocrx_word' id='word_1_554' title='bbox 1993 4138 2466 4192; x_wconf 88' lang='lat' dir='ltr'><strong>conﬁrmationem</strong></span> <span class='ocrx_word' id='word_1_555' title='bbox 2512 4153 2656 4192; x_wconf 74' lang='lat' dir='ltr'><strong>verre</strong></span> <span class='ocrx_word' id='word_1_556' title='bbox 2695 4146 2859 4192; x_wconf 61' lang='lat' dir='ltr'><strong>rectm</strong></span> <span class='ocrx_word' id='word_1_557' title='bbox 2905 4138 3025 4193; x_wconf 86' lang='lat' dir='ltr'><strong>ﬁdei</strong></span> <span class='ocrx_word' id='word_1_558' title='bbox 3061 4140 3461 4204; x_wconf 88' lang='lat' dir='ltr'><strong>convenirent;</strong></span> 
     </span>
    </p>
   </div>
   <div class='ocr_carea' id='block_1_87' title="bbox 1885 4230 3227 4302">
    <p class='ocr_par' dir='ltr' id='par_1_87' title="bbox 1885 4230 3227 4302">
     <span class='ocr_line' id='line_1_87' title="bbox 1885 4230 3227 4302; baseline 0.001 -17"><span class='ocrx_word' id='word_1_559' title='bbox 1885 4249 1994 4302; x_wconf 89' lang='lat' dir='ltr'><strong>quo</strong></span> <span class='ocrx_word' id='word_1_560' title='bbox 2024 4232 2210 4285; x_wconf 84' lang='lat' dir='ltr'><strong>auditu</strong></span> <span class='ocrx_word' id='word_1_561' title='bbox 2238 4230 2440 4286; x_wconf 77' lang='lat' dir='ltr'><strong>Valens</strong></span> <span class='ocrx_word' id='word_1_562' title='bbox 2473 4247 2568 4286; x_wconf 88' lang='lat' dir='ltr'><strong>eos</strong></span> <span class='ocrx_word' id='word_1_563' title='bbox 2603 4231 2880 4300; x_wconf 85' lang='lat' dir='ltr'><strong>prohibuit</strong></span> <span class='ocrx_word' id='word_1_564' title='bbox 2912 4231 3227 4286; x_wconf 88' lang='lat' dir='ltr'><strong>convenire.</strong></span> 
     </span>
    </p>
   </div>
   <div class='ocr_carea' id='block_1_88' title="bbox 1952 4317 3458 4393">
    <p class='ocr_par' dir='ltr' id='par_1_88' title="bbox 1952 4317 3458 4393">
     <span class='ocr_line' id='line_1_88' title="bbox 1952 4317 3458 4393; baseline -0.001 -16"><span class='ocrx_word' id='word_1_565' title='bbox 1952 4321 2202 4392; x_wconf 81' lang='lat' dir='ltr'><strong>Cyziceni</strong></span> <span class='ocrx_word' id='word_1_566' title='bbox 2225 4321 2742 4376; x_wconf 88' lang='lat' dir='ltr'><strong>autcmEunomium</strong></span> <span class='ocrx_word' id='word_1_567' title='bbox 2775 4323 3008 4378; x_wconf 90' lang='lat' dir='ltr'><strong>insecuti</strong></span> <span class='ocrx_word' id='word_1_568' title='bbox 3040 4331 3167 4378; x_wconf 90' lang='lat' dir='ltr'><strong>sunt</strong></span> <span class='ocrx_word' id='word_1_569' title='bbox 3202 4317 3458 4393; x_wconf 76' lang='lat' dir='ltr'><strong>taﬁquam</strong></span> 
     </span>
    </p>
   </div>
   <div class='ocr_carea' id='block_1_89' title="bbox 1885 4415 3464 4484">
    <p class='ocr_par' dir='ltr' id='par_1_89' title="bbox 1885 4415 3464 4484">
     <span class='ocr_line' id='line_1_89' title="bbox 1885 4415 3464 4484; baseline -0.001 -15"><span class='ocrx_word' id='word_1_570' title='bbox 1885 4415 2202 4469; x_wconf 65' lang='lat' dir='ltr'><strong>haarelicum</strong></span> <span class='ocrx_word' id='word_1_571' title='bbox 2239 4422 2294 4468; x_wconf 89' lang='lat' dir='ltr'><strong>et</strong></span> <span class='ocrx_word' id='word_1_572' title='bbox 2331 4415 2728 4484; x_wconf 90' lang='lat' dir='ltr'><strong>blasphemum,</strong></span> <span class='ocrx_word' id='word_1_573' title='bbox 2763 4416 2853 4484; x_wconf 91' lang='lat' dir='ltr'><strong>qui</strong></span> <span class='ocrx_word' id='word_1_574' title='bbox 2898 4415 3120 4469; x_wconf 81' lang='lat' dir='ltr'><strong>veniens</strong></span> <span class='ocrx_word' id='word_1_575' title='bbox 3150 4415 3338 4469; x_wconf 89' lang='lat' dir='ltr'><strong>unitus</strong></span> <span class='ocrx_word' id='word_1_576' title='bbox 3379 4423 3464 4469; x_wconf 87' lang='lat' dir='ltr'><strong>est</strong></span> 
     </span>
    </p>
   </div>
   <div class='ocr_carea' id='block_1_90' title="bbox 202 4475 3464 4575">
    <p class='ocr_par' dir='ltr' id='par_1_90' title="bbox 202 4475 3464 4575">
     <span class='ocr_line' id='line_1_90' title="bbox 202 4475 3464 4575; baseline -0.002 -11"><span class='ocrx_word' id='word_1_577' title='bbox 202 4508 470 4564; x_wconf 71' lang='lat' dir='ltr'><strong>Jovranus</strong></span> <span class='ocrx_word' id='word_1_578' title='bbox 505 4506 784 4561; x_wconf 79' lang='lat' dir='ltr'><strong>robustior</strong></span> <span class='ocrx_word' id='word_1_579' title='bbox 822 4505 874 4558; x_wconf 92' lang='lat' dir='ltr'><strong>in</strong></span> <span class='ocrx_word' id='word_1_580' title='bbox 922 4503 1249 4559; x_wconf 87' lang='lat' dir='ltr'><strong>orthodoxia</strong></span> <span class='ocrx_word' id='word_1_581' title='bbox 1287 4502 1516 4559; x_wconf 73' lang='lat' dir='ltr'><strong>effectus</strong></span> <span class='ocrx_word' id='word_1_582' title='bbox 1560 4504 1647 4560; x_wconf 91' lang='lat' dir='ltr'><strong>his</strong></span> <span class='ocrx_word' id='word_1_583' title='bbox 1687 4506 1781 4574; x_wconf 89' lang='lat' dir='ltr'><strong>qui</strong></span> <span class='ocrx_word' id='word_1_584' title='bbox 1812 4475 1861 4534; x_wconf 71' lang='grc' dir='ltr'><strong>θ</strong></span> <span class='ocrx_word' id='word_1_585' title='bbox 1888 4505 2160 4560; x_wconf 84' lang='lat' dir='ltr'><strong>Eudoxio.</strong></span> <span class='ocrx_word' id='word_1_586' title='bbox 2185 4503 2313 4557; x_wconf 89' lang='lat' dir='ltr'><strong>Erat</strong></span> <span class='ocrx_word' id='word_1_587' title='bbox 2338 4506 2481 4559; x_wconf 91' lang='lat' dir='ltr'><strong>enim</strong></span> <span class='ocrx_word' id='word_1_588' title='bbox 2511 4505 2861 4574; x_wconf 89' lang='lat' dir='ltr'><strong>blasphemus</strong></span> <span class='ocrx_word' id='word_1_589' title='bbox 2895 4515 2947 4560; x_wconf 92' lang='lat' dir='ltr'><strong>et</strong></span> <span class='ocrx_word' id='word_1_590' title='bbox 2977 4506 3295 4568; x_wconf 91' lang='lat' dir='ltr'><strong>acerrimus,</strong></span> <span class='ocrx_word' id='word_1_591' title='bbox 3325 4520 3464 4575; x_wconf 74' lang='lat' dir='ltr'><strong>pra:-</strong></span> 
     </span>
    </p>
   </div>
   <div class='ocr_carea' id='block_1_91' title="bbox 205 4596 1782 4672">
    <p class='ocr_par' dir='ltr' id='par_1_91' title="bbox 205 4596 1782 4672">
     <span class='ocr_line' id='line_1_91' title="bbox 205 4596 1782 4672; baseline -0.003 -17"><span class='ocrx_word' id='word_1_592' title='bbox 205 4599 574 4672; x_wconf 85' lang='lat' dir='ltr'><strong>praedicabant</strong></span> <span class='ocrx_word' id='word_1_593' title='bbox 605 4598 947 4654; x_wconf 89' lang='lat' dir='ltr'><strong>homousium</strong></span> <span class='ocrx_word' id='word_1_594' title='bbox 979 4598 1149 4651; x_wconf 87' lang='lat' dir='ltr'><strong>multa</strong></span> <span class='ocrx_word' id='word_1_595' title='bbox 1175 4596 1419 4661; x_wconf 87' lang='lat' dir='ltr'><strong>donavit,</strong></span> <span class='ocrx_word' id='word_1_596' title='bbox 1455 4605 1509 4652; x_wconf 89' lang='lat' dir='ltr'><strong>et</strong></span> <span class='ocrx_word' id='word_1_597' title='bbox 1539 4597 1656 4653; x_wconf 91' lang='lat' dir='ltr'><strong>sine</strong></span> <span class='ocrx_word' id='word_1_598' title='bbox 1680 4597 1782 4651; x_wconf 89' lang='lat' dir='ltr'><strong>tri-</strong></span> 
     </span>
    </p>
   </div>
   <div class='ocr_carea' id='block_1_92' title="bbox 206 4690 937 4746">
    <p class='ocr_par' dir='ltr' id='par_1_92' title="bbox 206 4690 937 4746">
     <span class='ocr_line' id='line_1_92' title="bbox 206 4690 937 4746; baseline -0.005 0"><span class='ocrx_word' id='word_1_599' title='bbox 206 4695 340 4746; x_wconf 90' lang='lat' dir='ltr'><strong>buto</strong></span> <span class='ocrx_word' id='word_1_600' title='bbox 372 4705 594 4744; x_wconf 88' lang='lat' dir='ltr'><strong>manere</strong></span> <span class='ocrx_word' id='word_1_601' title='bbox 627 4690 937 4744; x_wconf 88' lang='lat' dir='ltr'><strong>constituit.</strong></span> 
     </span>
    </p>
   </div>
   <div class='ocr_carea' id='block_1_93' title="bbox 275 4776 1779 4846">
    <p class='ocr_par' dir='ltr' id='par_1_93' title="bbox 275 4776 1779 4846">
     <span class='ocr_line' id='line_1_93' title="bbox 275 4776 1779 4846; baseline -0.001 -12"><span class='ocrx_word' id='word_1_602' title='bbox 275 4782 394 4846; x_wconf 85' lang='lat' dir='ltr'><strong>Quo</strong></span> <span class='ocrx_word' id='word_1_603' title='bbox 425 4779 684 4836; x_wconf 82' lang='lat' dir='ltr'><strong>defuncto</strong></span> <span class='ocrx_word' id='word_1_604' title='bbox 727 4779 1063 4835; x_wconf 83' lang='lat' dir='ltr'><strong>acclatnatus</strong></span> <span class='ocrx_word' id='word_1_605' title='bbox 1094 4784 1180 4832; x_wconf 89' lang='lat' dir='ltr'><strong>est</strong></span> <span class='ocrx_word' id='word_1_606' title='bbox 1212 4776 1628 4834; x_wconf 85' lang='lat' dir='ltr'><strong>Valentinianus</strong></span> <span class='ocrx_word' id='word_1_607' title='bbox 1666 4779 1779 4833; x_wconf 83' lang='lat' dir='ltr'><strong>Au-</strong></span> 
     </span>
    </p>
   </div>
   <div class='ocr_carea' id='block_1_94' title="bbox 203 4870 1780 4943">
    <p class='ocr_par' dir='ltr' id='par_1_94' title="bbox 203 4870 1780 4943">
     <span class='ocr_line' id='line_1_94' title="bbox 203 4870 1780 4943; baseline -0.001 -16"><span class='ocrx_word' id='word_1_608' title='bbox 203 4883 401 4943; x_wconf 81' lang='lat' dir='ltr'><strong>gustus</strong></span> <span class='ocrx_word' id='word_1_609' title='bbox 438 4889 469 4928; x_wconf 92' lang='lat' dir='ltr'><strong>a</strong></span> <span class='ocrx_word' id='word_1_610' title='bbox 522 4872 786 4927; x_wconf 88' lang='lat' dir='ltr'><strong>militibus</strong></span> <span class='ocrx_word' id='word_1_611' title='bbox 827 4887 844 4935; x_wconf 90' lang='lat'><strong>;</strong></span> <span class='ocrx_word' id='word_1_612' title='bbox 901 4870 992 4940; x_wconf 88' lang='lat' dir='ltr'><strong>qui</strong></span> <span class='ocrx_word' id='word_1_613' title='bbox 1041 4870 1302 4926; x_wconf 89' lang='lat' dir='ltr'><strong>continuo</strong></span> <span class='ocrx_word' id='word_1_614' title='bbox 1341 4872 1665 4940; x_wconf 88' lang='lat' dir='ltr'><strong>perveniens</strong></span> <span class='ocrx_word' id='word_1_615' title='bbox 1711 4871 1780 4926; x_wconf 89' lang='lat' dir='ltr'><strong>ad</strong></span> 
     </span>
    </p>
   </div>
   <div class='ocr_carea' id='block_1_95' title="bbox 203 4961 1780 5036">
    <p class='ocr_par' dir='ltr' id='par_1_95' title="bbox 203 4961 1780 5036">
     <span class='ocr_line' id='line_1_95' title="bbox 203 4961 1780 5036; baseline -0.001 -17"><span class='ocrx_word' id='word_1_616' title='bbox 203 4967 404 5036; x_wconf 80' lang='lat' dir='ltr'><strong>regiam</strong></span> <span class='ocrx_word' id='word_1_617' title='bbox 438 4966 626 5019; x_wconf 90' lang='lat' dir='ltr'><strong>urbem</strong></span> <span class='ocrx_word' id='word_1_618' title='bbox 660 4962 940 5018; x_wconf 85' lang='lat' dir='ltr'><strong>Valentem</strong></span> <span class='ocrx_word' id='word_1_619' title='bbox 973 4961 1194 5016; x_wconf 85' lang='lat' dir='ltr'><strong>fratrem</strong></span> <span class='ocrx_word' id='word_1_620' title='bbox 1219 4977 1378 5017; x_wconf 89' lang='lat' dir='ltr'><strong>suum</strong></span> <span class='ocrx_word' id='word_1_621' title='bbox 1407 4965 1780 5019; x_wconf 87' lang='lat' dir='ltr'><strong>communica-</strong></span> 
     </span>
    </p>
   </div>
   <div class='ocr_carea' id='block_1_96' title="bbox 201 5054 1778 5125">
    <p class='ocr_par' dir='ltr' id='par_1_96' title="bbox 201 5054 1778 5125">
     <span class='ocr_line' id='line_1_96' title="bbox 201 5054 1778 5125; baseline -0.001 -13"><span class='ocrx_word' id='word_1_622' title='bbox 201 5069 374 5113; x_wconf 89' lang='lat' dir='ltr'><strong>torem</strong></span> <span class='ocrx_word' id='word_1_623' title='bbox 413 5057 498 5112; x_wconf 88' lang='lat' dir='ltr'><strong>sui</strong></span> <span class='ocrx_word' id='word_1_624' title='bbox 532 5057 660 5111; x_wconf 90' lang='lat' dir='ltr'><strong>fecit</strong></span> <span class='ocrx_word' id='word_1_625' title='bbox 685 5054 925 5125; x_wconf 86' lang='lat' dir='ltr'><strong>imperii,</strong></span> <span class='ocrx_word' id='word_1_626' title='bbox 966 5054 1192 5124; x_wconf 89' lang='lat' dir='ltr'><strong>largitus</strong></span> <span class='ocrx_word' id='word_1_627' title='bbox 1229 5055 1277 5109; x_wconf 91' lang='lat' dir='ltr'><strong>ei</strong></span> <span class='ocrx_word' id='word_1_628' title='bbox 1315 5065 1495 5123; x_wconf 89' lang='lat' dir='ltr'><strong>partes</strong></span> <span class='ocrx_word' id='word_1_629' title='bbox 1528 5055 1778 5110; x_wconf 86' lang='lat' dir='ltr'><strong>Orienta-</strong></span> 
     </span>
    </p>
   </div>
   <div class='ocr_carea' id='block_1_97' title="bbox 199 5145 1779 5214">
    <p class='ocr_par' dir='ltr' id='par_1_97' title="bbox 199 5145 1779 5214">
     <span class='ocr_line' id='line_1_97' title="bbox 199 5145 1779 5214; baseline -0.003 -10"><span class='ocrx_word' id='word_1_630' title='bbox 199 5151 302 5214; x_wconf 83' lang='lat' dir='ltr'><strong>les,</strong></span> <span class='ocrx_word' id='word_1_631' title='bbox 331 5150 436 5205; x_wconf 87' lang='lat' dir='ltr'><strong>sibi</strong></span> <span class='ocrx_word' id='word_1_632' title='bbox 454 5150 681 5205; x_wconf 89' lang='lat' dir='ltr'><strong>retentis</strong></span> <span class='ocrx_word' id='word_1_633' title='bbox 713 5147 1178 5204; x_wconf 87' lang='lat' dir='ltr'><strong>Occidentalibus.</strong></span> <span class='ocrx_word' id='word_1_634' title='bbox 1213 5145 1425 5201; x_wconf 89' lang='lat' dir='ltr'><strong>Interea</strong></span> <span class='ocrx_word' id='word_1_635' title='bbox 1449 5145 1779 5202; x_wconf 78' lang='lat' dir='ltr'><strong>Valentinia-</strong></span> 
     </span>
    </p>
   </div>
   <div class='ocr_carea' id='block_1_98' title="bbox 197 5237 1776 5310">
    <p class='ocr_par' dir='ltr' id='par_1_98' title="bbox 197 5237 1776 5310">
     <span class='ocr_line' id='line_1_98' title="bbox 197 5237 1776 5310; baseline -0.002 -15"><span class='ocrx_word' id='word_1_636' title='bbox 197 5258 306 5297; x_wconf 85' lang='lat' dir='ltr'><strong>nus</strong></span> <span class='ocrx_word' id='word_1_637' title='bbox 345 5241 630 5310; x_wconf 84' lang='lat' dir='ltr'><strong>Augustus</strong></span> <span class='ocrx_word' id='word_1_638' title='bbox 679 5239 998 5296; x_wconf 85' lang='lat' dir='ltr'><strong>Gratianum</strong></span> <span class='ocrx_word' id='word_1_639' title='bbox 1045 5237 1214 5292; x_wconf 87' lang='lat' dir='ltr'><strong>ﬁlium</strong></span> <span class='ocrx_word' id='word_1_640' title='bbox 1263 5253 1423 5292; x_wconf 89' lang='lat' dir='ltr'><strong>suum</strong></span> <span class='ocrx_word' id='word_1_641' title='bbox 1469 5237 1776 5306; x_wconf 84' lang='lat' dir='ltr'><strong>Augustum</strong></span> 
     </span>
    </p>
   </div>
   <div class='ocr_carea' id='block_1_99' title="bbox 196 5330 1778 5404">
    <p class='ocr_par' dir='ltr' id='par_1_99' title="bbox 196 5330 1778 5404">
     <span class='ocr_line' id='line_1_99' title="bbox 196 5330 1778 5404; baseline -0.003 -15"><span class='ocrx_word' id='word_1_642' title='bbox 196 5335 526 5404; x_wconf 87' lang='lat' dir='ltr'><strong>appellavit,</strong></span> <span class='ocrx_word' id='word_1_643' title='bbox 593 5332 1110 5389; x_wconf 87' lang='lat' dir='ltr'><strong>communicatorem</strong></span> <span class='ocrx_word' id='word_1_644' title='bbox 1167 5330 1378 5400; x_wconf 89' lang='lat' dir='ltr'><strong>imperii</strong></span> <span class='ocrx_word' id='word_1_645' title='bbox 1435 5331 1608 5400; x_wconf 83' lang='lat' dir='ltr'><strong>patris</strong></span> <span class='ocrx_word' id='word_1_646' title='bbox 1651 5370 1665 5393; x_wconf 94' lang='lat'><strong>,</strong></span> <span class='ocrx_word' id='word_1_647' title='bbox 1723 5338 1778 5385; x_wconf 89' lang='lat' dir='ltr'><strong>et</strong></span> 
     </span>
    </p>
   </div>
   <div class='ocr_carea' id='block_1_100' title="bbox 195 5421 1774 5496">
    <p class='ocr_par' dir='ltr' id='par_1_100' title="bbox 195 5421 1774 5496">
     <span class='ocr_line' id='line_1_100' title="bbox 195 5421 1774 5496; baseline -0.003 -15"><span class='ocrx_word' id='word_1_648' title='bbox 195 5426 484 5482; x_wconf 86' lang='lat' dir='ltr'><strong>consulem</strong></span> <span class='ocrx_word' id='word_1_649' title='bbox 526 5434 652 5481; x_wconf 88' lang='lat' dir='ltr'><strong>ante</strong></span> <span class='ocrx_word' id='word_1_650' title='bbox 680 5425 1111 5496; x_wconf 87' lang='lat' dir='ltr'><strong>pronuntiatum,</strong></span> <span class='ocrx_word' id='word_1_651' title='bbox 1143 5431 1195 5477; x_wconf 92' lang='lat' dir='ltr'><strong>et</strong></span> <span class='ocrx_word' id='word_1_652' title='bbox 1231 5421 1508 5477; x_wconf 88' lang='lat' dir='ltr'><strong>Valentem</strong></span> <span class='ocrx_word' id='word_1_653' title='bbox 1552 5422 1774 5476; x_wconf 87' lang='lat' dir='ltr'><strong>fratrem</strong></span> 
     </span>
    </p>
   </div>
   <div class='ocr_carea' id='block_1_101' title="bbox 194 5513 1772 5588">
    <p class='ocr_par' dir='ltr' id='par_1_101' title="bbox 194 5513 1772 5588">
     <span class='ocr_line' id='line_1_101' title="bbox 194 5513 1772 5588; baseline -0.003 -14"><span class='ocrx_word' id='word_1_654' title='bbox 194 5534 360 5575; x_wconf 81' lang='lat' dir='ltr'><strong>suum</strong></span> <span class='ocrx_word' id='word_1_655' title='bbox 390 5517 792 5588; x_wconf 88' lang='lat' dir='ltr'><strong>imperatorem.</strong></span> <span class='ocrx_word' id='word_1_656' title='bbox 810 5513 1112 5571; x_wconf 87' lang='lat' dir='ltr'><strong>Orthodoxi</strong></span> <span class='ocrx_word' id='word_1_657' title='bbox 1133 5522 1313 5568; x_wconf 88' lang='lat' dir='ltr'><strong>autem</strong></span> <span class='ocrx_word' id='word_1_658' title='bbox 1337 5523 1689 5570; x_wconf 89' lang='lat' dir='ltr'><strong>accesserunt</strong></span> <span class='ocrx_word' id='word_1_659' title='bbox 1706 5515 1772 5569; x_wconf 89' lang='lat' dir='ltr'><strong>ad</strong></span> 
     </span>
    </p>
   </div>
   <div class='ocr_carea' id='block_1_102' title="bbox 197 5604 1772 5679">
    <p class='ocr_par' dir='ltr' id='par_1_102' title="bbox 197 5604 1772 5679">
     <span class='ocr_line' id='line_1_102' title="bbox 197 5604 1772 5679; baseline -0.003 -14"><span class='ocrx_word' id='word_1_660' title='bbox 197 5609 644 5666; x_wconf 85' lang='lat' dir='ltr'><strong>Valentinianum</strong></span> <span class='ocrx_word' id='word_1_661' title='bbox 676 5624 772 5679; x_wconf 77' lang='lat' dir='ltr'><strong>per</strong></span> <span class='ocrx_word' id='word_1_662' title='bbox 807 5606 1095 5679; x_wconf 83' lang='lat' dir='ltr'><strong>Hypatium</strong></span> <span class='ocrx_word' id='word_1_663' title='bbox 1131 5606 1449 5676; x_wconf 80' lang='lat' dir='ltr'><strong>episcOpum</strong></span> <span class='ocrx_word' id='word_1_664' title='bbox 1489 5604 1772 5671; x_wconf 59' lang='lat' dir='ltr'><strong>Heraclia},</strong></span> 
     </span>
    </p>
   </div>
   <div class='ocr_carea' id='block_1_103' title="bbox 192 5697 1771 5771">
    <p class='ocr_par' dir='ltr' id='par_1_103' title="bbox 192 5697 1771 5771">
     <span class='ocr_line' id='line_1_103' title="bbox 192 5697 1771 5771; baseline -0.002 -18"><span class='ocrx_word' id='word_1_665' title='bbox 192 5703 556 5771; x_wconf 87' lang='lat' dir='ltr'><strong>deprecantes</strong></span> <span class='ocrx_word' id='word_1_666' title='bbox 599 5714 707 5768; x_wconf 90' lang='lat' dir='ltr'><strong>quo</strong></span> <span class='ocrx_word' id='word_1_667' title='bbox 739 5698 854 5754; x_wconf 89' lang='lat' dir='ltr'><strong>ﬁeri</strong></span> <span class='ocrx_word' id='word_1_668' title='bbox 889 5706 1218 5753; x_wconf 89' lang='lat' dir='ltr'><strong>conventum</strong></span> <span class='ocrx_word' id='word_1_669' title='bbox 1263 5697 1578 5766; x_wconf 58' lang='lat' dir='ltr'><strong>praeriperet</strong></span> <span class='ocrx_word' id='word_1_670' title='bbox 1608 5713 1771 5766; x_wconf 84' lang='lat' dir='ltr'><strong>super</strong></span> 
     </span>
    </p>
   </div>
   <div class='ocr_carea' id='block_1_104' title="bbox 195 5786 1784 5860">
    <p class='ocr_par' dir='ltr' id='par_1_104' title="bbox 195 5786 1784 5860">
     <span class='ocr_line' id='line_1_104' title="bbox 195 5786 1784 5860; baseline -0.002 -15"><span class='ocrx_word' id='word_1_671' title='bbox 195 5789 543 5848; x_wconf 89' lang='lat' dir='ltr'><strong>correctione</strong></span> <span class='ocrx_word' id='word_1_672' title='bbox 563 5787 832 5860; x_wconf 75' lang='lat' dir='ltr'><strong>dogmatis</strong></span> <span class='ocrx_word' id='word_1_673' title='bbox 855 5787 1145 5844; x_wconf 87' lang='lat' dir='ltr'><strong>homousii.</strong></span> <span class='ocrx_word' id='word_1_674' title='bbox 1175 5789 1252 5842; x_wconf 76' lang='lat' dir='ltr'><strong>Ad</strong></span> <span class='ocrx_word' id='word_1_675' title='bbox 1273 5803 1411 5859; x_wconf 83' lang='lat' dir='ltr'><strong>quos</strong></span> <span class='ocrx_word' id='word_1_676' title='bbox 1438 5786 1784 5843; x_wconf 75' lang='lat' dir='ltr'><strong>Valentinia-&#39;</strong></span> 
     </span>
    </p>
   </div>
   <div class='ocr_carea' id='block_1_105' title="bbox 1886 4595 3460 4666">
    <p class='ocr_par' dir='ltr' id='par_1_105' title="bbox 1886 4595 3460 4666">
     <span class='ocr_line' id='line_1_105' title="bbox 1886 4595 3460 4666; baseline 0.001 -17"><span class='ocrx_word' id='word_1_677' title='bbox 1886 4610 2108 4650; x_wconf 90' lang='lat' dir='ltr'><strong>sumens</strong></span> <span class='ocrx_word' id='word_1_678' title='bbox 2131 4595 2314 4651; x_wconf 87' lang='lat' dir='ltr'><strong>dicere</strong></span> <span class='ocrx_word' id='word_1_679' title='bbox 2339 4597 2467 4665; x_wconf 89' lang='lat' dir='ltr'><strong>quia</strong></span> <span class='ocrx_word' id='word_1_680' title='bbox 2492 4595 2634 4651; x_wconf 89' lang='lat' dir='ltr'><strong>Deus</strong></span> <span class='ocrx_word' id='word_1_681' title='bbox 2665 4598 2732 4650; x_wconf 90' lang='lat' dir='ltr'><strong>de</strong></span> <span class='ocrx_word' id='word_1_682' title='bbox 2752 4598 2968 4666; x_wconf 86' lang='lat' dir='ltr'><strong>propria</strong></span> <span class='ocrx_word' id='word_1_683' title='bbox 2993 4597 3299 4652; x_wconf 88' lang='lat' dir='ltr'><strong>substantia</strong></span> <span class='ocrx_word' id='word_1_684' title='bbox 3323 4597 3460 4651; x_wconf 86' lang='lat' dir='ltr'><strong>nihil</strong></span> 
     </span>
    </p>
   </div>
   <div class='ocr_carea' id='block_1_106' title="bbox 1882 4687 3466 4757">
    <p class='ocr_par' dir='ltr' id='par_1_106' title="bbox 1882 4687 3466 4757">
     <span class='ocr_line' id='line_1_106' title="bbox 1882 4687 3466 4757; baseline 0.002 -16"><span class='ocrx_word' id='word_1_685' title='bbox 1882 4688 2042 4742; x_wconf 82' lang='lat' dir='ltr'><strong>nobis</strong></span> <span class='ocrx_word' id='word_1_686' title='bbox 2094 4689 2330 4757; x_wconf 89' lang='lat' dir='ltr'><strong>amplius</strong></span> <span class='ocrx_word' id='word_1_687' title='bbox 2376 4688 2544 4743; x_wconf 86' lang='lat' dir='ltr'><strong>novit.</strong></span> <span class='ocrx_word' id='word_1_688' title='bbox 2582 4687 2750 4741; x_wconf 86' lang='lat' dir='ltr'><strong>Porro</strong></span> <span class='ocrx_word' id='word_1_689' title='bbox 2799 4689 2990 4742; x_wconf 88' lang='lat' dir='ltr'><strong>Valens</strong></span> <span class='ocrx_word' id='word_1_690' title='bbox 3040 4690 3266 4757; x_wconf 85' lang='lat' dir='ltr'><strong>paganis</strong></span> <span class='ocrx_word' id='word_1_691' title='bbox 3314 4690 3466 4744; x_wconf 82' lang='lat' dir='ltr'><strong>dedit</strong></span> 
     </span>
    </p>
   </div>
   <div class='ocr_carea' id='block_1_107' title="bbox 1884 4776 3500 4835">
    <p class='ocr_par' dir='ltr' id='par_1_107' title="bbox 1884 4776 3500 4835">
     <span class='ocr_line' id='line_1_107' title="bbox 1884 4776 3500 4835; baseline 0.002 -3"><span class='ocrx_word' id='word_1_692' title='bbox 1884 4776 2151 4832; x_wconf 88' lang='lat' dir='ltr'><strong>sacriﬁcia</strong></span> <span class='ocrx_word' id='word_1_693' title='bbox 2181 4788 2237 4831; x_wconf 90' lang='lat' dir='ltr'><strong>et</strong></span> <span class='ocrx_word' id='word_1_694' title='bbox 2266 4776 2641 4831; x_wconf 87' lang='lat' dir='ltr'><strong>solemnitates</strong></span> <span class='ocrx_word' id='word_1_695' title='bbox 2665 4776 2975 4831; x_wconf 89' lang='lat' dir='ltr'><strong>celebrandi</strong></span> <span class='ocrx_word' id='word_1_696' title='bbox 3011 4777 3310 4835; x_wconf 75' lang='lat' dir='ltr'><strong>licentiam.</strong></span> <span class='ocrx_word' id='word_1_697' title='bbox 3333 4777 3458 4835; x_wconf 82' lang='lat' dir='ltr'><strong>Pari</strong></span> <span class='ocrx_word' id='word_1_698' title='bbox 3490 4799 3500 4804; x_wconf 50' lang='grc' dir='ltr'><strong>ν’</strong></span> 
     </span>
    </p>
   </div>
   <div class='ocr_carea' id='block_1_108' title="bbox 1883 4866 3478 4930">
    <p class='ocr_par' dir='ltr' id='par_1_108' title="bbox 1883 4866 3478 4930">
     <span class='ocr_line' id='line_1_108' title="bbox 1883 4866 3478 4930; baseline 0.001 -7"><span class='ocrx_word' id='word_1_699' title='bbox 1883 4869 2049 4923; x_wconf 89' lang='lat' dir='ltr'><strong>modo</strong></span> <span class='ocrx_word' id='word_1_700' title='bbox 2075 4867 2363 4924; x_wconf 79' lang='lat' dir='ltr'><strong>etJudzeos</strong></span> <span class='ocrx_word' id='word_1_701' title='bbox 2394 4866 2608 4921; x_wconf 86' lang='lat' dir='ltr'><strong>fovebat</strong></span> <span class='ocrx_word' id='word_1_702' title='bbox 2633 4875 2686 4921; x_wconf 90' lang='lat' dir='ltr'><strong>et</strong></span> <span class='ocrx_word' id='word_1_703' title='bbox 2714 4867 3043 4930; x_wconf 89' lang='lat' dir='ltr'><strong>honorabat,</strong></span> <span class='ocrx_word' id='word_1_704' title='bbox 3071 4870 3219 4924; x_wconf 91' lang='lat' dir='ltr'><strong>solos</strong></span> <span class='ocrx_word' id='word_1_705' title='bbox 3245 4881 3478 4925; x_wconf 89' lang='lat' dir='ltr'><strong>tantum</strong></span> 
     </span>
    </p>
   </div>
   <div class='ocr_carea' id='block_1_109' title="bbox 1881 4958 3270 5028">
    <p class='ocr_par' dir='ltr' id='par_1_109' title="bbox 1881 4958 3270 5028">
     <span class='ocr_line' id='line_1_109' title="bbox 1881 4958 3270 5028; baseline -0.003 -11"><span class='ocrx_word' id='word_1_706' title='bbox 1881 4959 2218 5017; x_wconf 90' lang='lat' dir='ltr'><strong>orthodoxos</strong></span> <span class='ocrx_word' id='word_1_707' title='bbox 2254 4960 2309 5014; x_wconf 88' lang='lat' dir='ltr'><strong>in</strong></span> <span class='ocrx_word' id='word_1_708' title='bbox 2340 4959 2639 5028; x_wconf 88' lang='lat' dir='ltr'><strong>apostolica</strong></span> <span class='ocrx_word' id='word_1_709' title='bbox 2673 4958 2957 5013; x_wconf 90' lang='lat' dir='ltr'><strong>insecutus</strong></span> <span class='ocrx_word' id='word_1_710' title='bbox 3001 4960 3270 5015; x_wconf 88' lang='lat' dir='ltr'><strong>Ecclesia.</strong></span> 
     </span>
    </p>
   </div>
   <div class='ocr_carea' id='block_1_110' title="bbox 1954 5049 3461 5122">
    <p class='ocr_par' dir='ltr' id='par_1_110' title="bbox 1954 5049 3461 5122">
     <span class='ocr_line' id='line_1_110' title="bbox 1954 5049 3461 5122; baseline 0.001 -16"><span class='ocrx_word' id='word_1_711' title='bbox 1954 5052 2127 5122; x_wconf 83' lang='lat' dir='ltr'><strong>Hujus</strong></span> <span class='ocrx_word' id='word_1_712' title='bbox 2153 5068 2299 5106; x_wconf 91' lang='lat' dir='ltr'><strong>anno</strong></span> <span class='ocrx_word' id='word_1_713' title='bbox 2331 5051 2542 5120; x_wconf 90' lang='lat' dir='ltr'><strong>imperii</strong></span> <span class='ocrx_word' id='word_1_714' title='bbox 2573 5066 2720 5105; x_wconf 90' lang='lat' dir='ltr'><strong>nono</strong></span> <span class='ocrx_word' id='word_1_715' title='bbox 2756 5049 2815 5107; x_wconf 91' lang='lat' dir='ltr'><strong>S.</strong></span> <span class='ocrx_word' id='word_1_716' title='bbox 2859 5052 3194 5108; x_wconf 82' lang='lat' dir='ltr'><strong>Athanasius</strong></span> <span class='ocrx_word' id='word_1_717' title='bbox 3229 5055 3461 5108; x_wconf 83' lang='lat' dir='ltr'><strong>Alexan-</strong></span> 
     </span>
    </p>
   </div>
   <div class='ocr_carea' id='block_1_111' title="bbox 1879 5142 3455 5216">
    <p class='ocr_par' dir='ltr' id='par_1_111' title="bbox 1879 5142 3455 5216">
     <span class='ocr_line' id='line_1_111' title="bbox 1879 5142 3455 5216; baseline -0.002 -16"><span class='ocrx_word' id='word_1_718' title='bbox 1879 5146 2074 5200; x_wconf 87' lang='lat' dir='ltr'><strong>drinus</strong></span> <span class='ocrx_word' id='word_1_719' title='bbox 2125 5145 2376 5215; x_wconf 78' lang='lat' dir='ltr'><strong>migravit</strong></span> <span class='ocrx_word' id='word_1_720' title='bbox 2425 5143 2489 5196; x_wconf 84' lang='lat' dir='ltr'><strong>ad</strong></span> <span class='ocrx_word' id='word_1_721' title='bbox 2532 5142 2860 5210; x_wconf 84' lang='lat' dir='ltr'><strong>Dominum,</strong></span> <span class='ocrx_word' id='word_1_722' title='bbox 2905 5159 3030 5200; x_wconf 88' lang='lat' dir='ltr'><strong>cum</strong></span> <span class='ocrx_word' id='word_1_723' title='bbox 3080 5146 3455 5216; x_wconf 87' lang='lat' dir='ltr'><strong>episc0patum</strong></span> 
     </span>
    </p>
   </div>
   <div class='ocr_carea' id='block_1_112' title="bbox 1880 5235 3459 5308">
    <p class='ocr_par' dir='ltr' id='par_1_112' title="bbox 1880 5235 3459 5308">
     <span class='ocr_line' id='line_1_112' title="bbox 1880 5235 3459 5308; baseline -0.003 -16"><span class='ocrx_word' id='word_1_724' title='bbox 1880 5238 2142 5308; x_wconf 80' lang='lat' dir='ltr'><strong>gessisset</strong></span> <span class='ocrx_word' id='word_1_725' title='bbox 2171 5237 2330 5291; x_wconf 90' lang='lat' dir='ltr'><strong>annis</strong></span> <span class='ocrx_word' id='word_1_726' title='bbox 2362 5235 2727 5307; x_wconf 85' lang='lat' dir='ltr'><strong>quadraginta</strong></span> <span class='ocrx_word' id='word_1_727' title='bbox 2749 5252 2863 5300; x_wconf 86' lang='lat' dir='ltr'><strong>sex,</strong></span> <span class='ocrx_word' id='word_1_728' title='bbox 2889 5251 2955 5293; x_wconf 86' lang='lat' dir='ltr'><strong>ex</strong></span> <span class='ocrx_word' id='word_1_729' title='bbox 2984 5237 3185 5308; x_wconf 86' lang='lat' dir='ltr'><strong>quibus</strong></span> <span class='ocrx_word' id='word_1_730' title='bbox 3214 5237 3459 5306; x_wconf 88' lang='lat' dir='ltr'><strong>quadra-</strong></span> 
     </span>
    </p>
   </div>
   <div class='ocr_carea' id='block_1_113' title="bbox 1877 5325 3455 5400">
    <p class='ocr_par' dir='ltr' id='par_1_113' title="bbox 1877 5325 3455 5400">
     <span class='ocr_line' id='line_1_113' title="bbox 1877 5325 3455 5400; baseline -0.001 -19"><span class='ocrx_word' id='word_1_731' title='bbox 1877 5331 2026 5399; x_wconf 85' lang='lat' dir='ltr'><strong>ginta</strong></span> <span class='ocrx_word' id='word_1_732' title='bbox 2077 5331 2129 5383; x_wconf 92' lang='lat' dir='ltr'><strong>in</strong></span> <span class='ocrx_word' id='word_1_733' title='bbox 2180 5329 2656 5398; x_wconf 88' lang='lat' dir='ltr'><strong>persecutionibus</strong></span> <span class='ocrx_word' id='word_1_734' title='bbox 2705 5344 2804 5399; x_wconf 87' lang='lat' dir='ltr'><strong>pro</strong></span> <span class='ocrx_word' id='word_1_735' title='bbox 2854 5329 3056 5400; x_wconf 88' lang='lat' dir='ltr'><strong>pietate</strong></span> <span class='ocrx_word' id='word_1_736' title='bbox 3093 5341 3157 5380; x_wconf 91' lang='lat' dir='ltr'><strong>ac</strong></span> <span class='ocrx_word' id='word_1_737' title='bbox 3193 5325 3455 5395; x_wconf 84' lang='lat' dir='ltr'><strong>periculis</strong></span> 
     </span>
    </p>
   </div>
   <div class='ocr_carea' id='block_1_114' title="bbox 1881 5416 3454 5488">
    <p class='ocr_par' dir='ltr' id='par_1_114' title="bbox 1881 5416 3454 5488">
     <span class='ocr_line' id='line_1_114' title="bbox 1881 5416 3454 5488; baseline -0.004 -16"><span class='ocrx_word' id='word_1_738' title='bbox 1881 5419 2036 5475; x_wconf 85' lang='lat' dir='ltr'><strong>vixit.</strong></span> <span class='ocrx_word' id='word_1_739' title='bbox 2069 5420 2166 5472; x_wconf 88' lang='lat' dir='ltr'><strong>Cui</strong></span> <span class='ocrx_word' id='word_1_740' title='bbox 2204 5419 2474 5473; x_wconf 76' lang='lat' dir='ltr'><strong>successit</strong></span> <span class='ocrx_word' id='word_1_741' title='bbox 2507 5418 2730 5482; x_wconf 74' lang='lat' dir='ltr'><strong>Petrus,</strong></span> <span class='ocrx_word' id='word_1_742' title='bbox 2760 5419 2855 5488; x_wconf 90' lang='lat' dir='ltr'><strong>qui</strong></span> <span class='ocrx_word' id='word_1_743' title='bbox 2904 5417 3126 5472; x_wconf 80' lang='lat' dir='ltr'><strong>Arianis</strong></span> <span class='ocrx_word' id='word_1_744' title='bbox 3161 5416 3214 5468; x_wconf 90' lang='lat' dir='ltr'><strong>in</strong></span> <span class='ocrx_word' id='word_1_745' title='bbox 3249 5416 3454 5468; x_wconf 84' lang='lat' dir='ltr'><strong>multo-</strong></span> 
     </span>
    </p>
   </div>
   <div class='ocr_carea' id='block_1_115' title="bbox 1879 5506 3451 5581">
    <p class='ocr_par' dir='ltr' id='par_1_115' title="bbox 1879 5506 3451 5581">
     <span class='ocr_line' id='line_1_115' title="bbox 1879 5506 3451 5581; baseline -0.003 -17"><span class='ocrx_word' id='word_1_746' title='bbox 1879 5527 1998 5564; x_wconf 89' lang='lat' dir='ltr'><strong>rum</strong></span> <span class='ocrx_word' id='word_1_747' title='bbox 2034 5511 2312 5564; x_wconf 86' lang='lat' dir='ltr'><strong>hominum</strong></span> <span class='ocrx_word' id='word_1_748' title='bbox 2350 5515 2527 5565; x_wconf 67' lang='lat' dir='ltr'><strong>eaades</strong></span> <span class='ocrx_word' id='word_1_749' title='bbox 2563 5510 2945 5581; x_wconf 86' lang='lat' dir='ltr'><strong>grassantibus</strong></span> <span class='ocrx_word' id='word_1_750' title='bbox 2991 5507 3181 5576; x_wconf 85' lang='lat' dir='ltr'><strong>pulsus</strong></span> <span class='ocrx_word' id='word_1_751' title='bbox 3220 5506 3451 5560; x_wconf 81' lang='lat' dir='ltr'><strong>Romam</strong></span> 
     </span>
    </p>
   </div>
   <div class='ocr_carea' id='block_1_116' title="bbox 1878 5593 3486 5673">
    <p class='ocr_par' dir='ltr' id='par_1_116' title="bbox 1878 5593 3486 5673">
     <span class='ocr_line' id='line_1_116' title="bbox 1878 5593 3486 5673; baseline -0.004 -15"><span class='ocrx_word' id='word_1_752' title='bbox 1878 5605 2091 5672; x_wconf 77' lang='lat' dir='ltr'><strong>fugiens</strong></span> <span class='ocrx_word' id='word_1_753' title='bbox 2120 5603 2184 5656; x_wconf 85' lang='lat' dir='ltr'><strong>ad</strong></span> <span class='ocrx_word' id='word_1_754' title='bbox 2218 5603 2506 5658; x_wconf 85' lang='lat' dir='ltr'><strong>Damasum</strong></span> <span class='ocrx_word' id='word_1_755' title='bbox 2543 5603 2872 5673; x_wconf 85' lang='lat' dir='ltr'><strong>properavit,</strong></span> <span class='ocrx_word' id='word_1_756' title='bbox 2909 5598 3070 5668; x_wconf 88' lang='lat' dir='ltr'><strong>cujus</strong></span> <span class='ocrx_word' id='word_1_757' title='bbox 3098 5609 3152 5654; x_wconf 89' lang='lat' dir='ltr'><strong>et</strong></span> <span class='ocrx_word' id='word_1_758' title='bbox 3181 5608 3299 5653; x_wconf 90' lang='lat' dir='ltr'><strong>erat</strong></span> <span class='ocrx_word' id='word_1_759' title='bbox 3328 5614 3454 5653; x_wconf 82' lang='lat' dir='ltr'><strong>sen-</strong></span> <span class='ocrx_word' id='word_1_760' title='bbox 3481 5593 3486 5598; x_wconf 78' lang='grc'><em>’</em></span> 
     </span>
    </p>
   </div>
   <div class='ocr_carea' id='block_1_117' title="bbox 1875 5693 3453 5766">
    <p class='ocr_par' dir='ltr' id='par_1_117' title="bbox 1875 5693 3453 5766">
     <span class='ocr_line' id='line_1_117' title="bbox 1875 5693 3453 5766; baseline -0.003 -14"><span class='ocrx_word' id='word_1_761' title='bbox 1875 5713 1992 5761; x_wconf 83' lang='lat' dir='ltr'><strong>sus,</strong></span> <span class='ocrx_word' id='word_1_762' title='bbox 2034 5696 2253 5766; x_wconf 89' lang='lat' dir='ltr'><strong>quando</strong></span> <span class='ocrx_word' id='word_1_763' title='bbox 2277 5705 2328 5750; x_wconf 88' lang='lat' dir='ltr'><strong>et</strong></span> <span class='ocrx_word' id='word_1_764' title='bbox 2358 5698 2649 5761; x_wconf 85' lang='lat' dir='ltr'><strong>horrenda,</strong></span> <span class='ocrx_word' id='word_1_765' title='bbox 2673 5710 2795 5766; x_wconf 72' lang='lat' dir='ltr'><strong>quae</strong></span> <span class='ocrx_word' id='word_1_766' title='bbox 2814 5704 2964 5764; x_wconf 88' lang='lat' dir='ltr'><strong>gesta</strong></span> <span class='ocrx_word' id='word_1_767' title='bbox 2987 5702 3116 5747; x_wconf 90' lang='lat' dir='ltr'><strong>sunt</strong></span> <span class='ocrx_word' id='word_1_768' title='bbox 3145 5693 3212 5747; x_wconf 87' lang='lat' dir='ltr'><strong>ab</strong></span> <span class='ocrx_word' id='word_1_769' title='bbox 3233 5693 3453 5747; x_wconf 85' lang='lat' dir='ltr'><strong>Arianis</strong></span> 
     </span>
    </p>
   </div>
   <div class='ocr_carea' id='block_1_118' title="bbox 1885 5787 3452 5860">
    <p class='ocr_par' dir='ltr' id='par_1_118' title="bbox 1885 5787 3452 5860">
     <span class='ocr_line' id='line_1_118' title="bbox 1885 5787 3452 5860; baseline -0.001 -18"><span class='ocrx_word' id='word_1_770' title='bbox 1885 5791 2026 5860; x_wconf 85' lang='lat' dir='ltr'><strong>apud</strong></span> <span class='ocrx_word' id='word_1_771' title='bbox 2064 5790 2473 5854; x_wconf 84' lang='lat' dir='ltr'><strong>Alexandriam,</strong></span> <span class='ocrx_word' id='word_1_772' title='bbox 2512 5805 2608 5859; x_wconf 89' lang='lat' dir='ltr'><strong>per</strong></span> <span class='ocrx_word' id='word_1_773' title='bbox 2647 5787 2931 5858; x_wconf 78' lang='lat' dir='ltr'><strong>epistolam</strong></span> <span class='ocrx_word' id='word_1_774' title='bbox 2977 5787 3452 5856; x_wconf 68' lang='lat' dir='ltr'><strong>conscripserunt.</strong></span> 
     </span>
    </p>
   </div>
  </div>
