3906 6226
447 285 581 353 1219

1534 280 1934 342 ANASTASII
1981 275 2613 340 BIBUOTHECARII

3576 270 3690 334 ιτὲξο

448 401 647 456 Eodem
684 413 825 454 asino
862 406 916 450 et
952 393 1187 449 Basilius
1220 394 1516 464 episcopus
1557 393 1808 447 Cassnrize
1849 393 2024 445 factus
2054 398 2096 451 Α
2127 388 2449 452 Melitanus,
2481 383 2833 456 postmodum
2869 392 3047 436 autem
3090 391 3145 437 et
3192 381 3494 436 Flavianus
3536 384 3696 436 Antio-

443 502 549 556 est,
575 507 697 546 cum
725 489 994 544 Eusebius
1024 487 1112 556 pie
1138 486 1456 541 dormisset.

519 583 698 637 Mundi
730 595 874 635 anno
891 579 1054 646 5866,
1083 580 1285 634 divinat
1311 577 1712 633 incarnationis
1730 592 1872 630 anno
1897 574 2025 637 366,

447 673 774 729 Ambrosius
793 680 914 740 post
931 670 1262 724 Auxentium
1283 670 1529 724 ecclesia:
1542 667 2026 723 Mediolanensium

446 774 666 837 praeest.
687 763 984 818 Occidente
1005 777 1134 816 vero
1164 772 1331 815 totam
1353 762 1680 815 Trinitatem
1703 758 2027 812 homousion

447 860 801 930 pradicante,
832 858 1180 926 postulavere
1209 855 1430 924 quidam
1465 852 1933 914 Valentinianum,
1976 861 2031 903 et

450 954 630 1006 fecere
663 951 933 1022 synodum
971 951 1023 1003 in
1070 949 1308 1020 lllyrico,
1344 955 1396 1002 et
1425 946 1589 1000 fidem
1629 946 2032 999 rohoraverunt

450 1043 745 1098 Nicmnatn.
773 1043 928 1096 Tunc
961 1051 1016 1096 et
1050 1039 1350 1110 Gregorius
1383 1039 1672 1108 deiioquus
1711 1036 2030 1092 Constanti-

447 1136 782 1205 n0politanze
844 1133 1139 1202 praesidere
1192 1131 1526 1185 noscebatur
1572 1128 1869 1190 Ecclesiae,
1929 1140 2028 1195 pro

449 1226 642 1282 Basilii
682 1233 734 1279 et
765 1223 963 1277 Meletii
1015 1238 1080 1277 ac
1127 1222 1464 1290 reliquorum
1518 1219 1736 1289 pietatis
1783 1232 2033 1287 pugnans

452 1317 820 1387 dogmatibus.
863 1313 928 1365 Et
966 1315 1067 1368 nisi
1103 1323 1230 1367 ante
1259 1315 1324 1365 ad
1355 1313 1546 1366 urbem
1577 1312 2037 1378 Constantinopo-

454 1409 682 1460 litanam
708 1405 971 1458 invitatus
1001 1412 1171 1467 esset,
1201 1411 1314 1456 tota
1346 1403 1606 1456 nimirum
1637 1401 1748 1454 Arii
1775 1407 1828 1454 et
1860 1399 2039 1452 Eunoo

457 1499 549 1551 mii
588 1497 890 1566 replerctur
933 1495 1160 1548 illuvie:
1197 1508 1388 1547 omnes
1427 1493 1571 1545 enim
1624 1489 1890 1544 ecclesias
1929 1487 2036 1557 ipsi

457 1590 829 1658 possidebant,
851 1596 1046 1657 prater
1085 1587 1387 1640 oratorium
1422 1583 1723 1638 Anastasius
1755 1581 2033 1652 martyris.

455 1682 695 1737 Praeerat
750 1689 934 1735 autem
996 1680 1109 1734 illic
1159 1678 1379 1732 Arianis
1441 1676 1819 1740 Demoiihiius.
1880 1675 2037 1728 Tunc

454 1771 754 1841 Gregorius
787 1787 1004 1841 quoque
1036 1769 1318 1841 Nyssenus
1347 1779 1400 1824 et
1439 1768 1658 1828 Petrus,
1698 1766 1897 1820 fratres
1932 1764 2035 1818 Ba-

460 1864 592 1929 silii,
631 1863 1022 1926 coruscabant,
1061 1861 1424 1932 Optimusque
1464 1861 1517 1913 in
1563 1859 1770 1914 Pisidia
1804 1868 1858 1913 et
1905 1859 2037 1910 Am-

458 1955 768 2025 philochius
818 1955 872 2008 in
937 1953 1144 2009 lconio.
1203 1953 1428 2007 Barsem
1487 1959 1665 2004 autem
1719 1950 2038 2019 episcopum

459 2048 684 2103 Edessa:
709 2056 871 2117 atque
889 2045 1167 2117 Pelagium
1187 2045 1486 2110 Laodiceae,
1510 2051 1697 2114 utpote
1722 2042 2042 2095 orthodoxze

461 2140 586 2194 ﬁdei
627 2146 1088 2210 pr0pugnatores,
1123 2136 1398 2192 Valensin
1419 2136 1675 2191 exsilium
1696 2135 1865 2189 misit.
1904 2133 2044 2188 Sau-

461 2241 797 2286 romatarum
831 2239 1012 2286 autem
1035 2244 1192 2300 gens,
1223 2244 1345 2298 qum
1378 2228 1576 2298 pusilla
1614 2236 1670 2281 et
1697 2227 1913 2280 infirma
1935 2234 2039 2287 est,

464 2336 656 2380 contra
689 2323 1136 2380 Valentinianum
1167 2323 1460 2391 insurgens
1497 2329 1551 2376 et
1577 2320 1644 2374 ab
1672 2335 1738 2374 eo
1761 2329 2040 2387 superata,

464 2416 662 2486 legatis
695 2416 902 2480 missis,
938 2429 1125 2484 pacem
1163 2413 1492 2484 expostulat.
1524 2410 1769 2482 Cumque
1803 2409 2044 2463 Valenti-

464 2505 668 2561 nianus
724 2521 756 2559 a
805 2504 1001 2574 legatis
1049 2504 1428 2559 sciscitaretur
1468 2514 1653 2556 utrum
1705 2499 2046 2554 Sauromatic

465 2597 608 2652 tales
643 2605 698 2652 et
732 2605 839 2649 tam
879 2597 1070 2650 vilium
1118 2611 1412 2664 corporum
1455 2610 1650 2650 omnes
1690 2595 2044 2655 exsisterent,

467 2687 876 2757 responderunt
927 2687 1172 2742 dicentes
1223 2689 1352 2756 quia
1402 2685 1661 2740 Meliores
1704 2699 1894 2738 eorum
1959 2684 2049 2737 hie

474 2779 642 2834 habes
666 2789 723 2832 et
749 2779 921 2833 vides.
952 2779 1108 2833 Tunc
1145 2779 1483 2833 validissime
1527 2778 1617 2831 ille
1651 2779 1896 2831 clamans
1923 2774 1998 2827 ait
2032 2791 2046 2828 :

472 2872 694 2926 Atracia
724 2870 1016 2924 Romanum
1047 2871 1325 2937 imperium
1360 2872 1584 2924 sustinet
1615 2868 1683 2922 ad
1719 2867 2050 2921 Valentinia-

471 2979 596 3016 num
620 2964 938 3032 pertingens,
956 2963 1002 3014 si
1028 2960 1360 3016 Sauromata:
1379 2960 1509 3014 tales
1539 2962 1846 3014 exsistant“
1862 2969 2050 3012 contra

473 3053 738 3109 Romanos
765 3055 1070 3121 insurgunt.
1103 3051 1180 3106 Ex
1211 3053 1560 3107 animositate
1587 3060 1768 3105 autem
1803 3051 1967 3104 nimia
1992 3057 2048 3103 et

474 3162 734 3202 manuum
759 3146 953 3216 plausu
987 3159 1123 3199 vena
1157 3146 1353 3208 recisa,
1388 3153 1444 3196 et
1472 3143 1711 3214 plurimo
1733 3153 2048 3210 erumpente

475 3237 760 3307 sanguine,
815 3237 868 3290 in
921 3235 1156 3304 quodam
1209 3235 1507 3302 municipio
1560 3232 1746 3286 Gallia:
1797 3234 2050 3287 moritur.

476 3331 646 3386 Porro
682 3330 878 3385 Valens
901 3329 1197 3397 Trajanum
1230 3329 1606 3396 magistratum
1634 3335 1822 3378 contra
1847 3325 2052 3384 Gothos

473 3422 755 3492 misit,qui
793 3423 971 3476 victus
995 3421 1356 3491 ignominiose
1385 3433 1639 3474 reversus
1667 3425 1770 3472 est.
1800 3417 1900 3470 Cui
1927 3432 2051 3471 cum

477 3516 678 3570 Val-ens
707 3515 986 3569 mollitiem
1021 3513 1402 3579 exprobraret,
1445 3510 1725 3580 respondit
1751 3527 1763 3561 :
1815 3507 1933 3561 Non
1960 3525 2052 3576 ego

475 3623 593 3660 sum
619 3607 806 3668 rictus,
834 3607 1140 3673 imperator,
1173 3603 1263 3657 sed
1299 3614 1376 3664 tu,
1409 3603 1498 3672 qui
1536 3613 1718 3655 contra
1752 3599 1920 3652 Deum
1959 3615 2054 3666 pu-

475 3713 609 3765 gnas
665 3706 715 3749 et
769 3694 1012 3748 barbaris
1063 3704 1246 3746 nutum
1294 3693 1408 3761 ejus
1469 3692 1740 3744 concilias.
1789 3691 2056 3743 Damasus

474 3796 660 3842 autem
722 3785 1003 3840 Romanus
1065 3794 1119 3839 et
1175 3783 1369 3839 Petrus
1436 3782 1839 3838 Alexandrinus
1895 3780 2051 3849 primi

476 3879 844 3933 Sabbatianos
871 3879 1379 3937 condemnaverunt
1407 3893 1422 3939 ;
1447 3887 1497 3931 et
1527 3875 1725 3944 impius
1756 3872 2057 3927 Eunomius

480 3971 828 4040 praesumpsit
869 3971 924 4024 in
964 3985 1074 4024 una
1128 3971 1402 4023 mersione
1442 3967 1712 4036 baptisma
1757 3967 2055 4028 celebrare,

485 4076 591 4114 non
610 4061 662 4114 in
690 4059 976 4126 Trinitate,
1004 4061 1097 4116 sed
1125 4061 1178 4113 in
1199 4058 1860 4128 morteChristijoportere
1886 4057 2059 4125 bapti-

481 4165 609 4204 zare
639 4150 849 4216 dicens,
892 4158 946 4204 et
974 4165 1069 4205 eos
1101 4151 1272 4219 quiin
1309 4148 1577 4205 Trinitate
1619 4148 1876 4219 baptizati
1904 4157 2060 4204 erant

485 4243 879 4313 rebaptizahat.

558 4333 658 4388 Per
707 4332 848 4386 idem
892 4339 1107 4402 tempus
1151 4342 1204 4388 et
1249 4345 1481 4400 magnus
1520 4330 1756 4400 Ephrem
1791 4333 1848 4387 in
1879 4332 2061 4388 studio

484 4435 539 4480 et
561 4425 744 4480 divina
776 4425 1027 4481 doctrina
1069 4424 1330 4493 fulgebat,
1367 4421 1568 4477 multos
1598 4423 1818 4492 quidem
1849 4439 2063 4479 sermo-

489 4534 584 4574 nes
614 4518 907 4584 asceticos,
946 4516 1129 4586 plures
1175 4522 1359 4570 autem
1397 4514 1742 4584 dogmaticos
1779 4531 1847 4570 ex
1877 4517 2064 4572 divino

487 4614 692 4682 Spiritu
729 4625 1017 4666 emanans.
1058 4607 1318 4675 Quaedam
1359 4615 1536 4661 autem
1584 4607 1892 4663 studiorum
1942 4609 2063 4678 ejus

485 4708 648 4759 etiam
681 4707 950 4760 cantanda
985 4701 1398 4776 Syristradidit,
1416 4715 1511 4770 per
1538 4701 1709 4755 melos
1739 4703 2063 4771 pertraheus

488 4799 852 4867 antiquiores.
881 4798 1049 4852 Aiunt
1079 4798 1263 4865 itaque
1305 4803 1576 4850 trecentas
1619 4809 1743 4848 eum
1784 4793 2061 4863 myriadas

492 4903 745 4940 versuum
765 4887 1022 4950 edidisse,
1041 4902 1163 4942 vere
1195 4887 1377 4940 divina
1403 4884 1670 4955 sapientia
1692 4884 2064 4950 conditorum,

487 4981 546 5035 in
585 4979 786 5049 quibus
816 4979 1063 5033 invenies
1095 4979 1412 5034 discendam
1445 4977 1546 5034 viri
1574 4979 1852 5032 virtutem.

561 5070 746 5125 Mundi
771 5085 915 5124 anno
938 5069 1100 5133 5868,
1125 5071 1322 5125 divinae
1346 5070 1742 5125 incarnationis
1771 5082 1915 5122 anno
1939 5066 2063 5130 568,

489 5163 942 5222 Messalianorum
1006 5165 1250 5229 haeresis,
1314 5163 1370 5218 id
1421 5175 1525 5226 est,
1584 5163 1954 5218 Euchetarum
2015 5168 2068 5215 et

494 5257 997 5322 Enthusiastarum,
1024 5263 1214 5310 exorta
1239 5263 1344 5312 est.
1373 5254 1436 5310 Hi
1474 5257 1771 5327 psallentes
1809 5253 2070 5308 incedunt

491 5357 549 5404 et
580 5349 834 5407 manibus
867 5347 1153 5418 plaudunt,
1186 5360 1308 5416 quae
1349 5347 1490 5415 apud
1526 5346 1692 5400 David
1715 5355 1846 5402 sunt
1885 5346 2070 5399 insen—

494 5449 614 5495 sate
661 5455 725 5495 ac
760 5439 1018 5496 velociter
1058 5439 1414 5509 excipientes.
1468 5435 1644 5505 Hujus
1695 5435 2072 5492 haeresiarchas

501 5529 706 5588 Dadocs
757 5539 813 5588 et
859 5530 1069 5588 Sabbas
1113 5541 1165 5587 et
1199 5531 1501 5601 Adelphius
1551 5529 1979 5591 exstiterunt,et
2013 5534 2072 5579 ut

496 5623 718 5684 ‘luidam
761 5624 917 5676 aiunt
951 5626 1273 5682 Eustathius
1315 5623 1695 5686 Sebastenus;
1738 5619 1938 5690 quibus
1985 5635 2072 5671 rc-

495 5711 682 5767 stitere
749 5714 962 5770 fortiter
1012 5699 1352 5787 Amphilochi
1379 5734 1420 5770 ις
1469 5714 1800 5774 iconicnsis,
1858 5711 2069 5765 Litoius

1711 5949 1738 5974 /

2127 483 2359 535 chenus.
2401 478 2672 533 Praeterea
2712 473 2917 530 Valens
2960 475 3108 529 omni
3149 473 3387 530 ecclesia
3437 474 3691 528 devastata

2129 573 2275 627 venit
2319 571 2612 626 Caesariani
2663 571 2732 622 ab
2762 566 3010 629 Oriente,
3049 575 3239 621 contra
3281 566 3692 621 sacratissimum

2129 664 2390 717 Basilium
2413 661 2847 728 insaniens;qui
2874 661 3121 729 egitque!
3151 673 3386 728 magnus
3424 656 3694 726 Gregorius

2131 755 2183 808 in
2215 754 2498 823 epitaphio
2532 753 2718 807 Basilii
2761 754 2962 821 arguit.
3001 751 3210 804 Deinde
3242 749 3588 814 τετυ-Βιθυνία
3618 749 3699 803 Sa-

2135 861 2456 901 racenorum
2520 846 2706 916 regina
2761 847 2932 898 multa
2991 846 3130 897 mala
3194 842 3474 897 Romanis
3527 841 3706 897 faciens

2136 952 2317 1006 pacem
2359 939 2630 1004 quarsivit,
2681 947 2735 990 et
2777 934 2962 991 Mosen
3012 936 3304 1004 quemdam
3335 935 3704 1003 religiosorum

2135 1029 2188 1080 in
2238 1042 2422 1082 eremo
2475 1029 2935 1082 rommorantium
2977 1030 3295 1098 episcopum
3332 1026 3463 1080 dari
3507 1026 3710 1080 Sarace-

2137 1119 2243 1181 nis,
2276 1119 2370 1188 qui
2395 1118 2543 1188 apud
2571 1135 2630 1173 se
2656 1119 3172 1182 christianizahant,
3200 1120 3460 1187 expetiit.
3498 1119 3713 1188 Impera-

2139 1223 2252 1266 tore
2285 1223 2465 1266 autem
2498 1213 2757 1268 alacriter
2787 1213 2893 1266 hoc
2928 1214 3180 1276 faciente,
3201 1212 3428 1283 Moyses
3463 1230 3655 1268 non...
3687 1228 3714 1265 a

2137 1304 2384 1359 Luciano
2414 1305 2620 1360 Ariano
2652 1307 2990 1366 consecrari,
3025 1304 3119 1358 sed
3158 1319 3187 1357 a
3226 1305 3482 1373 quodam
3515 1306 3715 1374 episeo-

2139 1411 2330 1464 porum
2377 1397 2469 1466 qui
2508 1398 2560 1450 iu
2595 1399 2762 1451 exilio
2795 1397 3013 1451 fuerant
3043 1414 3057 1461 ;
3099 1397 3243 1465 quod
3292 1404 3348 1450 et
3381 1397 3588 1450 factum
3619 1405 3713 1450 est.

2139 1486 2254 1541 Hoc
2310 1499 2570 1557 suscepto
2622 1487 2796 1542 Maria
2846 1489 3049 1542 nu-ltos
3083 1488 3438 1542 Christianos
3469 1487 3538 1542 de
3570 1486 3719 1541 Sara-

2138 1585 2292 1638 cenis
2338 1583 2538 1638 effecit.
2589 1585 2759 1638 Aiunt
2792 1593 2973 1640 autem
3001 1585 3129 1653 quia
3165 1591 3221 1638 et
3253 1583 3375 1653 ipsa
3419 1583 3717 1637 Christiana

2140 1684 2298 1740 erat,
2347 1676 2570 1732 natione
2620 1677 2888 1743 Romana,
2943 1689 2996 1732 et
3050 1679 3268 1747 captiva
3301 1678 3477 1732 ducta
3537 1676 3720 1747 placuit

2143 1779 2361 1840 propter
2411 1770 2832 1839 pulcritudinem
2884 1770 2997 1842 regi
3060 1769 3520 1833 Saracenorum,
3559 1778 3608 1824 et
3650 1771 3722 1823 sic

2143 1875 2374 1930 regnum
2407 1861 2670 1916 obtinuit.
2699 1862 2904 1916 Scribit
2935 1877 3063 1916 vero
3099 1861 3267 1915 multa
3305 1861 3376 1915 de
3405 1863 3600 1916 eodem
3641 1876 3725 1930 ge-

2142 1969 2271 2008 nere
2304 1951 2664 2017 Sozomenus,
2690 1953 2834 2006 unde
2860 1954 3128 2022 originem
3157 1953 3374 2022 ceperit
3393 1961 3452 2006 et
3487 1953 3628 2006 unde
3655 1953 3727 2007 sic

2143 2055 2515 2115 uuncupetur,
2547 2057 2603 2101 et
2631 2045 2776 2115 quod
2815 2046 2882 2099 13
2909 2060 3053 2099 anno
3075 2044 3542 2100 circumcidatur.
3566 2045 3729 2100 Porro

2142 2137 2306 2192 Gothi
2338 2138 2407 2191 ab
2435 2136 2650 2192 liunnis
2672 2138 2976 2207 impugnati
3005 2137 3272 2191 auxilium
3303 2137 3376 2190 ab
3407 2137 3729 2206 imperatore

2145 2229 2446 2302 postulant,
2474 2240 2528 2283 et
2549 2246 2644 2300 per
2665 2229 2898 2284 Hulliam
2917 2231 3239 2299 episcopum
3264 2243 3434 2284 suum
3449 2230 3725 2286 Arianoru.

2143 2324 2235 2394 qui
2271 2331 2516 2378 moratura
2546 2324 2651 2378 sub
2676 2323 3000 2379 Constantio
3035 2323 3216 2378 fuerat
3241 2338 3368 2378 cum
3405 2321 3654 2377 Eudoxio
3679 2331 3729 2373 et

2144 2414 2347 2469 Acacio
2388 2414 2628 2471 Arianis.
2674 2416 2776 2468 Hic
2817 2413 3030 2470 Gothos
3065 2415 3301 2471 Arianos
3349 2430 3480 2469 esse
3527 2413 3728 2478 docuit,

2145 2513 2238 2584 qui
2269 2512 2492 2567 adunati
2527 2509 2694 2563 ferme
2723 2507 2913 2574 viginti
2937 2506 3160 2561 Graecia
3183 2506 3593 2575 depopulantur
3610 2517 3735 2573 pro-

2149 2603 2380 2657 vincias.
2402 2601 2523 2666 Quo
2550 2597 2738 2652 audito
2763 2594 2986 2660 Valens,
3009 2612 3133 2650 cum
3151 2596 3451 2650 Antiochia:
3478 2596 3737 2664 degeret,

2148 2695 2294 2751 venit
2351 2689 2916 2759 Constantinopolim.
2977 2690 3217 2760 Byzantii
3265 2703 3397 2740 vero
3455 2687 3739 2741 conviciis

2149 2788 2303 2840 illum
2337 2794 2523 2853 utpote
2557 2781 2856 2835 invalidum
2885 2789 2939 2835 et
2977 2780 3238 2834 bellorum
3267 2779 3522 2847 fugacem
3561 2791 3739 2828 accu-

2150 2876 2452 2930 mulabant.
2489 2873 2740 2927 Hisacius
2768 2880 2976 2934 autem,
3009 2886 3168 2926 sacer
3196 2869 3738 2930 mouachus,teneul

2151 2967 2366 3022 frenum
2397 2966 2524 3035 equi
2579 2965 2843 3024 Valentis.
2872 2978 2998 3018 cum
3045 2963 3348 3016 novissime
3385 2961 3739 3028 egrederetur

2156 3062 2210 3116 in
2241 3060 2511 3130 praelium,
2538 3059 2612 3111 ait
2653 3058 2718 3111 ad
2751 3072 2874 3110 eum
2911 3075 2922 3110 :
2958 3056 3075 3122 Quo
3108 3055 3280 3117 radis,
3313 3055 3607 3122 imperator
3643 3065 3741 3104 atl-

2154 3169 2330 3208 verstts
2372 3151 2536 3204 Deum
2568 3164 2806 3218 pugnans
2834 3160 2884 3202 et
2926 3147 3088 3200 Deum
3121 3146 3486 3198 adversarium
3505 3143 3741 3198 habent?

2154 3246 2327 3308 Quem
2363 3243 2535 3296 iratus
2575 3242 2786 3295 carceri
2817 3239 3065 3298 tradidit,
3097 3248 3330 3291 mortem
3369 3237 3442 3290 illi
3475 3237 3739 3299 minatus.

2155 3336 2200 3389 si
2241 3334 2464 3396 rediret,
2499 3333 2958 3401 quemadmodmn
2985 3331 3208 3384 Micheze
3224 3327 3502 3397 quondam
3525 3327 3735 3380 Achab.

2157 3427 2286 3480 Post
2325 3427 2700 3496 egressionem
2747 3431 2926 3476 autem
2953 3424 3072 3492 ejus
3105 3422 3330 3491 quidam
3358 3435 3421 3473 ex
3466 3423 3584 3473 suis
3617 3435 3737 3472 con-

2157 3519 2290 3574 fessi
2341 3527 2470 3573 sunt
2509 3517 2656 3586 quod
2709 3517 3026 3585 przeceperit
3077 3513 3454 3568 divinationes
3503 3512 3628 3565 ﬁeri
3680 3509 3739 3561 de

2159 3613 2362 3681 impetu
2395 3611 2542 3675 belli,
2575 3609 2718 3678 quod
2747 3607 2853 3663 sibi
2876 3607 3218 3661 imminebat.
3253 3604 3374 3670 Quo
3396 3619 3524 3658 cum
3550 3601 3739 3656 Gothis

2159 3704 2295 3757 inito
2323 3713 2613 3772 superatus
2637 3701 2775 3771 fugit
2807 3701 2862 3754 in
2894 3698 3190 3768 quamdam
3222 3697 3642 3759 dumunculam,
3677 3696 3738 3747 ad

2159 3808 2322 3862 quam
2357 3809 2480 3848 cum
2510 3793 2727 3846 barbari
2760 3789 3410 3861 pervenissent,domum
3443 3788 3740 3842 incenden-

2159 3893 2266 3949 tes,
2309 3884 2650 3954 ignorantes,
2681 3898 2874 3937 omues
2903 3883 2997 3950 qui
3040 3881 3094 3935 in
3129 3882 3216 3934 illa
3250 3889 3415 3933 erant
3463 3893 3744 3934 cremare-

2161 3988 2308 4031 runt.
2339 3977 2504 4030 Aiunt
2531 3986 2714 4030 autem
2755 3974 2900 4045 quod
2934 3973 3156 4027 divinus
3183 3971 3438 4027 llisacius
3470 3971 3526 4024 in
3559 3985 3741 4023 eam-

2162 4084 2220 4123 re
2243 4068 2457 4123 [αξιοι-ξε
2481 4068 2788 4131 Valentem,
2807 4069 2939 4121 dum
2966 4075 3328 4127 cremaretur,
3354 4065 3540 4118 divina
3568 4063 3736 4133 gratia

2157 4171 2215 4216 et
2258 4161 2454 4214 anima:
2487 4160 2759 4214 munditia
2798 4155 3229 4227 deprehenderet
3254 4195 3270 4218 ,
3318 4156 3735 4224 pradixeritque

2162 4253 2640 4321 interemptionem
2663 4253 2784 4320 ejus
2801 4251 2889 4304 his
2911 4251 3004 4319 qui
3033 4265 3220 4304 secum
3243 4259 3426 4311 erant,
3453 4256 3732 4316 antequam

2164 4345 2342 4400 nuntii
2373 4345 2722 4398 advenissent
2747 4342 2839 4412 qui
2874 4352 3026 4412 gesta
3066 4341 3236 4410 praelii
3263 4341 3601 4393 nuntiarent.
3624 4336 3731 4403 Quo

2095 4445 2140 4504 ῃ
2165 4442 2449 4505 comperto
2483 4433 2782 4487 Gratianus
2815 4433 3098 4501 Augustus
3131 4430 3510 4484 Theodosium
3557 4429 3732 4497 Augu-

2170 4538 2315 4584 stum
2369 4526 2548 4580 induit
2596 4533 2651 4579 et
2689 4525 2982 4594 appellavit
3017 4525 3430 4593 imperatorem.
3464 4531 3523 4576 et
3552 4531 3729 4575 contra

2166 4617 2374 4672 Gothos
2434 4600 2656 4670 direxit.
2688 4615 2898 4670 Gothos
2939 4625 3120 4669 autem
3154 4616 3319 4684 vulgo
3367 4613 3599 4684 Scythas
3631 4609 3727 4663 diei

2168 4709 2442 4778 'l‘rajanus
2471 4708 2741 4778 patricius
2768 4708 3017 4776 perhibet
3053 4707 3106 4761 iu
3127 4707 3381 4762 historia.
3403 4705 3534 4758 Erat
3563 4711 3727 4756 autent

2167 4799 2512 4856 Theodosius
2535 4801 2881 4856 orthodoxus
2899 4809 2953 4853 et
2976 4800 3029 4852 in
3061 4798 3219 4853 bellis
3249 4797 3549 4850 mirabilis.
3579 4794 3728 4848 Porro

2167 4889 2458 4945 Gratianus
2511 4897 2568 4944 et
2619 4889 3038 4945 Valentinianus
3097 4888 3215 4957 lege
3271 4888 3401 4942 data
3462 4887 3727 4955 episeopo!

2167 4982 2365 5037 exsilio
2401 4993 2812 5044 revocaverunt,
2832 4983 3068 5037 Arianos
3091 4990 3271 5036 autem
3305 4981 3582 5051 persecuti
3599 4985 3722 5033 sunt.

2169 5072 2407 5128 Damaso
2439 5081 2778 5142 coeperauts
2807 5087 2946 5142 papa
2983 5074 3249 5127 Romano.

2242 5161 2428 5216 Mundi
2455 5178 2600 5217 anno
2617 5161 2778 5230 5874,
2800 5163 3003 5217 divinae
3019 5161 3428 5216 incarnationis
3449 5174 3594 5215 ano
3612 5156 3716 5216 578.

2170 5254 2522 5310 Theodosius
2573 5254 2830 5322 imperat,
2895 5255 3060 5322 cujus
3105 5254 3322 5322 imperii
3373 5255 3569 5324 quinto
3601 5265 3721 5306 anno

2176 5356 2366 5402 sancta
2408 5354 2463 5401 et
2505 5346 2838 5401 universalis
2897 5347 3144 5401 secunda
3181 5347 3435 5418 synodus
3479 5345 3718 5402 celebrata

2183 5447 2288 5501 est,
2317 5438 2404 5492 cui
2426 5437 2694 5508 praefuere
2709 5436 3474 5503 TimotheusAlexandrinus,
3509 5437 3718 5495 Helena!

2177 5517 2583 5592 Antiochenus,
2608 5528 2850 5600 Cyrillus
2882 5529 3416 5602 Hierosolymitanus
3446 5541 3503 5585 et
3531 5529 3713 5583 divinat

2172 5622 2473 5690 Gregorius
2505 5622 3169 5694 Constantinopolitanus.
3221 5622 3285 5678 lii
3325 5642 3456 5680 vero
3487 5627 3572 5694 qui
3609 5639 3705 5670 ru"

2174 5713 2493 5768 Macedonio
2528 5730 2751 5770 sensere
2779 5717 3006 5786 triginta
3043 5733 3134 5770 sex
3157 5717 3402 5788 episcopi
3427 5711 3668 5769 adhortati
3689 5721 3711 5758 :I
