3906 6226
174 309 308 373 19:21

953 302 1320 364 HISTORIA
1354 301 1928 366 ECCLESHSTICA
1952 307 2052 367 EX
2078 306 2558 368 THEOPHANE.

3307 305 3445 372 1222

163 422 435 476 8‘atrihus
455 418 712 488 dogmata
737 417 953 472 Nicaeua
973 419 1277 486 suscipere,
1297 419 1600 472 secundum
1620 419 1766 488 quod
1794 425 1844 483 Α
1873 421 2147 477 Prwterca
2179 437 2301 476 cum
2341 423 2639 492 imperator
2658 421 2884 476 Ruinam
2921 421 3181 487 vrnisset,
3205 423 3445 481 accessit

170 524 224 568 γι
247 513 468 569 Liberio
501 510 954 581 repromittentes
999 512 1214 565 libellos
1252 520 1614 580 porrexerant
1647 529 1661 563 :
1699 512 1754 568 hi

161 610 264 678 qui
294 609 445 662 circa
499 603 784 660 Silvanum
810 615 968 658 erant
1002 603 1233 658 Romam
1271 607 1611 670 transmissi,
1666 621 1756 659 re-

171 708 416 754 uuerunt
453 698 670 752 veritati
709 697 1085 765 acquiescere,
1139 704 1193 749 et
1221 706 1573 752 recesserunt
1609 699 1758 752 risus

163 793 430 846 Ozltltibus
463 791 613 857 l'aeti,
640 790 742 845 alia
761 793 1063 844 sentientes
1077 798 1130 844 et
1157 789 1265 843 alia
1286 790 1631 858 pollicentes.
1665 805 1756 844 se-

163 885 421 942 ductorie
443 884 648 939 Liberii
681 885 944 952 epistolas
971 893 1337 954 reportantes,
1375 883 1754 938 testimonium

163 977 271 1032 sibi
309 977 669 1048 perhibentes
703 977 1068 1031 orthodoxiat.
1103 975 1306 1030 Sancta
1343 990 1473 1030 vero
1508 973 1754 1046 synodus

158 1069 437 1138 Gregorio
461 1069 721 1140 deiloqno
758 1069 1140 1137 episcopatum
1183 1066 1753 1137 Constantinopoleos

161 1161 473 1226 roboravit,
495 1170 550 1215 et
573 1161 721 1214 hunc
744 1155 974 1215 invitum
1005 1163 1056 1214 in
1083 1145 1286 1214 throno
1303 1161 1533 1224 locavit,
1561 1168 1752 1231 utpote

162 1253 403 1306 multum
440 1253 784 1308 laborantem
827 1264 880 1308 et
907 1256 1100 1308 urbem
1137 1270 1164 1306 a
1208 1253 1438 1307 laesione
1468 1253 1752 1308 haereseos

162 1345 510 1399 liberantem.
533 1344 780 1415 Cumque
803 1345 1093 1400 didicisset
1124 1344 1391 1414 quosdam
1419 1361 1483 1400 ex
1517 1344 1751 1416 Egypto

157 1436 616 1506 sapientissimus
635 1437 1062 1493 etbeatissimus
1086 1439 1189 1495 iste
1209 1440 1337 1494 huic
1367 1441 1443 1494 rei
1478 1440 1748 1502 invidere,

155 1529 559 1597 compositorio
589 1545 846 1584 sermone
879 1541 1104 1586 ostenso
1136 1539 1334 1601 sponte
1370 1547 1398 1585 τι
1428 1533 1629 1586 throno
1661 1548 1753 1586 re-

156 1620 385 1690 gnantis
437 1620 588 1674 urbis
623 1622 932 1687 abscessit;
993 1637 1105 1691 quo
1163 1623 1425 1676 thronum
1472 1623 1749 1679 refutante

149 1711 478 1768 .Nectarium
519 1713 818 1782 imperator
850 1722 904 1769 et
927 1714 1174 1785 synodus
1204 1716 1477 1786 provehit,
1506 1715 1747 1772 Tarsen-

1863 515 1928 566 ad
1963 528 2088 568 eum
2112 514 2409 582 episcopus
2437 513 2674 567 consilio
2709 512 3010 567 lunocentii
3037 511 3272 567 Romani
3308 529 3444 584 pon-

1862 605 2045 670 tilicis,
2078 615 2270 662 contra
2303 607 2620 661 Flavianum
2653 606 2972 674 episcopum
3011 606 3442 664 Antiochenum.

1857 695 2162 767 Imperator
2189 707 2392 763 autem,
2411 714 2473 752 ea
2498 714 2618 768 quae
2643 695 2708 750 ad
2743 713 2931 764 pacem
2960 706 3086 752 sunt
3109 697 3435 761 admonens.

1859 803 1956 842 eos
2027 790 2202 842 univit
2261 800 2380 858 post
2417 788 2606 843 decem
2668 797 2721 842 et
2757 800 2962 859 septem
3016 791 3440 859 annos,jubeus

1857 881 2176 950 episcopum
2209 882 2276 936 de
2305 879 2529 936 Oriente
2561 885 2789 935 ltomam
2823 883 3028 946 venire,
3066 898 3192 937 cum
3230 899 3339 953 quo
3385 892 3441 938 et

1857 972 2148 1029 Beroensis
2179 972 2418 1028 Aeacius
2441 974 2646 1030 missus
2669 983 2776 1030 est.

1925 1065 2112 1121 Mundi
2170 1082 2315 1122 anno
2351 1066 2512 1132 5890,
2576 1068 2777 1122 divintn
2836 1066 3244 1121 incarnationis
3293 1083 3439 1122 anno

1854 1159 1979 1228 590,
2017 1161 2287 1217 Arcadius
2338 1177 2462 1218 cum
2499 1160 2742 1216 Honorio
2771 1162 3028 1232 imperat,
3084 1161 3243 1230 cujus
3280 1171 3438 1218 sexto

1856 1255 2068 1324 imperii
2091 1270 2235 1310 anno
2269 1253 2558 1310 Nectarius
2601 1255 2856 1308 moritur.
2887 1252 3227 1320 Theophilus
3259 1262 3436 1306 autem

1853 1349 2150 1419 cpiscopus
2169 1350 2577 1404 Alexandrinus
2601 1363 2723 1402 cum
2751 1351 2988 1410 adesset,
3016 1344 3249 1399 Joannis
3267 1345 3441 1414 Chry—

1854 1443 2081 1498 sostomi
2117 1444 2409 1513 prohibere
2463 1441 2748 1510 satagebat
2781 1439 3126 1501 electionem,
3165 1435 3435 1490 lsidorum

1848 1536 2141 1606 quemdam
2173 1536 2552 1606 presbyterum
2582 1549 2766 1596 suum,
2811 1533 2902 1602 qui
2931 1531 3033 1586 sibi
3085 1530 3439 1584 ministrave-

1851 1640 1956 1692 rat,
2006 1627 2231 1698 dignum
2279 1626 2602 1696 episc0patu
2673 1624 2839 1692 regiae
2894 1623 3050 1678 urbis
3108 1623 3436 1676 testiﬁcans.

1852 1721 2155 1792 Imperator
2205 1728 2388 1775 autem
2421 1729 2474 1775 et
2532 1728 2647 1774 tota
2692 1718 2888 1773 civitas
2927 1715 3193 1770 Joannem
3230 1715 3298 1769 ab
3330 1715 3439 1769 Au-

153 1818 273 1858 sem
301 1819 506 1875 genere
533 1813 589 1860 et
613 1805 874 1876 prmtorio
909 1816 1041 1861 tunc
1081 1808 1520 1878 principantem;
1554 1810 1648 1875 qui
1675 1809 1745 1862 li-
1785 1804 1824 1858 Β
1855 1813 2055 1867 tioehia
2114 1813 2181 1867 ad
2215 1813 2268 1867 id
2299 1812 2370 1867 ab
2404 1813 2525 1882 ipso
2581 1819 2833 1864 vocatum
2877 1809 3193 1864 consecrari
3239 1808 3433 1861 voluit.

147 1902 242 1946 cet
282 1895 531 1948 nondum
557 1895 868 1963 baptizatus
901 1904 1074 1960 esset,
1124 1897 1419 1967 religiosus
1471 1905 1654 1952 tamen
1683 1905 1739 1952 et

146 1985 284 2039 vitae
335 1987 670 2041 venerabilis
697 1994 839 2042 erat.
891 1985 1065 2042 Porro
1111 1999 1302 2045 sancta
1335 1991 1742 2045 etuniversalis

145 2076 413 2146 synodus
473 2079 796 2134 homousion
851 2080 1135 2145 ﬁrmavit,
1189 2082 1402 2136 addidit
1449 2089 1634 2136 autem
1689 2091 1746 2137 et

150 2166 412 2237 symbolo
433 2168 761 2240 theologiam
782 2169 1021 2240 Spiritus
1037 2174 1236 2228 sancti.
1261 2171 1415 2229 Tunc
1441 2173 1742 2244 Gregorius

147 2259 419 2315 Nicatoris
442 2261 498 2316 in
534 2262 635 2316 hac
665 2270 718 2317 et
743 2262 994 2332 Pelagius
1024 2263 1395 2337 Euloginsque
1427 2265 1740 2321 Edessenus

141 2361 202 2406 et
240 2353 550 2409 lconiensis
585 2354 1000 2424 Amphilochius
1035 2359 1404 2412 coruscabant
1451 2374 1578 2413 cum
1611 2376 1730 2413 ma-

141 2460 264 2515 gno
297 2444 568 2514 Gregorio
597 2456 652 2500 et
681 2447 816 2502 viris
853 2447 1122 2526 praefatis.
1146 2449 1380 2519 Magnus
1410 2462 1593 2506 autem
1627 2451 1742 2507 Me-

149 2538 325 2592 Ietius
361 2537 759 2602 Antiochenus,
818 2549 1111 2610 postquam
1147 2543 1391 2613 synodus
1421 2555 1506 2598 est
1566 2546 1738 2609 (inita,

89 2696 98 2703 ο
141 2630 422 2686 dormivit
461 2631 515 2684 in
556 2646 710 2700 pace.
747 2633 1054 2688 Ordinatus
1089 2647 1272 2689 autem
1309 2645 1393 2690 est
1442 2635 1741 2691 Flavianus

148 2725 472 2778 Antiochiae
505 2725 724 2794 praesul,
763 2727 978 2780 vivente
1012 2731 1251 2796 quodam
1273 2728 1524 2793 Paulino,
1547 2746 1743 2797 quam-

144 2833 322 2887 quam
357 2817 499 2871 idem
520 2816 812 2874 Flavianus
835 2821 1095 2889 praestitis
1125 2820 1426 2875 ﬁrrnaverit
1451 2821 1741 2888 iuramen-

139 2912 220 2964 tis
259 2925 544 2978 nunquam
590 2926 650 2965 se
682 2928 880 2967 manus
947 2914 1354 2982 impositionem
1385 2917 1741 2981 episc0patus

146 3003 440 3057 ullatenus
471 3001 866 3059 admissurum.
896 3004 1100 3059 lterum
1125 3019 1254 3075 ergo
1279 3006 1519 3059 turbatio
1554 2993 1744 3062 Eccle-

141 3097 298 3151 siam
329 3097 618 3151 obtinebat
638 3099 1064 3163 Antiochenam,
1088 3099 1209 3152 aliis
1237 3099 1457 3164 quidem
1488 3099 1740 3167 Paulino,

143 3187 278 3241 aliis
309 3201 449 3240 vero
487 3185 752 3241 Flaviano
797 3189 1139 3258 parentibus.
1185 3189 1342 3259 Apud
1393 3190 1741 3246 I'almstinam

145 3293 288 3333 vero
311 3279 368 3332 in
387 3279 621 3333 castello
642 3278 900 3335 Emmaus
920 3290 1083 3335 natus
1118 3292 1201 3335 est
1257 3297 1394 3351 puer
1442 3283 1739 3352 perfectus,

143 3375 218 3425 ab
273 3372 540 3425 umbilico
571 3381 626 3426 et
657 3387 880 3427 sursum
917 3373 1153 3435 divisus,
1186 3374 1257 3428 ita
1287 3385 1342 3427 ut
1373 3374 1601 3430 haberet
1633 3375 1744 3429 duo

141 3474 385 3536 pectora
441 3473 498 3520 et
528 3464 640 3519 duo
671 3468 879 3536 capita,
911 3475 966 3521 et
1025 3468 1412 3537 unuSquisque
1433 3483 1656 3534 sensus,
1688 3477 1745 3524 et

136 3575 301 3613 unus
341 3558 540 3614 edebat
576 3567 632 3614 et
665 3561 906 3627 bibebat,
931 3568 986 3613 et
1012 3561 1151 3614 alter
1201 3575 1309 3614 non
1333 3561 1566 3629 edebat;
1599 3577 1743 3616 unus

135 3651 489 3714 dormiebat,
537 3660 593 3706 et
637 3653 775 3706 alter
815 3651 1093 3721 vigilabat.
1144 3649 1552 3716 Nonnunquam
1611 3669 1742 3708 vero

133 3754 193 3799 et
223 3746 408 3800 simul
435 3745 700 3799 ludebant
731 3744 797 3798 ad
833 3747 1185 3809 alterutrum,
1216 3756 1268 3798 et
1290 3744 1453 3799 ﬂebat
1484 3753 1735 3814 uterque,

131 3849 192 3893 et
224 3839 626 3909 pereutiebaut
652 3840 907 3893 invicem.
937 3837 1111 3893 Porro
1156 3839 1342 3893 vixere
1375 3837 1538 3891 annis
1569 3835 1742 3891 ferme

129 3932 396 3996 duobus,
438 3940 493 3986 et
550 3947 697 3986 unus
729 3930 952 4000 quidem
984 3940 1240 3985 mortuus
1296 3938 1399 3994 est,
1444 3931 1581 3984 alter
1612 3945 1743 3984 vero

133 4029 285 4084 vixit
307 4027 511 4081 diebus
538 4037 794 4098 quatuor,
822 4035 876 4082 et
906 4036 1156 4082 mortuus
1187 4035 1274 4082 est
1325 4035 1378 4081 et
1403 4027 1538 4096 ipse.
1564 4023 1743 4080 Theo-

125 4120 347 4177 dosius
407 4129 592 4173 autem
639 4119 932 4174 undecimo
989 4120 1202 4190 imperii
1252 4121 1334 4175 sui
1391 4137 1534 4174 anno
1595 4119 1742 4173 venit

128 4231 275 4270 cum
306 4212 559 4267 Honorio
585 4212 694 4267 ﬁlio
735 4228 836 4267 suo
866 4211 1121 4282 Romam,
1153 4223 1209 4268 et
1239 4217 1442 4269 locavit
1483 4232 1605 4268 eum
1640 4215 1740 4268 im-

130 4319 467 4379 peratorem
509 4307 562 4360 in
595 4323 680 4360 ea.

216 4400 420 4454 Mundi
453 4414 598 4454 anno
622 4399 784 4458 5890.
805 4399 1002 4453 divinae
1025 4399 1422 4453 incarnationis
1447 4417 1590 4451 anno
1612 4398 1738 4466 590,

1855 1907 1984 1961 Erat
2013 1907 2159 1961 enim
2188 1904 2431 1960 Joannes
2465 1921 2529 1959 ex
2560 1903 2892 1959 clarissimis
2948 1899 3432 1960 Antiochensium,

1855 2008 2008 2067 patre
2041 1996 2291 2052 Secundo
2318 2006 2372 2051 et
2404 1995 2656 2051 Anthusa
2693 2001 2865 2047 matre
2904 1991 3142 2061 genitus.
3181 1989 3278 2044 Hic
3309 2005 3433 2043 cum

1851 2099 1996 2146 esset
2027 2091 2428 2146 disertissimus
2458 2102 2524 2142 ex
2548 2087 2732 2139 divina
2763 2084 3000 2138 maxime
3031 2082 3232 2152 gratia,
3267 2079 3431 2133 etiam

1854 2184 2143 2240 acerrimis
2178 2183 2464 2253 gentilium
2508 2179 2775 2250 sephistis
2800 2177 3066 2230 mirabilis
3099 2175 3433 2234 habebatur;

1853 2277 1999 2332 unde
2031 2275 2291 2330 Libanius
2336 2277 2482 2328 circa
2517 2281 2749 2327 mortem
2778 2271 3154 2336 interrogatus
3199 2282 3226 2318 a
3261 2265 3434 2319 disci-

1852 2364 1996 2434 pulis
2054 2364 2306 2432 quisnam
2344 2361 2712 2416 eruditionem
2769 2366 2891 2428 post
2940 2373 3064 2411 cum
3101 2357 3432 2425 susciperet,

1852 2454 2253 2521 aitzloannes,
2307 2455 2413 2509 nisi
2461 2454 2598 2506 hunc
2650 2451 3016 2506 Christiania
3047 2448 3196 2502 nobis
3265 2446 3437 2514 furati

1850 2549 2097 2617 fuissent.
2134 2547 2393 2602 Eruditus
2447 2559 2686 2613 namque
2732 2551 2818 2598 est
2865 2540 3172 2609 Scripturis
3233 2539 3435 2593 divinis

1848 2639 2272 2710 Chrysostomus
2312 2639 2454 2707 apud
2487 2636 2796 2691 Carterium
2839 2633 3133 2704 quemdam
3176 2631 3431 2686 abbatem

1848 2732 2136 2801 cujusdam
2167 2729 2510 2794 monasterii,
2542 2728 2807 2799 encycliis
2842 2741 2972 2781 vero
3014 2741 3180 2796 penes
3204 2725 3316 2793 jam
3349 2726 3435 2778 di-

1849 2835 1998 2879 ctum
2027 2823 2340 2878 Libanium.
2383 2822 2810 2876 Macedonianus
2866 2828 3048 2873 autem
3081 2818 3304 2887 quidam
3339 2833 3436 2888 per

1851 2918 2015 2988 hujus
2033 2918 2338 2972 doctrinam
2355 2915 2589 2970 accessit
2610 2915 2674 2967 ad
2697 2913 3024 2973 Ecclesiam,
3045 2914 3136 2980 qui
3156 2912 3432 2981 propriam

1850 3025 2074 3065 uxorem
2119 3011 2369 3063 hortatus
2399 3015 2457 3060 ut
2497 3013 2917 3061 converteretur
2948 3015 3001 3058 et
3051 3003 3434 3058 communica-

1851 3113 1954 3169 ret,
1981 3104 2068 3158 vix
2106 3101 2441 3174 persuadere
2473 3100 2756 3171 praevaluit
2791 3117 2804 3152 :
2839 3098 2933 3153 illa
2962 3114 3088 3151 vero
3119 3099 3256 3150 dans
3279 3112 3433 3150 com-

1849 3195 2163 3249 munionem
2191 3193 2402 3247 ancilla
2438 3209 2568 3255 suas,
2599 3208 2722 3261 qua:
2756 3199 2876 3246 erat
2905 3206 2970 3245 ex
3003 3189 3429 3252 Macedonianis,

1842 3287 2009 3357 jussit
2039 3286 2241 3341 habere
2275 3299 2487 3340 secum.
2521 3283 2772 3351 Cumque
2802 3283 3131 3336 accessisset
3166 3281 3230 3333 ad
3255 3281 3433 3350 Chry-

1847 3394 2176 3442 sostomum,
2209 3387 2465 3450 suscepta
2492 3393 2557 3430 ex
2606 3376 2817 3432 sanctis
2845 3374 3098 3429 manibus
3134 3373 3255 3442 ejus
3281 3387 3433 3426 com-

1847 3475 2132 3536 munione,
2188 3472 2332 3527 hanc
2374 3488 2432 3526 se
2464 3471 2676 3540 {ingens
2709 3484 2927 3523 sumere
2971 3475 3252 3538 postremo
3303 3482 3433 3536 por-

1848 3569 1990 3621 rexit
2025 3567 2258 3626 aucillaa,
2294 3573 2348 3617 et
2374 3573 2654 3631 acceptam
2705 3559 3231 3613 Macedonianorum
3284 3573 3434 3609 eom—

1847 3659 2164 3713 munionem
2200 3655 2266 3709 ad
2287 3669 2352 3710 os
2386 3653 2564 3716 aliert,
2592 3662 2643 3708 et
2690 3651 2900 3706 invenit
2929 3667 3049 3705 eam
3083 3649 3316 3719 lapidem
3355 3647 3437 3700 fa.

1847 3759 2014 3805 ctam.
2046 3747 2185 3802 Tum
2230 3746 2489 3801 deterrita
2523 3752 2574 3797 et
2607 3741 2930 3797 tremefacta
2972 3741 3201 3810 pedibus
3239 3740 3429 3792 incur-

1847 3852 2006 3895 vatur
2033 3837 2282 3902 Joannis,
2337 3837 2702 3891 temeritatem
2738 3835 3007 3886 conlitens
3048 3841 3100 3886 et
3136 3831 3429 3883 sinceriter

1847 3935 1912 3986 ad
1943 3931 2246 3987 Ecclesiam
2286 3928 2522 3984 rediens.
2568 3925 2741 3980 Porro
2783 3925 2923 3994 lapis
2963 3924 3237 3994 repositus
3259 3933 3342 3977 est
3375 3923 3427 3977 in

1845 4041 2103 4082 vasorum
2131 4023 2470 4079 custodiario
2500 4018 2885 4074 reservandus.
2914 4015 3017 4071 Per
3047 4015 3188 4072 idem
3214 4028 3429 4086 tempus

1845 4118 2138 4182 Arscnius,
2165 4117 2256 4186 qui
2295 4130 2525 4185 magnus
2557 4113 2621 4166 ad
2655 4112 2915 4167 sacculum
2946 4110 3144 4171 fuerat,
3185 4117 3430 4162 conteru-

1845 4211 1953 4282 ptis
1979 4211 2238 4266 omnibus
2263 4208 2501 4262 divinam
2528 4205 2930 4277 philosophiam
2964 4203 3105 4272 apud
3133 4201 3426 4271 Egyptum

1845 4305 2187 4370 sectabatur,
2221 4305 2333 4356 vita
2365 4309 2418 4354 et
2448 4300 2617 4354 verbo
2645 4307 2810 4370 atque
2836 4296 3120 4351 miraculis
3156 4296 3208 4348 in
3237 4293 3429 4347 ordine

1846 4400 2156 4458 monastico
2185 4397 2422 4467 fulgens.

131 4493 454 4549 Nectarius
487 4491 1141 4561 Constantinopolitanus
1180 4492 1474 4561 episcopus
1504 4494 1737 4564 presby-
1763 4493 1817 4554 D
1917 4491 2100 4547 Mundi
2132 4505 2278 4545 anno
2307 4487 2469 4550 5896,
2502 4485 2701 4541 divina:
2721 4482 3120 4539 incarnationis
3139 4496 3281 4535 anno
3300 4479 3426 4544 596,

122 4603 330 4644 terum
369 4586 674 4656 prohibuit,
705 4585 796 4654 qui
845 4591 963 4638 erat
992 4599 1157 4655 super
1211 4586 1593 4654 pmuitentiam
1625 4585 1738 4657 (ll)

117 4681 514 4744 constitutus,
538 4687 758 4748 propter
792 4685 1077 4748 peccatum
1115 4678 1258 4747 quod
1295 4693 1324 4731 a
1348 4678 1587 4748 quodam
1621 4680 1737 4732 dia-

114 4792 284 4833 cono
338 4773 550 4827 l'actum
605 4771 786 4826 fuerat
848 4772 901 4826 in
937 4772 1170 4827 ecclesia
1210 4772 1263 4824 in
1291 4772 1575 4825 mulierem
1619 4787 1740 4842 quae

114 4871 388 4926 vacabat
433 4867 536 4919 sub
573 4865 892 4934 pmnitentia
919 4883 934 4918 :
961 4865 1100 4936 apud
1147 4862 1372 4917 Romam
1430 4880 1580 4930 vero,
1606 4874 1658 4919 et
1684 4866 1739 4920 in

114 4973 259 5019 toto
297 4958 606 5014 Occidente
625 4957 913 5027 diligenter
935 4964 1298 5010 conservatur
1324 4971 1496 5022 usque
1523 4957 1573 5007 in
1601 4970 1740 5022 prae-

112 5070 300 5116 scns,
336 5059 395 5107 et
420 5051 576 5105 locus
605 5048 1004 5118 paenitentibus
1030 5053 1370 5117 segregatur.
1398 5043 1740 5101 Theodosius

109 5154 337 5203 autem
402 5144 576 5212 legem
617 5143 862 5210 scripsit.
922 5141 1202 5195 mulierem
1263 5141 1316 5194 in
1370 5140 1737 5195 diaconissam

111 5253 253 5296 non
310 5233 768 5306 promerendam,
812 5234 916 5288 nisi
987 5234 1269 5304 sexaginta
1337 5232 1740 5286 transcenderit

101 5345 354 5395 annos,
379 5328 682 5383 secundum
705 5326 1057 5398 Apostolum.
1077 5325 1286 5378 Interea
1308 5323 1548 5378 Joannes
1570 5324 1738 5394 Chry-

109 5433 468 5484 sostomus,
508 5422 792 5493 presbyter
826 5419 1102 5474 exsistens
1137 5418 1537 5476 Antiochenus.
1573 5417 1738 5470 mira-

108 5517 291 5574 biles
331 5529 621 5570 sermones
655 5514 718 5568 ad
745 5511 1228 5567 commonitionem
1259 5525 1448 5562 eorum
1481 5508 1573 5577 qui
1603 5523 1738 5560 con-

104 5622 226 5668 tra
254 5609 583 5678 imperiales
613 5617 824 5664 statuas
850 5620 1012 5676 agere
1040 5611 1508 5675 pnesumpserant
1541 5601 1737 5656 edidit.

1845 4580 2088 4637 Joannes
2124 4579 2561 4652 Chrysostomus
2599 4577 2789 4630 multis
2831 4575 2884 4627 in
2915 4573 3023 4626 vita
3060 4583 3113 4626 et
3143 4573 3313 4625 verbo
3346 4572 3431 4624 di-

1845 4673 2102 4741 vinisque
2133 4669 2567 4725 charismatihus
2597 4664 2914 4735 splendens,
2952 4673 3005 4716 et
3039 4663 3184 4716 circa
3209 4677 3426 4715 onmem

1845 4765 2101 4819 virtutem
2139 4762 2423 4817 districtus
2457 4759 2752 4823 exsistens,
2778 4757 3105 4826 diligebatur
3140 4770 3166 4806 a
3201 4755 3427 4824 populo,

1847 4856 1940 4923 qui
1978 4853 2350 4908 aedificabatur
2395 4850 2552 4905 valde
2599 4848 2868 4903 doctrinis
2899 4848 3038 4916 ejus.
3080 4845 3140 4898 lli
3171 4861 3298 4900 vero
3334 4848 3426 4916 qui

1850 4946 2134 4999 luxuriose
2167 4944 2419 4997 vivebant
2451 4956 2510 4996 se
2540 4939 2862 4994 avertebant
2889 4939 2958 4992 ab
2989 4938 3104 5000 illo,
3134 4938 3227 5006 qui
3287 4947 3342 4992 et
3371 4940 3426 4992 in

1849 5037 2016 5102 bello,
2041 5037 2187 5106 quod
2215 5035 2479 5088 adversus
2503 5048 2628 5086 eum
2657 5041 2869 5103 gestum
2893 5039 2999 5095 est,
3024 5031 3234 5100 operati
3265 5039 3425 5094 sunt;

1849 5130 1989 5184 inter
2020 5143 2140 5200 quire
2176 5127 2457 5195 cantigere
2486 5140 2608 5196 qua:
2641 5125 2789 5179 circa
2855 5122 3182 5194 Entropium
3249 5136 3428 5175 eunu-

1850 5224 2013 5278 chum
2065 5229 2216 5290 gesta
2249 5226 2400 5282 sunt,
2433 5219 2566 5288 quin
2601 5225 2655 5270 et
2687 5217 2968 5270 contentio
3001 5213 3290 5269 Severiani
3321 5209 3429 5265 Ga-

1851 5313 2296 5370 balensisroutra
2314 5312 2672 5380 Serapionem
2695 5308 3144 5363 archidiaconum
3175 5303 3427 5365 Joannis,

1848 5421 1904 5462 et
1937 5407 2068 5462 illud
2092 5405 2236 5476 quod
2273 5414 2454 5458 actum
2495 5411 2580 5458 est
2617 5405 2684 5455 de
2714 5401 2938 5472 Longis,
2983 5401 3076 5468 qui
3111 5414 3173 5452 ex
3193 5392 3429 5467 Δίωνι)ιο

1851 5500 2104 5571 fugerant
2142 5505 2364 5567 propter
2413 5494 2816 5564 Theophilum;
2850 5507 3063 5546 necnon
3103 5501 3158 5545 et
3189 5489 3321 5543 illud
3361 5487 3432 5542 de

1851 5594 2052 5651 litteris
2083 5589 2373 5662 Theophili
2407 5588 2474 5644 ad
2507 5585 2894 5657 Epiphanium.
2925 5584 3000 5639 Ex
3032 5583 3233 5654 quibus
3254 5578 3434 5638 omni-

1684 5709 1914 5766 ΝΟΤᾹΞ.

212 5819 339 5894 (Η)
363 5817 536 5886 Super
561 5817 739 5887 patuit.
775 5813 909 5868 Hist.
940 5813 1178 5883 Tripart.
1218 5827 1292 5878 ix,
1324 5808 1597 5866 35.17am.
