3906 6226
498 305 630 372 1:223

1519 309 1918 371 ANASTASII
1985 304 2603 369 BlBLlOTHECARlI

3620 303 3732 368 1224

494 425 598 478 bus
637 421 876 478 famulus
914 422 1000 477 dei
1035 421 1277 477 Joannes
1308 421 1524 479 insidiis
1579 425 1959 496 appetebatur.
1986 424 2074 478 In—
2109 431 2148 485 Α
2183 421 2316 492 perii
2349 419 2433 474 sui
2487 433 2631 473 anno
2663 431 2801 471 morr
2854 425 3127 480 cerneret,
3163 412 3360 467 videns
3388 411 3732 471 Theodosium

495 525 643 570 terea
702 515 1042 582 Epiphanius
1091 515 1330 586 Cyprius
1387 517 1614 572 veniens
1658 521 1710 571 in
1767 518 2072 572 Ebdomum

497 606 942 658 consecrationes
979 615 1032 660 et
1067 621 1306 676 synaxes
1337 614 1535 676 praeter
1555 605 1787 662 Joannis
1818 610 2072 661 volunta-

495 707 600 748 tem
634 694 785 748 fecit.
827 695 1024 750 Verum
1063 698 1174 751 ιιωο
1209 695 1420 751 Joanne
1451 699 1521 752 ob
1552 699 1793 752 divinam
1829 700 2072 752 cbaritar

493 796 597 840 tem
633 786 1083 855 parvipendente,
1120 805 1226 840 non
1249 797 1332 842 est
1367 789 1636 857 placatus,
1673 791 2074 844 criminationi-

494 877 592 931 bus
615 877 899 946 TheOphili
925 887 1120 930 contra
1155 878 1370 932 beatum
1395 878 1659 932 Joannem
1686 879 1842 933 factis
1869 895 2073 949 prame-

491 978 742 1038 cnpatu~.
789 971 1052 1037 Sequenti
1110 986 1240 1024 vero
1291 987 1434 1024 anno
1479 970 1721 1026 Joannes
1760 987 2070 1025 sermonem

491 1071 678 1116 contra
713 1065 884 1116 malas
908 1063 1167 1117 mulieres
1200 1063 1351 1128 fecit,
1383 1080 1490 1132 quo
1524 1065 1707 1116 vesani
1746 1071 1798 1116 et
1826 1063 2072 1117 veritatis

493 1153 697 1206 inimici
739 1153 1036 1206 Eudoxiam
1097 1155 1475 1220 irritaverant,
1509 1154 1754 1211 dicentes
1806 1157 2071 1210 adversus

489 1263 606 1298 eam
665 1245 910 1298 habitum
950 1245 1119 1301 fuisse
1153 1262 1484 1301 sermonem.
1533 1250 1598 1300 At
1631 1247 1721 1301 illa
1770 1248 1961 1301 dicens
2001 1248 2069 1301 ad

489 1338 784 1390 Arcadium
816 1339 1027 1390 atrocia
1083 1354 1140 1392 se
1173 1354 1200 1390 a
1246 1337 1460 1392 Joanne
1493 1339 1665 1393 fuisse
1728 1354 2068 1410 perpessam,

491 1431 601 1497 egit
658 1437 714 1479 nt
752 1426 1090 1498 TheOpbilus
1127 1431 1513 1494 accersiretur,
1564 1429 1691 1499 quia
1746 1429 2069 1485 manifestus

489 1528 608 1572 erat
638 1519 896 1571 inimicus
927 1516 1195 1585 Joannis;
1239 1520 1331 1588 qui
1367 1520 1634 1574 accedens
1667 1534 1853 1574 centra
1898 1518 2070 1573 Joan-

491 1627 613 1664 nem
647 1610 940 1665 insidiatus
979 1621 1084 1675 cst,
1133 1620 1187 1666 et
1238 1620 1369 1665 tunc
1405 1613 1587 1665 emisit
1640 1614 1706 1666 ab
1752 1613 1905 1666 urbe.
1949 1612 2070 1677 Quo

489 1714 769 1772 comperto
818 1704 1054 1773 populus
1111 1718 1366 1773 magnam
1404 1705 1662 1759 excitavit
1716 1705 2064 1768 seditionem,

2172 514 2446 584 juniorem
2476 510 2762 581 parvulum
2787 523 2933 574 esse,
2965 519 3018 562 et
3055 507 3424 562 considerans
3453 522 3523 559 ne
3548 523 3574 558 a
3613 525 3732 578 quo-

2177 622 2338 675 quam
2374 603 2591 658 insidiis
2626 608 2997 670 appeteretur,
3028 600 3175 652 hunc
3214 599 3603 667 imperatorem
3657 617 3732 670 ap-

2177 697 2418 765 pellavit,
2467 703 2522 748 et
2553 697 2603 748 ei
2663 704 2984 748 curatorem
3044 708 3139 761 per
3203 699 3597 745 testamentum
3634 692 3730 745 fore

2175 788 2368 840 statuit
2394 785 2775 853 llisdigerdem
2815 785 3108 837 Persarum
3153 798 3359 852 regem.
3401 780 3733 852 Hisdigerdes

2176 889 2356 933 autem
2393 878 2610 931 Arcadii
2653 884 2987 931 testamento
3020 882 3301 942 suscepto,
3359 888 3611 942 paceque
3639 875 3735 928 sine

2176 972 2380 1027 invidia
2410 987 2540 1041 erga
2574 969 2852 1024 Hornanos
2899 985 3066 1030 usus,
3108 965 3429 1020 Theodosio
3470 965 3736 1033 imperium

2175 1065 2542 1129 conservavit,
2603 1072 2656 1118 et
2714 1064 3049 1119 Antiochum
3104 1061 3402 1130 quemdam
3455 1061 3737 1113 mirabilem

2176 1172 2340 1228 atque
2365 1158 2746 1214 rationabilem
2779 1158 2956 1209 virum
2985 1155 3034 1208 ei
3072 1162 3306 1207 tutorem
3326 1161 3382 1206 et
3408 1152 3738 1222 paedagogqu

2175 1250 2420 1311 mittens,
2447 1248 2558 1300 haec
2583 1246 2830 1300 llomano
2863 1243 3080 1297 senatui
3104 1242 3298 1296 scribit
3323 1257 3336 1292 :
3373 1243 3412 1292 Α
3426 1241 3613 1294 τίαᾱὶο
3637 1240 3740 1293 dor-

2174 1345 2364 1396 miente
2418 1357 2597 1410 meque
2635 1349 2934 1392 curatorem
2968 1337 3071 1405 ﬁlii
3110 1336 3223 1404 ejus
3255 1335 3633 1398 constitueutc,
3665 1335 3737 1402 qui

2172 1436 2412 1505 suppleat
2449 1434 2621 1494 locum
2659 1448 2830 1485 meum
2867 1431 3064 1482 direxi.
3101 1427 3184 1482 Ne
3217 1430 3335 1497 quis
3379 1444 3510 1495 ergo
3539 1428 3734 1480 insidias

2171 1545 2334 1598 puero
2383 1535 2622 1586 conetur,
2656 1541 2718 1578 ne
2756 1522 3002 1591 prwlium
3043 1520 3383 1574 intolerabile
3437 1531 3624 1573 contra
3649 1518 3734 1572 Ro-

2173 1637 2358 1674 manos
2380 1625 2726 1673 commoveat.
2751 1615 3063 1670 Antiochus
3099 1627 3228 1668 vero
3267 1628 3395 1666 cum
3428 1613 3735 1680 imperatore

2174 1719 2416 1766 venerat.
2443 1709 2524 1762 Ab
2553 1707 2796 1761 Honorio
2825 1717 3004 1760 autem
3041 1715 3236 1775 patruo
3254 1719 3356 1758 suo
3385 1714 3440 1758 et
3474 1702 3738 1757 Pulcheria

491 1811 600 1850 non
631 1795 927 1864 indulgens
956 1794 1367 1865 pelliJoannem
1395 1798 1570 1860 ;inter
1590 1807 1796 1865 quoset
1828 1796 2067 1849 liudoxia
2098 1778 2143 1836 Β
2175 1819 2366 1859 sorore
2396 1817 2496 1856 sua
2520 1800 2865 1855 Theodosius
2888 1798 3064 1868 perite
3094 1798 3148 1851 in
3182 1797 3270 1850 bis
3309 1813 3437 1866 qua:
3487 1795 3737 1850 Christia-

493 1889 896 1956 plorationibus
940 1889 1114 1957 plebis
1142 1890 1406 1943 inclinata
1441 1889 1648 1958 rogavit
1671 1888 1988 1954 Arcadium,
2015 1897 2069 1943 ct

489 1982 660 2034 misso
687 1980 916 2035 Crisone
940 1981 1194 2036 etmucho
1219 1996 1248 2034 a
1278 1979 1514 2036 Preneto
1535 1980 1799 2036 Joannem
1827 1981 2064 2046 reduxit,

488 2074 580 2142 qui
629 2073 905 2142 publicam
940 2074 1210 2144 synodum
1258 2074 1486 2127 introire
1517 2075 1738 2126 minime
1785 2089 1980 2141 passus
2013 2074 2065 2126 in

489 2167 733 2235 proasrio
759 2167 1097 2220 morabatur.
1125 2167 1366 2235 Populus
1387 2173 1568 2220 autem
1594 2163 1660 2218 ad
1686 2165 2064 2233 imperatorem

489 2256 1104 2314 vociferatusJoannem
1129 2259 1336 2313 intrare
1351 2266 1406 2314 et.
1425 2257 1477 2310 in
1511 2257 1709 2311 throno
1735 2259 1914 2310 locare
1943 2272 2069 2310 coe-

487 2349 675 2420 git,ita
693 2361 750 2403 ut
769 2349 1135 2420 Theophilus,
1150 2351 1316 2419 etqui
1347 2365 1470 2403 cum
1495 2349 1588 2403 illo
1615 2357 1794 2412 erant,
1823 2357 2068 2402 metuen~

491 2451 570 2495 tes
604 2442 670 2496 de
699 2442 922 2497 civitate
967 2442 1240 2513 fugerent.
1293 2441 1449 2496 Tunc
1507 2444 1790 2512 sexaginta
1825 2441 2065 2512 episcopi

488 2532 882 2586 convenientes
915 2532 1070 2586 irrita
1096 2533 1282 2586 omnia
1302 2548 1421 2602 quae
1446 2548 1474 2585 a
1498 2532 1801 2602 Theophila
1819 2543 1871 2587 et
1901 2531 2066 2586 sociis

487 2630 678 2674 contra
714 2621 960 2675 divinum
983 2620 1250 2678 Joannem
1289 2631 1410 2676 acta
1449 2622 1668 2676 fuerant
1704 2623 1828 2690 jure
1855 2621 2066 2676 consti-

489 2722 730 2768 tuerunt.
780 2713 953 2768 Porro
987 2716 1238 2786 sequenti
1279 2731 1425 2770 anno
1466 2716 1786 2786 imperati-ix
1822 2713 2066 2768 Eudoxia

488 2817 644 2861 suam
704 2815 1017 2876 argenteam
1063 2815 1309 2862 statuam
1368 2806 1577 2862 faciens
1611 2807 1805 2861 statuit
1858 2804 2067 2858 inloco

487 2897 580 2966 qui
609 2907 964 2967 nuncupatur
993 2897 1226 2952 Pittacia
1256 2938 1271 2963 ,
1317 2898 1478 2969 juxta
1527 2907 1774 2953 sanctam
1833 2896 2062 2950 lrenent.

490 2988 655 3044 Urbis
703 3001 886 3045 autem
939 2989 1231 3061 praefectus
1261 3007 1384 3045 cum
1427 2999 1574 3045 esset
1613 2990 1971 3052 Manichacus,
2013 2998 2068 3043 et

487 3098 609 3153 quae
640 3098 978 3154 paganorum
1008 3090 1138 3138 sunt
1165 3091 1405 3154 saperet,
1442 3083 1670 3154 plausus
1703 3093 1756 3137 et
1786 3082 1988 3136 choros
2012 3089 2066 3134 et

489 3175 812 3230 saltationes
865 3175 1154 3230 celebrans
1183 3177 1570 3245 tumultusque
1611 3173 1821 3229 faciens
1851 3171 2062 3228 contri-

487 3265 670 3321 stabat
709 3251 1044 3335 pontificem,
1097 3280 1206 3320 non
1244 3265 1572 3335 permittens
1603 3280 1728 3319 eum
1759 3265 1942 3334 quiete
1981 3262 2065 3316 di-

489 3357 611 3410 \ina
643 3357 821 3410 otIicia
844 3356 1126 3410 celebrare
1164 3371 1346 3426 :sazpe
1378 3370 1616 3424 namque
1640 3354 1896 3408 turbabat
1920 3353 2058 3424 psal«

488 3449 685 3503 lentes.
726 3445 926 3501 Verum
962 3444 1200 3502 Joannes
1232 3447 1377 3502 hunc
1409 3447 1593 3502 verbis
1628 3446 1938 3516 mitigabat,
1967 3444 2060 3498 ille

486 3551 619 3590 vero
668 3535 970 3590 Eudoxiam
1024 3545 1218 3591 contra
1247 3535 1516 3592 Joannem
1569 3537 1850 3603 excitavit,
1905 3534 2065 3607 quasi

486 3639 680 3681 comra
716 3629 978 3683 honorem
1020 3636 1218 3684 statua:
1253 3629 1374 3699 ejus
1409 3636 1644 3698 gereret.
1679 3628 1821 3701 Ergo
1875 3637 2065 3684 contra

484 3703 751 3775 Joannem
817 3720 1015 3774 iterum
1054 3720 1266 3788 odium,
1318 3722 1518 3776 iterum
1575 3721 1678 3776 ira.
1732 3721 1852 3790 Ipse
1883 3731 2063 3775 autem

487 3830 796 3868 serrmmem
825 3814 1020 3880 edidit,
1063 3815 1224 3885 cujus
1263 3816 1480 3870 initium
1511 3823 1598 3871 est
1625 3833 1638 3870 :
1669 3814 1870 3870 flerunt
1896 3815 2065 3871 Hero-

484 3909 605 3962 dias
628 3910 797 3962 ειευὶι.
830 3907 985 3962 Tunc
1017 3909 1303 3962 inimicitia
1339 3918 1720 3964 consummata
1751 3908 2066 3979 imperatriv

485 4001 566 4054 cis
595 4000 862 4057 adversus
892 4017 1016 4056 eum
1048 4013 1322 4057 commota
1341 4014 1447 4068 est,
1479 4012 1532 4057 et
1561 4003 1759 4057 iterum
1793 4004 2067 4073 depositio

483 4107 539 4151 et
569 4096 850 4150 exsilium.
904 4094 1146 4165 Populus
1206 4103 1389 4149 autem
1446 4095 1736 4150 ecclesiam
1799 4097 2060 4161 incendit,

487 4189 757 4260 nmltique
805 4203 905 4259 pro
933 4187 1141 4242 Joanne
1172 4187 1465 4257 periclitati
1515 4195 1680 4255 sunt;
1714 4187 1806 4258 qui
1873 4189 2065 4258 pulsus

487 4283 556 4338 ab
586 4283 722 4336 urbe
761 4283 815 4335 in
850 4281 1108 4336 exsilium
1135 4279 1339 4334 missus
1371 4288 1479 4344 est,
1513 4280 1610 4335 ubi
1639 4291 1694 4336 et
1742 4280 1797 4334 in
1829 4281 2059 4336 Domino

485 4376 642 4431 obiit.
697 4374 799 4440 Qui
847 4388 972 4427 eum
1021 4380 1168 4427 esset
1209 4371 1265 4426 in
1314 4372 1532 4439 exsilio,
1582 4383 1942 4430 consecratus
1979 4382 2064 4428 est

2177 1909 2370 1948 norum
2401 1902 2528 1948 sunt
2553 1890 2934 1956 erudiebatur,
2963 1898 3018 1943 et
3046 1896 3166 1944 erat
3190 1903 3296 1958 pax
3318 1888 3461 1942 inter
3482 1887 3740 1941 Romanos

2174 1993 2228 2039 et
2267 1982 2484 2046 Persas,
2517 1982 2792 2036 Antiocho
2819 1981 3058 2038 maxime
3080 1995 3179 2048 pro
3210 1979 3558 2034 Christianis
3589 1983 3738 2032 multa

2175 2076 2480 2140 scribente;
2512 2075 2703 2144 sicque
2725 2073 2952 2128 dilatata
2973 2080 3055 2128 est
3084 2073 3135 2126 in
3164 2071 3392 2126 Perside
3423 2069 3739 2124 Christiani-

2177 2179 2260 2224 tas
2282 2169 2419 2239 (l2),
2458 2167 2707 2222 Marutba
2730 2166 2991 2235 episcopo
3022 2164 3430 2232 Mesopotamia:
3455 2165 3734 2216 mediante.

2243 2261 2430 2316 Mundi
2455 2275 2597 2314 anno
2625 2259 2790 2323 5901,
2812 2259 3009 2313 divinae
3031 2256 3438 2311 incarnationis
3462 2272 3606 2310 anno
3625 2257 3736 2319 401,

2171 2355 2510 2408 Theodosius
2540 2354 2728 2422 junior
2782 2353 3048 2422 imperat;
3111 2351 3276 2420 cujus
3336 2353 3554 2422 imperii
3608 2368 3738 2407 anno

2172 2448 2412 2501 secundo
2480 2450 2697 2501 Atticus
2755 2444 3050 2515 episcopus
3096 2442 3737 2512 Constantinopolitanus

2169 2539 2414 2595 Judaeum
2471 2540 2762 2607 quemdam
2796 2538 3158 2610 paralyticum
3220 2553 3479 2599 monens,
3508 2537 3742 2592 suadens

2170 2643 2332 2704 atque
2364 2635 2649 2704 baptizans
2680 2648 2874 2687 sanum
2911 2647 2979 2686 ex
3013 2631 3230 2683 lavacro
3259 2629 3442 2683 eduxit
3475 2645 3490 2682 :
3539 2645 3741 2682 secun-

2168 2726 2298 2779 dum
2323 2725 2486 2778 Deum
2531 2724 2676 2777 enim
2710 2723 2917 2778 dicitur
2949 2721 3124 2776 fuisse
3155 2727 3451 2789 provectus.
3487 2719 3735 2787 Septimo

2168 2817 2385 2886 imperii
2414 2815 2706 2872 Theodosii
2734 2829 2902 2880 anno,
2929 2813 3169 2868 obeunte
3189 2810 3482 2880 Theophilo
3507 2813 3739 2864 Alexan-

2167 2908 2350 2971 drino,
2380 2909 2620 2980 Cyrillus
2644 2907 3010 2962 consobrinus
3037 2906 3158 2974 ejus
3191 2920 3286 2974 pro
3305 2904 3428 2972 ipso
3451 2905 3739 2972 episc0pus

2169 3002 2458 3058 ordinatus
2490 3010 2594 3058 est.
2631 3001 2786 3055 Tunc
2820 3010 2874 3055 et
2909 2998 3220 3070 Hesychius
3245 2999 3534 3068 presbyter
3560 2996 3739 3051 llicroo

2117 3122 2136 3178 χ
2169 3096 2532 3167 solyrnitanus
2556 3093 2827 3148 doctrinis
2845 3092 3103 3148 ellloruit.

2237 3185 2423 3240 Mundi
2446 3199 2592 3239 anno
2621 3183 2783 3248 59l2,
2806 3183 3006 3243 divina!
3029 3181 3439 3238 incarnationis
3462 3196 3602 3236 anno
3616 3181 3736 3246 ΗΞ,

2166 3273 2512 3331 Theodosius
2568 3276 2836 3345 imperat;
2862 3273 3022 3343 cujus
3047 3273 3264 3328 decimo
3302 3273 3498 3342 quinto
3538 3270 3735 3339 imperii

2165 3384 2312 3423 anno
2339 3367 2615 3423 Honorius
2647 3368 2904 3432 moritur,
2930 3375 2985 3422 et
3008 3365 3257 3422 Joannes
3293 3367 3518 3436 quidam
3553 3381 3618 3420 ex
3641 3366 3738 3419 itu-

2166 3462 2466 3532 pcrialibus
2498 3462 2975 3531 subscriptoribus
3001 3461 3188 3515 Itonia:
3212 3462 3509 3531 imperium
3531 3457 3735 3526 arripit.

2165 3555 2609 3624 legationemque
2634 3554 2700 3609 ad
2729 3553 3102 3609 Theodosium
3131 3554 3320 3618 mittit,
3353 3554 3408 3608 in
3453 3554 3732 3622 imperato-

2165 3665 2277 3702 rem
2312 3649 2520 3719 suscipi
2543 3649 2869 3718 deprecans.
2905 3648 2972 3701 At
3003 3661 3132 3702 vero
3162 3645 3516 3700 Theodosius
3554 3645 3730 3712 legatis

2168 3741 2220 3793 in
2242 3754 2520 3794 carcerem
2582 3739 2755 3795 trusis
2811 3738 3186 3793 Ardaburium
3264 3745 3552 3807 strategon
3578 3735 3733 3788 mittit

2165 3833 2433 3888 adversus
2491 3847 2656 3900 eum;
2709 3848 2872 3902 quem
2934 3841 3202 3902 tyrannus
3235 3830 3383 3898 apud
3436 3828 3729 3882 Ravennam

2165 3938 2457 3994 aggressus
2508 3922 2755 3978 inclusit.
2791 3921 2910 3988 Quo
2941 3921 3288 3976 Theodosius
3318 3922 3544 3991 cognito
3570 3918 3725 3987 Aspav

2166 4030 2281 4070 rem
2315 4014 2482 4084 hujus
2518 4015 2687 4070 lilium
2721 4015 2888 4069 mittit
2945 4014 3216 4070 adversus
3258 4029 3407 4069 eum.
3443 4011 3579 4066 Tum
3631 4010 3732 4065 Deo

2165 4105 2418 4158 amabilis
2464 4105 2814 4174 imperatoris
2861 4104 3116 4159 oratione
3144 4105 3372 4171 angelus
3409 4102 3649 4164 Domini,
3680 4101 3728 4154 in

2167 4193 2354 4248 habitu
2392 4195 2630 4264 pastoris
2661 4209 2957 4266 apparens,
2983 4194 3213 4249 deduxit
3243 4195 3510 4263 Asparem
3548 4203 3600 4248 et
3644 4207 3729 4248 eos

2164 4286 2256 4355 qui
2279 4301 2402 4340 cum
2429 4285 2519 4340 illo
2547 4295 2729 4351 erant,
2749 4295 2804 4340 et
2833 4286 2988 4340 ducit
3005 4302 3100 4341 eos
3128 4302 3221 4356 per
3245 4287 3501 4355 paludem
3521 4287 3724 4344 inviam.

2163 4377 2576 4448 quaajllavenna:
2603 4378 2840 4448 adjacet,
2865 4393 3030 4449 quam
3052 4377 3194 4432 Deus
3216 4379 3463 4446 perviam
3487 4386 3721 4447 operatus

485 4468 746 4524 Arsacius
803 4468 971 4520 frater
1001 4463 1263 4530 Nectarii,
1305 4465 1398 4534 qui
1429 4473 1557 4520 ante
1606 4467 2058 4536 Chrysostomum
2094 4466 2138 4522 ι)
2167 4475 2272 4532 est,
2301 4468 2762 4538 quemadmodum
2784 4469 3154 4523 lsraelitarum
3179 4478 3464 4536 tempore;
3493 4479 3544 4522 et
3565 4478 3718 4520 trans-

487 4562 778 4631 episcopus
821 4559 975 4616 urbis
1021 4558 1183 4628 regis:
1237 4557 1431 4613 fuerat.
1483 4556 2057 4627 lnnocentiusjautem

488 4656 770 4710 Romanus
803 4670 908 4709 non
939 4651 1366 4708 communicavit
1385 4649 1639 4720 ejectioui
1671 4647 1921 4712 Joannis.
1965 4651 2058 4704 sed

487 4763 582 4816 per
610 4748 820 4802 litteras
845 4746 1051 4800 clerum
1068 4745 1388 4799 consolatus
1417 4753 1502 4797 est
1531 4743 1795 4808 civitatis,
1817 4753 1872 4799 et
1894 4758 2060 4813 super

483 4840 893 4895 temeritatibus
953 4839 1366 4908 indignabatur.
1421 4835 1760 4906 Epiphanius
1801 4851 1930 4890 vero
1991 4834 2058 4888 ad

485 4932 722 5003 Cyprum
762 4932 1061 5002 navigavit,
1098 4932 1205 4985 Deo
1239 4931 1497 4986 nimirum
1535 4929 1913 4998 migrationem
1939 4928 2058 4997 ejus

485 5022 912 5094 pra-nuntiante.
948 5020 1118 5074 Aiunt
1154 5029 1334 5074 autem
1377 5019 1520 5089 quod
1578 5027 1632 5073 et
1659 5017 1857 5074 Joanni
1895 5018 2056 5072 linem

486 5119 538 5171 iu
602 5114 800 5171 exsilio
861 5115 1311 5184 prmuuntiaverit
1349 5112 1670 5177 affuturum,
1707 5113 1962 5168 similiter
2001 5122 2058 5166 et

481 5208 722 5264 Joannes
745 5194 1049 5275 Epiphanio
1072 5202 1386 5272 praedixerit
1416 5219 1578 5273 quam
1605 5203 1657 5256 in
1690 5200 1810 5255 navi
1838 5201 2060 5272 pertulit

484 5314 734 5356 mortem.
770 5297 972 5354 Eodem
1005 5310 1152 5351 anno
1199 5303 1411 5350 mortua
1446 5304 1530 5350 est
1569 5305 1623 5350 et
1657 5294 1924 5349 Eudoxia.
1959 5295 2060 5346 Ar-

483 5395 675 5449 cadius
707 5401 888 5449 autem
915 5406 1039 5446 cum
1074 5405 1133 5444 se
1164 5388 1437 5458 completo
1463 5387 1678 5442 decimo
1711 5395 1910 5457 quarto
1957 5387 2059 5440 im-

2172 4570 2420 4618 meantes
2451 4576 2549 4632 per
2603 4561 2835 4627 aridam,
2863 4563 3067 4632 apertis
3099 4561 3274 4629 portis
3292 4561 3535 4618 civitatis
3555 4561 3717 4614 iuven-

2171 4653 2266 4718 tis,
2329 4661 2624 4724 tyrannum
2677 4653 2898 4723 quidem
2951 4651 3316 4714 occiderunt.
3374 4652 3716 4707 Ardahurium

2169 4754 2351 4800 autem
2383 4760 2412 4798 a
2439 4746 2676 4800 vinculis
2701 4746 3074 4799 absolverunt.
3097 4744 3363 4814 Sequenti
3390 4757 3569 4799 autem
3600 4756 3717 4796 anno

2170 4838 2454 4892 Maruthas
2480 4839 2777 4908 episcopus
2810 4837 3215 4908 Mesopotamia:
3244 4837 3421 4892 filium
3454 4840 3594 4910 regis
3616 4837 3714 4890 Per-

2169 4946 2354 4986 sarum
2422 4931 2763 5002 Hisdigerdis
2805 4947 2835 4984 a
2891 4931 3165 4985 dzemonio
3198 4940 3457 4985 vexatum
3507 4930 3712 4986 sanavit.

2169 5019 2380 5074 Interea
2428 5019 2775 5076 Theodosius
2828 5021 3131 5092 imperator
3183 5023 3357 5076 multa
3405 5023 3712 5092 benignitate

2170 5117 2373 5176 motus,
2416 5110 2546 5163 licet
2597 5109 2793 5164 Persas
2849 5111 3230 5179 potentissime
3256 5112 3472 5176 vicerit,
3517 5122 3710 5180 parcens

2168 5210 2350 5258 tamen
2381 5201 2712 5257 Christianis
2741 5202 2833 5272 qui
2866 5203 3185 5258 habitabant
3209 5205 3263 5258 in
3287 5204 3534 5266 Perside,
3553 5215 3707 5272 parem

2167 5295 2556 5364 amplectitur;
2590 5295 2748 5363 cujus
2782 5297 2858 5349 rei
2890 5297 3066 5367 gratia
3105 5297 3274 5351 mittit
3305 5298 3591 5367 legatarios
3620 5293 3708 5362 (15)

2169 5389 2464 5446 Heleonem
2521 5392 2852 5463 patricium,
2915 5408 3078 5464 quem
3139 5395 3303 5450 valde
3360 5391 3705 5450 honorandum

2004 5512 2253 5582 NOTAE.

557 5626 669 5691 (li)
701 5625 1104 5680 Chrialiauilas.
1139 5623 1309 5679 Vetus
1345 5622 1811 5692 interpresepist.
1851 5621 1916 5674 ad
1945 5621 2058 5675 Ma-

485 5707 641 5766 gnes.
657 5709 778 5766 (illa:
793 5706 980 5766 sancto
1000 5691 1515 5766 lgnatioascribitur
1535 5710 1549 5745 :
1573 5691 1732 5766 «Non
1747 5695 1888 5766 enim
1903 5693 2061 5746 Chii-

483 5763 740 5818 stianitas
770 5763 820 5813 in
853 5761 1189 5823 Judaisvtnum
1227 5764 1475 5827 credidit,
1521 5764 1616 5819 sed
1656 5761 1972 5818 Judaismus
2005 5765 2057 5816 in

2167 5623 2664 5678 Christianitatem.
2704 5641 2722 5673 ι
2764 5621 2927 5679 Γηκ.

2241 5695 2353 5760 (15)
2397 5694 2726 5763 Legatarios.
2767 5693 3109 5748 Ftodoardus
3139 5692 3274 5748 llist.
3307 5695 3457 5749 Eccl.
3492 5693 3626 5748 Item.
3661 5687 3698 5746 1.

2172 5765 2241 5818 ‘25
2275 5781 2285 5814 :
2329 5784 2344 5814 ‹
2371 5765 2692 5833 Legatazius
2727 5766 2892 5819 animi
2928 5767 3048 5819 felle
3075 5776 3404 5822 commotus.
3434 5785 3452 5817 ι
3489 5766 3556 5818 lo.
