3906 6226
255 280 391 352 129.5

1067 273 1437 335 HISTORIA
1461 267 2040 332 ECCLESIASTICA
2070 267 2175 330 EX
2205 265 2688 328 THEOPHANE.

3368 265 3506 329 1296

252 395 507 459 ducebat,
540 400 594 447 et
637 389 944 445 Anatolium
976 387 1219 442 Orientis
1259 385 1553 455 stratigon.
1591 382 1823 438 Varara-
1850 383 1903 442 Α
1927 393 2061 436 vero
2117 377 2408 435 Nestorius
2446 379 2595 450 quod
2656 374 2985 447 patriarchae
3025 375 3208 431 taliter
3255 375 3510 431 ccclesiis

252 504 346 543 nes
369 493 551 540 autem
578 483 759 539 sciens
790 482 1200 553 superationem
1239 494 1394 535 suam
1420 475 1654 545 suscipit
1676 475 1826 544 lega-

253 582 479 645 tionem,
517 590 572 632 et
597 577 700 630 ista
733 574 1046 645 persecutio
1069 572 1444 640 cessavitqua:
1479 569 1534 622 in
1559 567 1827 622 Christia-

252 686 353 726 nos
408 668 741 740 agitabatur.
800 665 1070 720 Caeterum
1126 662 1476 717 Theodosius
1527 659 1828 729 imperator

250 755 772 816 communicatrices
796 755 1006 809 habens
1030 751 1346 824 hymnodia:
1382 749 1636 820 proprias
1665 761 1825 804 soro-

250 868 362 918 res,
399 864 524 920 quae
555 847 924 919 virginitatem
958 854 1071 901 tota
1106 846 1214 900 vita
1241 845 1629 908 sectabantur,
1654 855 1830 912 super

250 940 631 1013 hujuscemodi
657 938 965 995 beneﬁciis
1007 937 1116 994 Deo
1149 939 1356 1009 gratias
1413 951 1580 1008 agens
1612 935 1830 1007 hymnis

253 1037 398 1091 hunc
419 1035 650 1089 laudare
676 1032 896 1104 penitus
916 1046 1024 1086 non
1046 1031 1320 1086 cessabat.
1343 1029 1624 1085 Sisinnius
1643 1034 1827 1082 autem

254 1126 904 1196 Constantinopolitanus
934 1124 1226 1194 episcopus
1249 1122 1506 1177 Proclum
1536 1125 1830 1176 consecrat

253 1219 572 1291 episcOpum
604 1217 822 1289 Cyzici;
861 1231 1024 1285 quem
1060 1215 1319 1287 Cyziceni
1354 1229 1462 1269 non
1520 1210 1832 1281 suscipien-

257 1323 360 1378 tes,
417 1309 752 1364 monachum
791 1305 1085 1377 quemdam
1135 1316 1338 1377 praeter
1387 1311 1572 1358 votum
1598 1299 1832 1356 Sisinuii

257 1404 584 1461 Dalmatium
603 1400 812 1455 dictum
843 1395 1440 1456 consecrant.Proclus
1471 1403 1651 1450 autem
1706 1407 1835 1465 pro-

258 1495 426 1566 priam
461 1492 754 1548 ecclesiam
785 1506 894 1546 non
925 1490 1134 1545 habens
1161 1485 1650 1556 Constantinopoli
1700 1485 1834 1540 hor-

259 1595 370 1639 tatu
404 1583 632 1639 Sisinnii
667 1581 939 1637 doctrinis
975 1579 1256 1650 pollebat;
1283 1579 1377 1648 qui
1407 1577 1654 1646 ejusdem
1679 1575 1834 1630 urbis

261 1693 366 1732 non
392 1676 570 1730 multo
599 1681 724 1745 post
757 1673 1051 1728 ordinatur
1096 1672 1355 1728 antistes.
1410 1668 1673 1739 Sequenti
1706 1682 1834 1723 vero

257 1784 400 1825 anno
429 1767 718 1838 Philippus
746 1767 1034 1838 presbyter
1062 1764 1206 1820 Sidae
1253 1761 1624 1818 Christianam
1661 1759 1835 1817 histo-

259 1865 393 1918 riam
419 1861 476 1916 in
505 1861 725 1931 triginta
753 1875 846 1915 sex
889 1860 1059 1915 libros
1085 1856 1398 1927 descripsit.

327 1953 517 2008 Mundi
575 1967 719 2006 anno
767 1950 930 2015 5925,
979 1950 1180 2005 divina:
1231 1947 1633 2005 incarnationis
1693 1961 1839 2004 anno

257 2048 382 2114 425,
418 2045 668 2101 Sisinnio
712 2043 975 2102 defuncto
1007 2041 1298 2098 Nestorius
1327 2039 1842 2110 Constantinopoli-

259 2144 421 2192 tanus
450 2136 513 2189 ﬁt
544 2134 862 2205 episcopus.
893 2130 1018 2188 Mox
1069 2145 1200 2193 vero
1224 2131 1487 2186 thronum
1517 2127 1841 2185 conscendit

258 2243 496 2300 nequam
547 2227 681 2282 ﬁdes
713 2227 858 2296 ejus,
917 2231 975 2281 et
1020 2239 1318 2294 pervorsus
1367 2225 1424 2280 in
1484 2221 1840 2293 dogmatibus

256 2335 461 2378 sensus
501 2317 918 2375 ostendebatur.
973 2315 1277 2373 Ilomeliam
1339 2316 1546 2386 quippe
1601 2314 1669 2370 de
1735 2315 1842 2371 ﬁde

259 2413 511 2485 protulit,
565 2411 812 2483 syncello
849 2424 956 2466 suo
1011 2408 1339 2480 praecipiens
1364 2416 1424 2463 ut
1470 2408 1614 2462 hanc
1651 2421 1841 2463 coram

254 2503 495 2560 ecclesia
558 2499 908 2571 praedicaret,
944 2497 1233 2554 habentem
1259 2497 1331 2551 ita
1361 2515 1377 2551 :
1406 2495 1505 2550 Dei
1529 2495 1842 2552 Genitricem

259 2595 498 2650 Mariam
529 2602 672 2648 vocet
702 2608 854 2647 nemo
885 2605 904 2644 :
935 2589 1116 2644 Maria
1160 2589 1301 2643 enim
1329 2587 1484 2643 homo
1528 2596 1664 2654 erat,
1694 2595 1745 2642 et
1775 2586 1842 2641 ab

258 2688 471 2743 homine
523 2684 698 2739 Deum
730 2683 874 2754 gigni
929 2679 1257 2752 impossibile
1283 2690 1384 2735 est.
1443 2677 1596 2734 Hanc
1649 2692 1841 2734 vocem

258 2778 498 2847 primum
537 2775 889 2845 reprehendit
919 2771 1190 2828 Eusebius
1216 2770 1444 2841 quidam
1473 2770 1842 2828 scholasticus

262 2868 630 2940 imperatricis
659 2863 1258 2934 Constantinopoleos;
1281 2863 1428 2920 unde
1450 2863 1610 2918 multi
1633 2860 1846 2933 Byzan-

265 2963 470 3016 tiorum
499 2958 705 3014 turbati
745 2963 896 3014 sunt.
952 2953 1243 3011 Nestorius
1279 2962 1464 3010 autem
1495 2952 1720 3009 verbum
1748 2951 1844 3007 ﬁr-

263 3066 416 3106 mare
460 3049 772 3114 festinans;
812 3061 1000 3104 vocem
1059 3061 1172 3118 qua
1224 3044 1322 3101 Dei
1351 3044 1606 3101 Genitrix
1639 3043 1844 3100 dicitur
1870 3083 1914 3142 ο

260 3141 446 3212 ejecit,
480 3155 679 3212 purum
709 3140 986 3196 hominem
1022 3136 1217 3193 dicens
1244 3135 1560 3192 Dominum.
1597 3135 1842 3203 Quadam

263 3249 394 3290 vero
453 3232 740 3288 Dominica
781 3231 893 3296 die,
939 3230 1272 3302 praesidente
1327 3228 1606 3294 Nestorio,
1651 3228 1844 3299 jussus

264 3326 499 3383 Proclus
530 3325 762 3380 recitare
782 3323 1074 3379 homeliam
1099 3322 1240 3378 dixit
1268 3321 1322 3376 in
1353 3319 1446 3375 Dei
1483 3319 1841 3385 Genitricem,

263 3419 427 3490 cujus
484 3417 705 3472 initium
753 3424 836 3471 est
878 3431 895 3470 :
948 3413 1241 3486 Virginalis
1296 3412 1610 3468 solemnitas
1668 3410 1844 3477 hodie,

267 3511 484 3563 fratres.
505 3507 660 3562 Tunc
680 3504 900 3561 odihilis
931 3502 1114 3559 factus
1135 3512 1220 3559 est
1251 3503 1394 3573 apud
1415 3517 1612 3558 omnes
1642 3501 1845 3572 impius

266 3597 558 3657 Nestorius
584 3604 808 3668 propter
839 3595 1067 3667 typhum
1091 3601 1146 3651 et
1177 3594 1376 3650 malam
1411 3595 1597 3650 ﬁdem.
1638 3593 1844 3649 Eodem

265 3709 399 3749 vero
425 3705 574 3746 anno
599 3691 844 3757 terribile
875 3688 1202 3745 miraculum
1251 3696 1568 3746 sanctorum
1629 3695 1841 3758 septem

261 3800 565 3855 puerorum
609 3783 808 3855 Ephesi
873 3782 1074 3839 factum
1114 3791 1221 3849 est,
1292 3781 1714 3853 resurgentibus
1763 3781 1845 3838 eis

263 3885 396 3948 post
432 3877 530 3933 I81
563 3891 760 3932 annos.
790 3875 962 3931 Porro
987 3875 1227 3948 Cyrillus
1263 3873 1672 3930 Alexandrinus
1696 3873 1846 3945 epis-

264 3985 445 4040 copus
466 3969 766 4040 compertis
788 3967 1030 4025 Nestorii
1057 3967 1414 4038 hlasphemiis
1441 3966 1636 4022 scribit
1657 3966 1729 4032 ei,
1760 3980 1848 4023 ro-

263 4079 410 4137 gans
438 4071 495 4120 et
518 4079 746 4120 monens
782 4071 840 4118 ut
864 4063 1174 4119 discederet
1198 4078 1230 4117 a
1269 4062 1545 4133 perversis
1574 4060 1849 4132 dogmati-

266 4161 373 4214 bus
399 4161 516 4214 suis
535 4157 808 4230 ﬁdemque
831 4165 1036 4215 rectam
1060 4157 1389 4227 susciperet.
1413 4155 1484 4210 At
1506 4170 1636 4211 vero
1652 4153 1849 4210 Nesto-

269 4251 391 4306 rius
416 4250 465 4307 ei
495 4266 526 4306 e
554 4258 750 4306 contra
773 4251 922 4306 misit
947 4250 1180 4318 injurias
1205 4257 1261 4305 et
1280 4249 1676 4319 blasphemias.
1695 4248 1850 4302 Tunc

1930 471 2275 527 conturbatis
2309 471 2473 527 silere
2504 471 2728 524 minime
2763 475 3087 539 paterentur
3111 510 3127 534 ,
3193 469 3374 523 suasit
3405 469 3509 521 im-

1930 563 2170 634 peratori
2189 562 2408 617 mittere
2419 561 2625 633 Cyrillo
2644 574 2860 616 sacram
2883 559 3234 630 stigmatibus
3255 560 3507 630 plenam;

1932 673 2094 729 quem
2121 665 2322 728 putans
2343 671 2412 710 ex
2435 655 2523 710 his
2553 667 2906 722 compescere
2929 652 3106 723 magis
3141 652 3338 706 erexit.
3369 651 3506 707 Sur-

1932 765 2066 823 gens
2093 749 2238 805 enim
2270 748 2465 804 scribit
2488 746 2805 817 imperatori
2842 757 2898 800 et.
2924 746 3211 801 sororibus
3247 746 3368 801 suis
3398 755 3510 801 tam

1932 843 2001 898 de
2051 849 2201 896 recta
2245 839 2350 894 ﬁde
2385 852 2550 908 quam
2586 838 2655 892 de
2688 836 2917 893 sinistra
2953 837 3216 906 opinione
3245 835 3510 902 Nestorii,

1934 934 2099 990 simul
2125 942 2178 988 et
2219 933 2506 1002 postulans
2562 930 2932 986 universalem
2974 931 3091 986 ﬁeri
3134 931 3404 1001 synodum
3443 933 3512 986 ad

1933 1025 2360 1082 examinandum
2382 1023 2647 1078 canonice
2669 1023 2736 1078 de
2769 1021 3042 1077 Nestorio.
3072 1022 3232 1077 Tunc
3273 1023 3516 1093 impera-

1933 1125 2020 1171 tor
2043 1115 2386 1172 Theodosius
2413 1115 2606 1172 scribit
2624 1115 2883 1171 omnihus
2901 1115 3177 1186 episcOpis
3207 1123 3267 1171 ut
3293 1117 3508 1186 absque

1934 1204 2043 1263 ulla
2076 1207 2344 1264 dilatione
2374 1215 2500 1279 post
2558 1208 2768 1263 Pascha
2808 1207 3082 1278 Ephesum
3128 1211 3513 1274 convenirent,

1934 1298 2204 1356 deﬁniens
2235 1301 2364 1372 quia
2401 1301 2608 1355 nullam
2651 1300 2795 1370 apud
2824 1301 2992 1355 Deum
3015 1309 3074 1356 et
3103 1302 3250 1371 apud
3282 1319 3381 1358 nos
3418 1321 3518 1358 ex-

1936 1391 2244 1449 cusationis
2280 1393 2551 1447 rationem
2585 1393 2834 1458 habebit,
2869 1393 2962 1462 qui
3017 1393 3104 1448 die
3140 1405 3345 1450 sancta:
3381 1396 3521 1450 Pen-

1935 1489 2176 1538 tecostes
2200 1482 2257 1536 in
2281 1483 2520 1537 concilio
2546 1484 2807 1537 inventus
2827 1497 2936 1537 non
2972 1481 3134 1537 fuerit
3171 1485 3311 1554 apud
3339 1485 3518 1555 Ephe-

1936 1588 2081 1630 sum.
2133 1573 2467 1631 Coelestinus
2518 1584 2697 1630 autem
2752 1574 3034 1630 Romanus
3079 1577 3274 1632 scribit
3312 1578 3520 1650 Cyrillo

1936 1665 2308 1722 Alexandrino
2333 1667 2516 1722 locum
2546 1683 2706 1723 suum
2737 1669 2790 1722 in
2821 1669 3057 1724 concilio
3090 1671 3384 1727 retinendi.
3413 1672 3521 1727 Ita-

1937 1774 2046 1829 que
2075 1759 2345 1815 vicesimo
2378 1761 2576 1829 quinto
2611 1760 2826 1829 imperii
2853 1759 3148 1815 Theodosii
3177 1777 3324 1816 anno
3374 1764 3518 1834 apud

1939 1848 2215 1920 Ephesum
2246 1851 2562 1906 celebratur
2591 1851 2754 1905 tertia
2791 1861 2986 1906 sancta
3029 1851 3298 1923 synodus.
3331 1855 3522 1910 Omni-

1939 1939 2043 1997 bus
2064 1955 2198 1998 sane
2226 1941 2571 1998 antistitibus
2605 1943 3089 2009 convenientibus,
3125 1943 3368 2002 Joannes
3413 1948 3523 2002 Au-

1940 2029 2234 2088 tiochenus
2275 2042 2332 2088 et
2369 2032 2681 2089 Orientales
2714 2033 2768 2087 in
2804 2032 2948 2088 dicta
2995 2034 3105 2102 die,
3155 2046 3210 2091 ct
3243 2052 3366 2107 quae
3396 2046 3523 2094 ante

1943 2129 2150 2178 statuta
2173 2122 2376 2191 fuerat,
2401 2124 2626 2180 minime
2655 2135 3086 2182 concurrerunt.
3107 2127 3281 2184 Porro
3310 2129 3522 2186 decima

1942 2223 2099 2270 sexta
2129 2215 2218 2271 die
2253 2224 2378 2286 post
2423 2217 2784 2285 praeﬁnitam,
2825 2217 3043 2274 Joanne
3093 2235 3206 2276 non
3236 2225 3512 2290 veniente,

1941 2311 2188 2379 pervenit
2213 2308 2508 2366 Nestorius
2531 2325 2658 2366 cum
2696 2313 2867 2366 multa
2902 2313 3190 2382 jactantia,
3227 2317 3523 2373 vicesima-

1943 2415 2052 2473 que
2071 2399 2278 2456 mensis
2297 2400 2448 2456 Junii
2470 2401 2560 2457 die
2579 2402 2854 2458 celebrata
2888 2412 2974 2458 est
3017 2406 3285 2476 synodus,
3329 2405 3524 2464 Nesto-

1942 2493 2049 2560 rio,
2067 2491 2275 2564 Cyrillo
2299 2492 2620 2549 etJuvenali
2647 2494 3095 2564 praesidentibus.
3121 2496 3291 2552 Porro
3316 2498 3524 2568 Cyrillo

1943 2583 2178 2640 Romani
2207 2585 2484 2654 pontiﬁcis
2511 2585 2660 2640 vices
2682 2594 2876 2656 agente
2901 2595 2954 2640 ct
2979 2595 3179 2642 cuncta
3223 2589 3527 2661 theologice

1944 2678 2282 2748 disputante,
2330 2677 2468 2734 dicit
2517 2676 2806 2740 Nestorius
2839 2694 2967 2733 cum
3005 2681 3178 2734 multa
3205 2681 3473 2750 jactantia
3508 2704 3521 2739 :

1946 2767 2064 2839 Ego
2089 2769 2240 2824 illum
2269 2771 2360 2840 qui
2400 2771 2702 2824 bimenstris
2732 2779 2785 2824 et
2813 2770 3132 2827 trimenstris
3191 2772 3367 2842 {actus
3421 2787 3525 2838 est,

1946 2876 2214 2932 nunquam
2244 2860 2414 2916 Deum
2445 2862 2848 2928 nominaverim,
2881 2872 2933 2917 et
2991 2863 3110 2918 ideo
3140 2865 3367 2921 mundus
3406 2884 3524 2921 sum

1947 2970 1981 3006 a
2027 2953 2284 3023 sanguine
2330 2964 2522 3017 vestro,
2560 2965 2608 3008 ct
2639 2971 2705 3010 ea:
2745 2955 2842 3010 hoc
2868 2956 2938 3010 ad
2970 2973 3059 3011 vos
3102 2958 3409 3016 nullatenus
3445 2977 3526 3015 τις

1946 3043 2187 3115 psdabo;
2219 3051 2274 3098 et
2307 3045 2394 3100 his
2429 3045 2594 3101 dictis
2648 3059 2775 3100 cum
2808 3062 2906 3102 sex
2957 3048 3258 3119 episcopis,
3288 3052 3381 3121 qui
3427 3068 3525 3107 vo-

1948 3135 2184 3190 luntarie
2223 3135 2398 3191 secuti
2444 3143 2576 3192 sunt
2610 3151 2758 3203 eum,
2805 3137 2960 3193 abiit.
2992 3138 3036 3193 li
3066 3155 3196 3196 vero
3222 3143 3318 3211 qui
3373 3143 3527 3199 circa

1946 3227 2208 3300 Cyrillum
2237 3236 2396 3283 erant
2436 3237 2659 3300 postera
2703 3230 2794 3286 die
2848 3232 3263 3300 convenientes,
3326 3235 3528 3292 misere

1947 3327 2060 3376 tres
2085 3321 2377 3392 episcopos
2404 3337 2605 3378 vocare
2635 3322 2810 3389 illum,
2853 3333 2909 3379 et
2943 3340 3054 3379 non
3076 3325 3378 3382 obaudivit.
3401 3329 3526 3386 Pari

1949 3412 2113 3468 modo
2146 3413 2394 3469 secundo
2433 3421 2488 3468 et
2527 3415 2695 3469 tertio
2722 3423 2776 3470 et
2800 3423 2997 3485 quarto
3023 3430 3052 3470 a
3082 3417 3292 3488 synodo
3320 3434 3530 3476 convo-

1950 3515 2108 3564 catus
2143 3522 2252 3562 non
2287 3508 2440 3564 venit
2476 3527 2490 3563 :
2529 3508 2625 3564 sed
2663 3515 2719 3564 et
2766 3510 2889 3566 illos
2943 3511 3035 3581 qui
3097 3511 3258 3567 missi
3311 3512 3531 3568 fuerant

1949 3597 2169 3668 injuriis
2211 3597 2336 3654 fecit
2369 3606 2425 3653 ct
2470 3599 2818 3655 contumeliis
2865 3599 3028 3656 allici.
3086 3599 3244 3657 Tunc
3288 3604 3530 3674 synodus

1952 3688 2177 3758 injuriis
2215 3697 2270 3745 et
2290 3689 2589 3760 ignominia
2622 3689 2898 3746 lacessitis
2922 3691 3219 3761 episcopis,
3253 3695 3345 3763 qui
3371 3695 3531 3750 missi

1951 3781 2186 3845 fuerant,
2221 3782 2479 3851 receptis,
2540 3783 2872 3838 sententiam
2918 3785 3143 3853 protulit
3197 3785 3253 3839 in
3293 3801 3445 3853 eum,
3473 3799 3531 3842 et

1952 3875 2194 3930 alienant
2232 3875 2348 3931 fore
2391 3876 2462 3932 ab
2492 3875 2646 3930 omni
2680 3890 2838 3932 sacra
2868 3875 3135 3948 dignitate
3168 3877 3434 3947 decrevit,
3469 3881 3528 3938 in

1951 3966 2148 4024 faciem
2193 3968 2307 4038 (I4)
2342 3969 2392 4024 ei
2420 3966 2770 4038 depositione
2804 3969 2981 4039 ipsius
3025 3972 3380 4028 transmissa.
3427 3970 3529 4029 IIis

1951 4059 2023 4117 ita
2057 4059 2228 4116 ﬁnitis
2256 4061 2408 4116 venit
2440 4068 2562 4131 post
2587 4068 2702 4117 tres
2727 4061 2846 4118 dies
2871 4061 3114 4118 Joannes
3147 4063 3529 4122 Antiochenus

1951 4153 2242 4224 episcopus
2269 4153 2464 4223 viginti
2485 4169 2582 4210 sex
2614 4163 2803 4210 secum
2838 4155 3115 4225 episcopis
3144 4155 3381 4225 habitis;
3435 4158 3532 4229 qui

1952 4257 2078 4299 cum
2110 4244 2433 4301 didicissent
2461 4245 2773 4300 Nestorium
2828 4245 2942 4316 jam
2987 4246 3320 4317 depositum,
3363 4249 3530 4306 scissi

267 4340 513 4412 Cyrillus
547 4341 738 4396 scribit
764 4339 1064 4396 Caelestino
1100 4356 1255 4411 papae
1295 4339 1542 4395 llomano
1603 4353 1725 4408 quae
1755 4337 1852 4393 Ne-
1883 4376 1927 4432 Β
1954 4352 1983 4392 a
2005 4345 2194 4393 sancta
2224 4339 2436 4410 synodo
2461 4347 2517 4393 et
2563 4354 2690 4394 cum
2752 4339 3012 4396 Nestorio
3050 4343 3401 4398 considentes
3432 4344 3531 4398 de-

270 4432 486 4488 smrius
549 4432 911 4501 praedicaret;
979 4440 1034 4485 et
1100 4431 1502 4501 blasphemias,
1561 4443 1685 4500 quae
1743 4428 1849 4485 sibi

270 4523 497 4592 scripta:
536 4522 754 4577 fuerant
777 4537 806 4576 a
832 4522 1108 4586 Nestorio,
1139 4523 1189 4577 ci
1218 4523 1541 4577 manifestas
1577 4520 1849 4577 exhibuit.

275 4615 434 4670 Tunc
463 4614 800 4670 Caelestinns
831 4613 1026 4668 scribit
1059 4612 1622 4678 Nestorio,deﬁniens
1659 4615 1709 4668 ei
1738 4613 1855 4668 die-

271 4721 398 4760 rum
430 4705 618 4762 decem
656 4705 911 4760 inducias
933 4705 1185 4760 cessandi
1217 4718 1249 4759 a
1281 4703 1622 4775 blasphemia
1648 4711 1704 4758 et
1735 4716 1852 4772 pae-

269 4799 484 4854 nitendi
526 4797 723 4869 :quod
759 4797 804 4853 si
833 4797 1189 4868 perdurasset
1231 4797 1286 4850 in
1349 4809 1516 4865 prava
1571 4795 1852 4864 opinione,

265 4887 568 4944 sacerdotii
603 4888 1041 4942 communicator
1073 4887 1305 4942 ulterius
1361 4902 1487 4943 esse
1537 4886 1850 4942 desisteret.

267 4980 541 5035 Scribunt
560 4988 746 5035 autem
777 4981 1030 5036 similiter
1054 4979 1388 5037 leestinus
1417 4990 1581 5051 atque
1613 4979 1855 5050 Cyrillus

262 5071 630 5128 Autioebeno
664 5081 719 5128 et
756 5072 1257 5144 Ilierosolymitano
1292 5073 1734 5143 archiepiscopis
1785 5071 1855 5127 de

259 5165 531 5220 Nestorio
553 5174 610 5220 et
642 5165 836 5220 haeresi
864 5165 1004 5234 ejus.
1039 5162 1280 5220 Joannes
1320 5177 1500 5220 autem
1525 5165 1724 5220 scribit
1747 5162 1854 5220 Ne-

253 5256 446 5315 storio
465 5255 608 5311 dans
639 5254 932 5310 consilium
971 5254 1260 5328 recedendi
1289 5255 1605 5320 ab-haaresi,
1636 5256 1770 5326 quin
1797 5264 1850 5311 et

254 5351 336 5406 ad
370 5349 699 5404 memoriam
723 5348 934 5404 ducens
962 5347 1096 5402 illud
1116 5348 1364 5419 Apostoli
1392 5347 1663 5404 dicentis:
1697 5346 1851 5401 Misit

261 5444 416 5500 Deus
450 5443 656 5499 Filium
684 5460 838 5499 suum
871 5444 1074 5513 factum
1127 5459 1192 5498 ea:
1226 5445 1467 5500 muliere.
1499 5443 1852 5516 C0gnoscens

1956 4446 2216 4502 posuere,
2263 4439 2324 4486 ut
2353 4432 2746 4502 opinabantur,
2778 4433 3038 4503 Cyrillum
3081 4441 3134 4488 et
3186 4434 3526 4491 Memnonem

1956 4523 2316 4592 Ephesinum.
2349 4521 2719 4578 Theodoritus
2752 4538 2887 4578 sane
2930 4531 3133 4594 putans
3174 4525 3436 4597 Cyrillum
3480 4530 3532 4584 in

1955 4616 2246 4672 duodecim
2293 4617 2537 4687 capitula
2599 4616 2930 4681 oﬁ‘endisse,
2987 4627 3184 4687 praeter
3244 4622 3528 4678 veritatem

1956 4707 2332 4763 narrationem
2365 4709 2594 4773 faciens,
2620 4707 2822 4762 ibidem
2846 4706 3081 4764 Nestorii
3112 4726 3380 4766 venenum
3406 4728 3533 4767 evo-

1958 4800 2117 4856 muit.
2151 4799 2391 4872 Cyrillus
2421 4814 2551 4855 vero
2580 4806 2832 4870 potenter
2864 4814 3170 4871 exsurgens
3199 4818 3297 4873 pro
3322 4803 3530 4860 eisdem

1960 4891 2214 4962 capitulis
2249 4892 2513 4946 rationem
2551 4889 2812 4955 reddidit,
2848 4907 2913 4948 ea
2945 4908 3068 4963 qua:
3104 4894 3160 4948 in
3205 4895 3288 4950 eis
3319 4895 3530 4951 haben-

1960 4986 2456 5054 turjinterpretans,
2500 4991 2556 5038 et
2591 4984 3032 5040 ecclesiasticum
3068 4986 3386 5043 thesaurum
3408 5005 3534 5044 esse

1961 5077 2375 5142 demonstrans,
2405 5082 2572 5144 atque
2599 5075 2743 5146 piam
2781 5077 3142 5134 intentionem
3165 5095 3318 5136 suam
3357 5084 3534 5133 mani-

1962 5168 2173 5225 festans
2230 5166 2515 5222 omnibus.
2576 5166 2764 5237 Itaque
2812 5169 3191 5225 Antiochenus
3239 5169 3534 5227 Joannesa

1961 5259 2193 5315 concilio
2221 5257 2387 5312 tertio
2415 5265 2666 5322 vocatus,
2710 5265 2764 5312 et
2802 5273 2912 5314 non
2952 5258 3256 5314 obaudiens
3289 5268 3347 5313 ut
3378 5262 3532 5314 veni-

1959 5360 2065 5418 ret,
2100 5350 2428 5407 sententiam
2457 5366 2567 5405 una
2596 5365 2720 5406 cum
2754 5352 2841 5407 his
2868 5351 2962 5420 qui
2995 5365 3182 5406 secum
3224 5359 3382 5405 erant
3434 5367 3532 5407 ex-

1963 5442 2128 5512 cepit,
2155 5448 2217 5496 ut
2245 5441 2410 5498 alieni
2454 5439 2636 5496 forent
2689 5440 2758 5496 ab
2790 5442 2942 5495 omni
2969 5440 3348 5497 ecclesiastica
3381 5457 3534 5497 com-

1891 5555 2106 5612 NOTIE

338 5655 451 5726 (It)
487 5652 550 5706 In
580 5652 794 5729 faciem.
820 5648 963 5706 Hist.
995 5650 1237 5722 Tripart.
1264 5670 1339 5718 ιγ,
1367 5655 1434 5709 2i
1471 5670 1486 5708 :
1517 5672 1534 5706 ι
1565 5669 1688 5709 na:n
1731 5653 1824 5725 qui
1855 5652 1922 5709 de
1962 5653 2080 5712 suis
2111 5650 2274 5708 dictis
2292 5649 2601 5729 conﬁdunt,
2624 5648 2791 5706 etiam
2812 5659 2878 5703 ad
2915 5650 3111 5703 {acrem
3155 5648 3386 5718 probare
3422 5664 3532 5706 non

246 5721 509 5797 fugiunt.
560 5741 579 5776 ι
616 5721 781 5777 ῈΑΒΒ.

515 5821 786 5883 ΡΑτιιοι.
817 5821 932 5882 Gn.
973 5821 1182 5884 CVIII.

3109 5807 3184 5870 39
