3906 6226
324 255 459 320 19.27

1417 247 1816 309 ANASTASII
1870 244 2496 306 BIBLIOTHECARII

3451 239 3580 307 1328

323 371 604 433 munione,
630 365 939 437 usquedum
978 376 1100 418 sese
1130 368 1590 432 recognoscentes
1614 358 1895 430 proprium
1923 359 1977 421 A
2001 360 2399 429 depositionem
2449 359 2519 415 ab
2552 357 2786 413 ecclesia
2826 366 3062 425 separati
3114 364 3297 419 erant,
3341 356 3585 411 ecclesia:

322 465 718 522 conﬁterentur
754 471 1064 514 excessum.
1102 454 1371 523 Tuncque
1407 453 1657 525 synodus
1697 451 1896 509 delini-

327 558 420 622 vit,
451 567 573 625 quas
602 552 671 605 ab
693 547 1068 604 Orientalibus
1108 546 1164 599 in
1200 543 1462 614 iujuriam
1513 542 1900 599 sanctissimo-

328 665 448 704 rum
475 644 729 701 Ecclesiae
751 641 1044 713 praesulum
1072 637 1261 710 Cyrilli
1289 645 1344 692 et
1366 635 1673 692 Memnonis
1689 635 1903 707 prolata

327 745 478 803 sunt,
506 742 695 805 utpote
744 733 867 789 sine
920 731 1039 800 lege
1069 740 1124 786 et
1145 730 1268 785 sine
1301 743 1516 785 canone
1553 726 1901 798 deprompta,

329 833 535 889 nullam
580 829 690 883 vim
739 840 970 897 prorsus
1026 824 1253 879 habere.
1297 820 1395 877 His
1431 822 1601 892 igitur
1639 820 1902 875 omnibus

329 943 425 998 per
482 922 866 995 suggestiones
914 916 1229 973 Theodosio
1288 913 1614 986 imperatori
1687 912 1903 977 relatis,

330 1017 468 1087 iussi
516 1021 648 1071 sunt
694 1008 940 1087 episcopi
988 1023 1055 1062 ex
1117 1014 1350 1075 utraque
1402 1012 1560 1074 parte
1606 1001 1910 1059 ascendere

328 1086 899 1174 Constantinopolim;
928 1099 1024 1171 qui
1055 1113 1180 1154 cum
1209 1096 1612 1157 ascendissent,
1639 1108 1910 1164 coopera-

331 1200 482 1253 tione
510 1195 603 1250 Dei
634 1193 819 1249 vicere
873 1190 928 1244 hi
962 1186 1057 1258 qui
1113 1202 1182 1242 ex
1212 1194 1370 1256 parte
1429 1184 1622 1256 synodi
1669 1184 1908 1248 fuerant,

332 1292 656 1355 firmataque
681 1280 1021 1351 depositione
1070 1275 1311 1332 Nestorii
1365 1274 1735 1331 Maximianus
1766 1272 1913 1328 Con-

333 1376 774 1449 stantinopoleos
821 1379 1176 1428 consecratur
1233 1368 1545 1437 episcopus.
1603 1365 1914 1422 Orientales

335 1489 468 1531 vero
522 1477 846 1539 susceptum
876 1463 1188 1520 Nestorium
1218 1476 1408 1518 secum
1466 1460 1696 1515 duxere.
1741 1457 1916 1513 Porro

338 1572 537 1637 quarto
568 1562 810 1619 Nestorii
866 1556 1234 1628 depositionis
1269 1568 1417 1608 anno
1450 1551 1691 1609 Joannes
1721 1550 1917 1606 Antio-

338 1661 549 1715 chenus
575 1656 871 1726 episcopus
902 1663 1092 1707 arnore
1139 1647 1237 1704 Dei
1292 1646 1574 1712 detentus,
1614 1644 1919 1715 vidensque

2003 468 2196 508 rursus
2246 452 2443 507 univit.
2478 450 2591 507 Sub
2632 449 2736 505 hoc
2771 452 3001 515 {sanctae
3048 446 3333 502 memoria:
3393 446 3584 503 Procio

2002 553 2162 600 terra!
2188 553 2373 600 motus
2412 543 2542 598 facti
2585 550 2718 598 sunt
2743 540 2930 611 magni
2980 537 3472 608 Constantinopoli
3498 554 3586 610 per

2003 646 2241 710 quatuor
2264 650 2504 698 menses.
2537 636 2611 691 ita
2644 643 2703 691 ut
2723 635 2986 689 timentes
3015 630 3265 702 Byzantii
3296 639 3466 685 extra
3513 631 3590 686 ci-

2004 730 2250 795 vitatem,
2284 729 2340 785 in
2372 729 2494 784 loco
2524 728 2619 797 qui
2649 727 2857 782 dicitur
2883 724 3148 794 Campus,
3174 731 3375 780 essent
3400 738 3592 792 perse-

2004 835 2260 880 verantes
2293 838 2403 877 una
2437 836 2562 876 cum
2592 821 2875 892 episcopo,
2925 817 2992 874 ad
3043 816 3214 873 Deum
3248 816 3517 886 precibus
3547 826 3597 872 et

2007 916 2219 972 litaniis
2266 914 2656 972 vociferantes.
2692 911 2939 980 Quadam
2991 924 3125 981 ergo
3175 909 3269 965 die
3298 908 3599 965 fluctuante

2008 1014 2176 1075 terra,
2236 1015 2291 1063 et
2342 1007 2490 1062 omni
2528 1006 2688 1076 plebe
2713 1002 2981 1059 attentius
3001 1001 3353 1057 exclamante
3386 998 3596 1069 Κύριε,

2011 1100 2257 1171 ἐλέησον,
2290 1098 2438 1155 circa
2475 1099 2667 1154 horam
2704 1097 2925 1152 tertiam
2962 1093 3225 1151 omnibus
3275 1090 3602 1147 videntibus

2012 1195 2242 1265 contigit
2292 1208 2324 1248 a
2380 1191 2567 1247 divina
2599 1190 2806 1245 virtute
2858 1185 3075 1243 sustolli
3121 1183 3425 1256 quemdam
3454 1182 3587 1238 ado-

2011 1286 2378 1344 lescentulum
2414 1284 2469 1339 in
2491 1297 2639 1347 aere,
2671 1292 2727 1339 et
2763 1281 2942 1336 audiri
2968 1279 3214 1335 divinant
3260 1291 3454 1332 vocem
3503 1273 3601 1329 ad-

2016 1386 2328 1435 monentem
2356 1392 2480 1432 eum
2506 1376 2767 1447 episcopo
2791 1388 2858 1428 ac
2881 1372 3082 1444 populo
3099 1369 3363 1425 nuntiare
3394 1374 3451 1422 ut
3467 1367 3599 1422 lita-

2016 1472 2137 1527 nias
2166 1471 2249 1526 sic
2283 1469 2528 1525 facerent
2557 1475 2613 1523 et
2651 1467 2901 1521 dicerent
2927 1482 2943 1520 :
2973 1462 3207 1520 Sanctus
3236 1460 3404 1527 Deus,
3453 1460 3598 1517 San-

2018 1576 2130 1621 ctus
2173 1566 2350 1635 fortis,
2411 1564 2642 1620 Sanctus
2706 1560 3068 1618 immortalis.
3122 1560 3377 1614 miserere
3427 1558 3598 1622 nobis,

2017 1655 2157 1711 nihil
2180 1657 2330 1711 aliud
2361 1662 2729 1726 apponentes.
2757 1650 2987 1707 Procius
3007 1659 3192 1706 autem
3219 1649 3330 1705 hac
3346 1660 3603 1720 suscepta

340 1752 542 1808 ιιιυιιοε
594 1746 1067 1803 Autiochenorum
1100 1741 1252 1796 Vil‘OS
1313 1739 1563 1810 egregios
1599 1752 1629 1793 a
1657 1736 1915 1793 Nestorio
1944 1743 1989 1798 Β
2014 1752 2286 1805 gementia
2341 1746 2601 1819 ριιωαξρίι
2640 1744 2842 1815 populo
2904 1743 3139 1814 psallere
3180 1741 3284 1805 sic.
3323 1752 3383 1798 ει
3418 1742 3601 1798 suum

340 1842 646 1900 adulterina
672 1837 942 1910 pravitate
966 1834 1229 1898 infectos,
1286 1830 1484 1887 scribit
1504 1844 1709 1901 rogans
1736 1829 1916 1901 impe-

341 1947 577 1991 ratorem
604 1932 747 1987 hunc
772 1929 840 1984 ab
871 1926 1097 1983 Oriente
1128 1923 1462 1995 pellendum.
1489 1920 1791 1992 imperator
1818 1936 1916 1977 au-

342 2037 448 2080 tem
474 2021 786 2079 Nestorium
807 2016 1032 2089 quidem
1051 2012 1248 2070 exsilio
1266 2012 1529 2083 relegavit
1543 2011 1686 2082 apud
1706 2009 1917 2079 Oasim,

339 2123 612 2189 praecepta
643 2125 771 2168 vero
792 2108 963 2164 mittit
988 2105 1194 2177 Cyrillo
1220 2112 1273 2160 et
1290 2103 1487 2160 Joanni
1513 2104 1635 2160 sine
1652 2104 1921 2161 dilatione

341 2222 394 2267 et
421 2209 490 2265 ad
542 2207 834 2263 universas
862 2202 1156 2257 Ecclesias.
1206 2199 1446 2257 Joannes
1473 2211 1652 2256 autem
1693 2206 1920 2270 accepta

343 2303 706 2379 praeceptione
735 2300 931 2358 scribit
957 2298 1163 2369 Cyrillo
1202 2296 1360 2352 iidem
1392 2310 1548 2353 suam
1605 2304 1662 2351 et
1696 2295 1921 2353 Patrum

344 2398 490 2469 apud
552 2395 788 2451 Nicaeam
851 2400 908 2447 et
969 2388 1506 2458 Constantinopolim
1561 2389 1920 2444 collectorum

344 2489 773 2559 confessionem,
811 2483 1087 2552 recipiens
1118 2483 1284 2536 etiam
1319 2496 1441 2551 qua!
1474 2481 1619 2551 apud
1644 2481 1919 2552 Ephesum

344 2589 497 2652 gesta
519 2589 667 2645 sunt.
695 2576 907 2643 Quibus
936 2574 1175 2645 Cyrillus
1206 2573 1476 2641 susceptis
1509 2572 1921 2629 scribitJoanni

345 2684 398 2729 ct
420 2670 793 2728 Orientalibus
819 2668 1133 2736 epistolam,
1165 2666 1326 2736 cujus
1346 2665 1565 2721 initium
1593 2672 1714 2721 est:
1739 2683 1760 2718 α
1800 2667 1920 2722 La:—

347 2774 531 2821 tentur
562 2762 687 2819 curii
713 2769 766 2817 et
799 2759 1041 2816 exsultet
1079 2757 1374 2827 terra.r.Et
1397 2757 1452 2812 in
1479 2757 1666 2813 eadem
1700 2756 1921 2814 confes-

347 2859 504 2914 sione
532 2856 781 2925 utrisque
809 2851 1264 2907 convenientibus
1288 2849 1457 2904 unita:
1478 2848 1696 2905 suntad
1732 2863 1921 2920 pacem

347 2957 510 3021 atque
540 2944 917 3010 concordiam,
954 2945 1153 3014 quibus
1187 2942 1602 3012 praantinebant,
1644 2941 1921 2997 Ecclesiae.

346 3042 450 3097 Per
476 3042 618 3097 idem
641 3052 773 3096 vero
804 3046 1020 3107 tempus
1048 3034 1277 3091 Nonnus
1300 3034 1523 3105 regebat
1554 3033 1921 3089 Edessensem

350 3135 672 3200 Ecclesium,
701 3134 795 3204 qui
840 3131 1072 3202 primam
1118 3128 1582 3184 Antiochenarum
1635 3128 1928 3182 mimarum

348 3229 462 3284 Deo
488 3229 692 3284 dicavit
716 3235 769 3282 et
814 3240 911 3294 pro
967 3222 1259 3291 illargarita
1314 3222 1601 3277 meretrice
1654 3221 1928 3292 Pelagium

347 3321 565 3377 Christo
595 3316 868 3374 exhibuit.
901 3315 1011 3369 iste
1053 3328 1185 3384 ergo
1212 3314 1500 3369 exsultans
1530 3328 1698 3384 super
1728 3314 1927 3371 borum

349 3411 647 3467 concordia
673 3409 869 3464 scribit
906 3406 1106 3461 Joanni
1161 3406 1582 3478 archiepiscopo
1618 3408 1826 3463 monita
1873 3417 1929 3465 et

351 3505 643 3559 verborum
676 3500 1015 3571 magisteria,
1048 3499 1105 3553 in
1135 3500 1336 3570 quibus
1369 3506 1422 3554 et
1445 3500 1554 3555 hoc
1578 3500 1690 3557 ait:
1719 3501 1927 3556 Munda

353 3594 671 3659 Ecclesium,
712 3609 742 3646 ο
775 3592 934 3647 homo
978 3591 1097 3656 Dei,
1152 3609 1185 3646 a
1217 3591 1560 3648 Nestorianis
1592 3594 1820 3649 zizaniis
1878 3603 1928 3649 et

349 3688 464 3752 eius
491 3686 786 3757 impietate.
816 3686 991 3740 Porro
1049 3685 1280 3757 impium
1318 3692 1373 3740 et
1402 3686 1786 3759 blasphemum
1820 3688 1928 3743 Ne-

351 3779 583 3834 storium
634 3780 689 3833 in
741 3779 938 3834 exsilio
970 3777 1216 3833 divinum
1254 3778 1526 3849 judicium
1571 3779 1925 3836 subsecutum

349 3878 458 3936 est,
487 3868 781 3926 tabefactis
805 3870 1066 3927 omnibus
1118 3870 1380 3927 membris
1418 3871 1561 3941 ejus,
1590 3877 1647 3926 et
1691 3873 1927 3928 maxime

353 3961 560 4030 lingua,
590 3976 700 4033 qua
751 3973 1076 4032 consumpta
1123 3971 1301 4017 morte
1359 3962 1621 4035 praevenit
1672 3964 1779 4019 iter
1815 3976 1927 4037 quo

353 4053 423 4109 ab
446 4052 588 4108 Oase
615 4054 683 4109 ad
716 4055 884 4109 alium
915 4055 1096 4108 locum
1132 4063 1255 4109 erat
1277 4054 1583 4110 ducendus.

417 4149 613 4206 Mundi
639 4161 785 4202 anno
801 4145 963 4210 59:26,
992 4145 1192 4200 divinae
1212 4145 1607 4201 incarnationis
1631 4159 1776 4202 anno
1795 4147 1923 4216 £26,

349 4244 581 4299 veniens
635 4238 1059 4294 Valentinianus
1113 4237 1257 4292 filius
1291 4236 1601 4292 Constantii
1658 4246 1714 4293 et
1756 4236 1926 4293 Gallae

351 4333 607 4389 Placidia!
668 4331 738 4386 ab
775 4330 910 4383 urbe
957 4326 1130 4382 Roma
1170 4312 1726 4399 Constantinopolim
1770 4329 1927 4384 duxit

350 4443 579 4483 uxorem
607 4439 784 4491 suam,
821 4424 985 4478 filiam
1041 4421 1335 4478 Theodosii
1381 4422 1754 4493 imperatoris,
1811 4424 1920 4478 Eu-

349 4516 568 4573 doxiam
605 4516 846 4577 nomine,
889 4528 1054 4585 quam
1095 4513 1198 4569 sibi
1234 4512 1478 4568 Eudocia
1528 4522 1811 4584 genuerat,
1867 4521 1923 4570 et

350 4607 581 4665 Romam
609 4607 796 4663 rediit.
827 4606 1089 4678 Sequenti
1120 4620 1249 4661 vero
1281 4620 1426 4660 anno
1451 4603 1795 4661 Theodosius
1819 4610 1926 4661 im-

349 4706 572 4763 perator
626 4694 925 4750 Eudociam
980 4709 1204 4749 uxorem
1267 4709 1423 4749 suam
1484 4694 1922 4766 Hierosolymam

353 4788 502 4844 misit
542 4788 823 4857 gratiﬁcos
861 4790 1096 4860 hymnos
1132 4788 1443 4845 oblaturam
1466 4786 1612 4856 Deo;
1638 4803 1763 4860 quae
1800 4790 1924 4859 plu-

351 4878 489 4931 rima
524 4876 669 4931 dona
700 4880 949 4934 ccclesiis
981 4879 1242 4946 contulit,
1273 4888 1330 4936 et
1363 4879 1607 4937 adoratis
1648 4889 1757 4934 tam
1798 4894 1927 4935 sano

349 4979 436 5026 cta
468 4984 634 5023 cruce
665 4985 830 5039 quam
868 4971 1118 5026 colendis
1151 4972 1291 5027 locis
1316 4988 1535 5028 reversa
1562 4982 1649 5029 est
1679 4973 1746 5029 ad
1775 4989 1928 5043 rega-

348 5062 443 5117 lia.
471 5058 779 5123 Tt'icesiuto
813 5061 941 5117 dein
968 5061 1183 5132 imperii
1205 5064 1497 5121 Theodosii
1525 5080 1670 5120 anno
1698 5065 1926 5122 Proclus

347 5158 640 5227 episcopus
686 5152 1332 5225 Constantinopolitauus
1370 5160 1679 5227 postulatus
1712 5160 1780 5215 ab
1822 5160 1925 5215 im-

348 5257 603 5318 peratore
640 5247 950 5305 Theodosio
995 5262 1198 5317 corpus
1249 5250 1429 5306 sancti
1476 5249 1706 5308 Joannis
1748 5252 1927 5323 Chry-

347 5343 575 5398 sostomi
607 5358 636 5397 a
652 5342 913 5399 Comanis
932 5340 1003 5397 ad
1038 5342 1241 5411 regiam
1270 5342 1461 5397 urbem
1486 5341 1700 5409 detulit,
1725 5352 1779 5399 et
1802 5358 1929 5415 pro-

349 5434 499 5489 ximo
523 5450 671 5490 anno
718 5444 842 5504 post
869 5434 1093 5505 triginta
1125 5442 1237 5489 tres
1264 5448 1443 5490 annos
1472 5435 1527 5490 id
1568 5449 1751 5491 coram
1780 5434 1926 5491 omni

349 5527 698 5589 processione
746 5543 855 5583 una
903 5542 1029 5583 cum
1089 5528 1420 5597 imperatore
1467 5541 1531 5582 ac
1585 5528 1930 5598 imperatrice

349 5611 638 5671 Pulcheria
668 5620 884 5690 pompis
913 5619 1238 5678 funebribus
1269 5620 1557 5691 publicans
1593 5622 1649 5676 in
1696 5622 1927 5690 Aposto-

351 5706 525 5762 lorum
560 5706 790 5764 ecclesia
823 5716 1023 5780 posuit.
1072 5715 1138 5771 Et
1176 5713 1250 5769 ita
1283 5730 1378 5770 eos
1405 5715 1497 5785 qui
1529 5721 1752 5785 propter
1775 5713 1926 5769 illius

2024 1849 2185 1896 terrae
2210 1850 2392 1896 motus
2420 1838 2680 1896 cessavit.
2718 1837 2891 1892 Porro
2910 1837 3073 1891 beata
3092 1834 3392 1891 Pulcberia
3432 1850 3597 1906 super

2024 1934 2293 1990 miraculo
2318 1949 2426 1988 una
2454 1948 2580 1987 cum
2632 1931 2804 1987 fratre
2858 1944 3026 2000 supra
3053 1929 3282 1984 modum
3336 1928 3608 1983 admirata

2024 2027 2209 2083 sanxit
2242 2041 2342 2097 per
2362 2025 2680 2082 universum
2708 2025 2894 2078 orbem
2910 2021 3160 2079 divinum
3190 2023 3346 2077 hunc
3372 2020 3609 2091 psallere

2023 2118 2326 2191 hymnum;
2356 2129 2411 2174 ct
2442 2133 2512 2174 ex
2531 2128 2664 2172 tunc
2692 2130 2949 2186 recepere
2981 2111 3481 2170 omnesEeclesiat
3504 2128 3598 2184 per

2025 2212 2271 2283 singulos
2305 2211 2426 2268 dies
2456 2210 2606 2265 hunc
2625 2223 2826 2264 canere
2858 2207 2989 2263 Deo.

2098 2305 2174 2361 De
2221 2314 2418 2361 cetero
2457 2304 2763 2375 imperante
2805 2300 3118 2357 Theodosio
3151 2297 3383 2368 iuniore
3417 2295 3613 2352 Valeno

2025 2398 2272 2452 tinianus
2307 2410 2414 2449 non
2450 2395 2627 2450 solum
2663 2391 3002 2447 Britanniam
3033 2398 3089 2444 et
3137 2387 3380 2443 Galliam
3431 2397 3489 2443 et
3526 2388 3613 2441 Hi-

2028 2489 2275 2561 spaniam
2312 2488 2527 2543 salvarc
2566 2484 2833 2556 nequivit,
2870 2483 2966 2540 sed
2996 2493 3051 2536 et
3076 2479 3484 2536 occidentalem
3532 2479 3614 2534 Li-

2025 2582 2211 2653 byam.
2241 2595 2361 2651 qua:
2392 2579 2644 2634 videlicet
2672 2577 2826 2647 regio
2849 2584 3077 2630 vocatur
3103 2573 3387 2634 Afrorum,
3426 2572 3611 2626 amisit

2030 2674 2134 2729 hoc
2164 2672 2349 2729 modo.
2376 2669 2495 2726 Duo
2513 2677 2774 2742 praetores
2790 2678 2970 2733 erant,
2992 2666 3172 2722 Aetius
3190 2664 3400 2720 scilicet
3423 2672 3481 2718 et
3502 2662 3605 2716 Bo-

2029 2767 2286 2831 nifacius,
2321 2779 2460 2836 quos
2489 2764 2834 2819 Theodosius
2866 2760 3171 2832 postulante
3212 2756 3608 2812 Valentiniano

2029 2858 2258 2915 Romam
2305 2858 2529 2913 direxit.
2576 2855 2824 2927 Cumque
2884 2852 3195 2910 Bonifacius
3234 2850 3611 2922 principatum

2030 2949 2426 3006 occidentalem
2482 2946 2671 3018 Libya:
2724 2947 3086 3017 percepisset,
3122 2943 3335 3000 invidia
3396 2941 3614 2998 inflam-

2030 3053 2233 3098 matus}
2265 3041 2455 3097 Aetius
2517 3040 2926 3095 accusationem
2977 3038 3109 3094 facit
3164 3036 3441 3093 adversus
3497 3049 3616 3092 eum

1954 3111 1999 3171 C
2032 3140 2294 3204 tanquam
2352 3134 2710 3189 rebellionem
2744 3131 3106 3187 meditantem
3145 3139 3199 3187 et
3230 3131 3490 3187 obtinere
3538 3128 3619 3183 Li-

2030 3228 2193 3299 byam
2219 3234 2596 3297 satagentem;
2648 3235 2704 3281 et
2735 3226 2849 3281 haec
2876 3224 3102 3296 quidem
3135 3223 3394 3278 Placidia:
3418 3222 3619 3277 fateba-

2030 3328 2139 3387 tur,
2181 3319 2545 3377 Valentiniani
2574 3320 2757 3375 matri.
2787 3317 3060 3375 Caeterum
3107 3316 3400 3372 Bonifacio
3431 3314 3623 3371 scribit

2028 3414 2181 3485 quia,
2210 3414 2259 3470 si
2294 3414 2594 3470 accersitus
2636 3413 2826 3478 fueris,
2859 3412 3124 3467 accedere
3143 3410 3253 3467 noli
3277 3429 3295 3466 :
3333 3410 3619 3466 incusatus

2028 3505 2172 3562 enim
2201 3520 2282 3568 es,
2308 3513 2362 3562 et
2390 3514 2445 3561 te
2468 3504 2658 3561 dolose
2680 3505 2870 3561 volunt
2896 3504 3257 3574 imperatores
3281 3543 3298 3557 .
3326 3541 3344 3558 .
3367 3542 3385 3558 .
3408 3543 3423 3558 .
3446 3542 3463 3557 .
3496 3501 3619 3557 Haec

2029 3598 2340 3669 suscipiens
2367 3596 2702 3662 Bonifacius,
2726 3604 2780 3651 et
2806 3595 2972 3651 veluti
3005 3595 3232 3666 proprio
3262 3609 3436 3650 servo
3468 3594 3618 3650 Aetio

2029 3690 2282 3754 credens,
2335 3690 2637 3745 accersitus
2674 3687 2940 3744 accedere
2978 3687 3218 3742 distulit.
3253 3684 3419 3742 Tunc
3455 3687 3617 3756 impe—

2030 3789 2241 3839 ratores
2275 3782 2489 3837 Aetium
2531 3781 2692 3853 quasi
2738 3780 2997 3835 devotum
3045 3786 3405 3849 receperunt.
3456 3777 3617 3832 Erant

2028 3885 2208 3933 autem
2269 3873 2428 3930 Gothi
2482 3881 2613 3928 tunc
2652 3879 2704 3929 et
2749 3882 2940 3944 gentes
2989 3871 3175 3926 multa:
3218 3884 3284 3925 ac
3345 3871 3615 3929 maximae.

2029 3976 2179 4023 trans
2212 3965 2520 4021 Danubium
2552 3967 2608 4020 in
2639 3963 3009 4036 Hyperboreis
3048 3962 3184 4018 locis
3211 3962 3614 4025 inhabitantes,

2027 4074 2092 4117 ex
2123 4060 2322 4131 quibus
2357 4059 2797 4115 rationabiliores
2831 4063 3068 4127 quatuor
3116 4062 3279 4116 sunt,
3310 4052 3480 4109 Gothi
3515 4054 3617 4108 sci-

2027 4151 2156 4207 licet
2214 4159 2269 4207 et
2322 4151 2659 4224 Hypogotlti,
2710 4149 2947 4222 Gipedes
2995 4156 3047 4204 et
3091 4146 3351 4211 Vandali,
3421 4160 3613 4200 nomen

2026 4249 2242 4298 tantum
2290 4250 2345 4299 et
2404 4242 2538 4297 nihil
2594 4242 2742 4297 aliud
2797 4249 3096 4305 mutantes,
3152 4253 3379 4309 unaque
3434 4239 3613 4309 lingua

2028 4343 2265 4391 utentes.
2329 4333 2530 4391 Omnes
2584 4345 2764 4389 autem
2807 4333 2929 4388 ﬁdei
2977 4340 3136 4387 erant
3186 4331 3413 4386 Arianae
3456 4331 3611 4385 mali-

2028 4426 2275 4498 gnitatis.
2328 4425 2419 4482 isti
2469 4425 2572 4481 sub
2613 4424 2855 4481 Arcadio
2902 4432 2957 4479 et
3002 4421 3246 4477 Honorio
3303 4420 3607 4476 Danubium

2029 4525 2380 4575 transeuntes
2423 4519 2476 4573 in
2533 4525 2680 4572 terra
2740 4516 2903 4571 locati
2954 4522 3084 4571 sunt
3121 4515 3518 4569 Romanorum.
3549 4510 3610 4565 Et

2027 4609 2261 4680 Gipedes
2307 4610 2550 4682 quidem,
2587 4626 2654 4664 ex
2686 4609 2888 4680 quibus
2916 4607 3267 4680 postmodum
3297 4606 3463 4662 divisi
3489 4612 3609 4660 sunt

2026 4701 2373 4772 Langobardi
2406 4709 2460 4757 et
2489 4702 2718 4768 Avares,
2755 4701 2918 4756 villas
2953 4714 3073 4769 qua:
3097 4706 3227 4753 sunt
3263 4698 3411 4753 circa
3441 4695 3606 4767 Siggi-

2027 4794 2224 4849 donem
2264 4802 2321 4848 et
2361 4791 2622 4847 Sirmium
2663 4791 3068 4847 habitaverunt.
3124 4788 3437 4859 iiypogolhi
3484 4802 3605 4842 vero

2026 4892 2151 4955 post
2215 4882 2491 4938 Alaricum
2565 4882 2792 4937 Romam
2847 4880 3249 4951 depopulantes
3299 4880 3355 4933 in
3409 4877 3602 4932 Callias

2029 4975 2233 5040 abiere,
2287 4982 2342 5030 et
2398 4990 2521 5043 quae
2577 4974 2777 5029 ibidem
2837 4982 2969 5029 sunt
3019 4971 3402 5027 obtinuerunt.
3453 4966 3599 5024 Gothi

2028 5076 2208 5121 autem
2239 5063 2579 5121 Pannoniam
2605 5065 2916 5121 habuerunt
2948 5064 3215 5133 primum,
3245 5060 3372 5116 dein
3401 5055 3598 5115 decimo

2027 5173 2177 5212 nono
2223 5170 2369 5212 anno
2400 5156 2721 5227 imperantis
2760 5153 3053 5210 Theodosii
3093 5151 3334 5220 junioris
3364 5148 3595 5204 Thraciae

2028 5251 2187 5306 villas
2226 5250 2613 5306 habitaverunt
2672 5264 2771 5321 per
2816 5248 3221 5320 quinquaginta
3272 5256 3400 5302 octo
3437 5257 3595 5299 annos

2031 5343 2084 5398 in
2110 5343 2324 5398 Thrace
2353 5350 2649 5408 morantes,
2674 5342 2998 5414 Hesperium
3020 5355 3238 5412 quoque
3259 5340 3595 5397 obtinuerunt

2029 5428 2423 5505 principatum.
2481 5435 2655 5490 Porro
2703 5434 2936 5490 Vandali
2986 5433 3173 5489 Alanis
3213 5432 3319 5488 sibi
3361 5430 3587 5488 sociatis.

2031 5536 2086 5582 et
2125 5526 2432 5591 Germanis,
2478 5528 2573 5598 qui
2625 5542 2774 5583 nunc
2814 5524 3012 5583 Franci
3056 5534 3347 5589 vocantur,
3396 5523 3588 5580 ascitis,

2034 5629 2383 5676 transeuntes
2419 5619 2620 5675 Ninum
2643 5620 2876 5679 ﬂuvium
2905 5618 3226 5690 Modigiscio
3253 5617 3396 5672 duce
3427 5613 3591 5669 habitu

2035 5712 2419 5770 habitaverunt
2454 5715 2506 5770 in
2544 5712 2833 5786 Hispania,
2883 5728 3005 5784 qua:
3048 5720 3134 5768 est
3163 5713 3337 5783 prima
3382 5707 3592 5774 Europae
