3906 6226
364 269 499 331 ῙΞὶί)
1185 271 1551 331 HISTORIA
1583 266 1954 330 {ECCLESIA

2065 272 2174 331 [CA
2214 272 2314 331 EX
2348 270 2830 330 TIiEOPHANE.
3500 273 3636 338 1230

359 378 771 451 provinciarum
804 379 870 431 alt
907 376 1170 449 ilcsperio
1204 376 1445 434 Oceano.
1495 378 1812 435 Bonifacius
1848 393 1951 433 au-
1977 382 2028 442 Α
2054 380 2385 452 patrimonia
2427 380 2800 450 deprendatur,
2826 381 2996 435 lilium
3053 393 3233 439 autem
3284 384 3467 442 fratris
3519 388 3640 456 ejus

359 482 469 528 tem
526 477 781 525 metuens
831 470 1196 541 imperatores
1244 469 1549 537 Romanos,
1594 470 1967 532 transfretans
2070 470 2426 525 Athanasium
2462 471 2842 542 presbyterum
2875 473 2994 527 sine
3029 474 3187 544 culpa
3215 473 3493 546 deposuit.
3519 477 3646 534 “me

360 580 389 617 a
424 562 598 633 Libya
637 560 694 615 in
738 559 1083 631 Hispaniam,
1131 561 1205 616 ad
1258 561 1534 618 Vandalus
1580 564 1750 618 venit.
1800 562 1969 617 Cum-
2070 572 2251 616 autem
2286 561 2520 618 faciebat
2567 571 2732 618 rectae
2760 565 2946 635 Cyrilli
2983 565 3105 622 ﬁdei
3136 554 3479 638 adversatus,
3518 586 3645 627 cum

357 671 466 727 que
521 653 905 724 Modigiscium
937 654 1241 709 invenisset
1267 664 1541 709 mortuum
1574 663 1628 709 et
1660 654 1804 709 filios
1845 655 1966 725 ejus
2068 660 2216 708 esset
2270 652 2561 710 hazreticus
2611 661 2667 709 et
2714 670 2779 710 ex
2826 655 3082 714 mollibus
3133 660 3354 727 ungulis
3411 676 3474 716 ea
3524 679 3646 731 qutc
3676 672 3699 703 ἰ’

360 748 646 807 Gonzarin
692 756 749 803 et
804 746 1114 803 Gizericum
1168 748 1541 816 principatum
1591 748 1962 812 moderantes,

360 843 618 897 hortatus
660 846 747 895 est
781 847 841 893 ut
881 839 1195 909 hesperiam
1248 837 1475 909 Libyam
1526 836 1582 893 in
1619 845 1732 893 tres
1773 845 1960 908 partes

356 935 693 991 dividerent.
774 933 1015 989 Polliciti
1070 942 1201 987 sunt
1245 931 1542 1001 unicuique
1596 930 1771 986 tertiae
1817 933 1959 1000 parti

358 1041 418 1083 se
491 1039 600 1079 una
668 1038 795 1079 cum
858 1024 996 1094 ipsis
1059 1023 1494 1093 principaturos,
1550 1022 1607 1076 in
1678 1016 1959 1075 communi

360 1129 542 1174 tamen
573 1119 629 1173 in
663 1117 963 1187 quemlibet
987 1116 1201 1172 hostem
1233 1115 1471 1171 uituros.
1506 1115 1564 1169 in
1603 1114 1807 1171 talibus
1829 1128 1959 1183 ergo

358 1210 807 1283 professionibus
871 1207 1098 1263 Vandali
1158 1207 1362 1263 fretum
1405 1216 1809 1263 transmeantes
1864 1205 1958 1260 Li-

360 1305 522 1375 byam
578 1302 969 1357 habitaverunt
1023 1300 1092 1356 ab
1146 1298 1368 1356 Oceano
1425 1315 1603 1370 usque
1661 1298 1954 1371 Tripolim,

360 1411 484 1466 quae
521 1400 609 1449 est
633 1395 780 1450 circa
815 1393 1092 1466 Cyrenen.
1126 1392 1437 1465 iiypogothi
1487 1407 1621 1448 vero
1663 1400 1955 1463 surgentes

2067 754 2195 800 sunt
2242 741 2498 817 Origenis
2543 749 2794 803 sentiret.
2822 749 3168 805 irascebatur
3212 764 3392 809 autem
3439 766 3495 815 et
3527 756 3649 812 Fla-

2064 838 2246 904 viano,
2279 853 2345 893 eo
2368 840 2515 909 quod
2550 841 2824 896 modicum
2855 841 2984 912 quiti
3036 843 3159 914 opis
3196 844 3341 899 beati
3371 847 3649 904 conferret

2064 930 2255 1003 Cyrilli
2296 932 2569 1001 cognatis.
2602 933 2739 989 Cum
2786 950 2916 1003 ergo
2957 935 3334 1009 Chrysaphius
3373 951 3523 997 esset
3546 943 3648 998 im-

2062 1024 2208 1092 pius,
2255 1022 2443 1079 videre
2481 1039 2588 1078 non
2628 1025 2809 1081 ferens
2853 1026 3220 1084 Ecclesiarum
3271 1033 3643 1097 concordiam.

2063 1130 2284 1186 operam
2345 1115 2514 1171 dabat
2577 1124 2635 1171 ut
2697 1121 3055 1177 conturbaret
3119 1137 3238 1190 eas,
3293 1131 3349 1178 et
3412 1124 3648 1182 diversis

2062 1213 2240 1267 modis
2300 1213 2496 1283 agebat
2548 1224 2608 1269 ut
2653 1212 2977 1270 Flavianum
3014 1215 3085 1270 ab
3113 1216 3430 1288 episcopatu
3462 1219 3649 1290 depel-

2059 1305 2215 1369 leret,
2253 1307 2445 1361 volens
2480 1306 2764 1379 Eutychen
2800 1308 3094 1377 quemdam
3123 1323 3319 1366 sensus
3350 1311 3435 1366 sui
3463 1313 3649 1366 archi-

2057 1396 2390 1452 mandritam
2451 1398 2519 1453 ad
2597 1399 2978 1470 episcopatum
3035 1400 3159 1471 ejus
3202 1402 3542 1473 provehere;
3593 1413 3649 1459 et

360 1503 390 1541 a
419 1486 597 1540 Gallia
626 1493 855 1543 tenuere
890 1487 1059 1542 etiam
1099 1484 1443 1555 Hispaniam.
1480 1483 1714 1550 Quidam
1768 1493 1952 1539 autem
2055 1490 2318 1556 quoniam
2344 1489 2633 1546 i’ulcheria
2660 1506 2749 1547 res
2770 1492 2964 1549 civiles
2999 1494 3271 1550 retinente
3297 1495 3431 1550 nihil
3454 1497 3647 1563 valuit,

362 1588 592 1635 senatus
642 1579 898 1645 Romani,
939 1578 1105 1633 amici
1149 1577 1445 1644 Bonifaeii,
1480 1576 1675 1632 falsam
1715 1589 1949 1632 accusa-

363 1671 573 1725 tionem
607 1668 750 1724 Aetii
784 1668 1108 1724 iutitnavere
1127 1667 1405 1733 Placidiae,
1437 1666 1789 1724 ostendentes
1813 1682 1951 1737 quo-

2053 1584 2232 1653 primo
2265 1583 2560 1640 insidiatur
2589 1583 2843 1641 Endocite
2876 1585 3200 1641 insidiarum
3230 1585 3351 1657 ejus
3405 1587 3647 1643 nondum

2054 1684 2314 1746 expertte,
2346 1685 2400 1732 et
2441 1677 2499 1731 in
2550 1677 2776 1731 livorem
2822 1693 2942 1731 eam
2998 1678 3228 1749 instigat
3269 1664 3473 1734 contra
3520 1694 3651 1750 pro-

361 1774 470 1831 que
523 1769 578 1817 et
609 1760 752 1816 Aetii
787 1760 852 1815 ad
894 1759 1238 1815 Bonifacium
1283 1760 1496 1832 pridem
1537 1758 1798 1828 scriptam
1837 1759 1955 1828 epi-
1990 1750 2032 1804 Β
2063 1768 2237 1837 prtam
2287 1775 2542 1831 matrem,
2577 1777 2632 1822 et
2684 1767 2932 1822 immittit
2980 1769 3056 1834 ei,
3113 1777 3174 1822 ut
3216 1777 3272 1824 et
3307 1768 3387 1823 illi
3420 1769 3648 1841 deroget

364 1853 583 1913 stolam.
632 1866 797 1922 quam
850 1851 916 1907 ad
966 1867 1063 1907 eos
1122 1849 1267 1906 idem
1329 1851 1556 1907 miserat
1615 1847 1955 1904 Bonifacius.

365 1942 465 1996 Ast
520 1941 826 2013 stupefacta
880 1939 1121 1998 Placidia
1173 1940 1390 1997 Aetium
1435 1940 1653 2013 quidem
1708 1941 1762 1995 iu
1809 1940 1959 1995 nullo

368 2035 528 2099 hesit,
607 2033 895 2091 Bonifacio
954 2051 1088 2092 vero
1162 2036 1388 2092 verbum
1459 2050 1584 2090 cum
1643 2036 1962 2099 juramento

368 2127 523 2182 misit
563 2128 1037 2184 cxhortatorium.
1071 2129 1245 2185 Porro
1285 2129 1593 2185 Gonthario
1618 2135 1833 2183 mortuo
1863 2125 1959 2181 Gi-

366 2221 587 2278 zericus
623 2218 996 2277 Vandalorum
1051 2220 1237 2277 factus
1274 2231 1361 2277 est
1388 2223 1710 2292 imperator.
1744 2219 1958 2274 Bonifa-

367 2315 488 2371 cius
522 2329 651 2384 ergo
670 2316 834 2369 verbo
859 2321 1117 2385 suscepto
1158 2322 1353 2368 contra
1384 2311 1659 2367 Vandalus
1689 2318 1955 2375 armatur,

368 2405 609 2460 exercitu
667 2419 867 2476 magno
909 2405 1015 2459 sibi
1064 2405 1322 2461 veniente
1371 2415 1479 2459 tam
1507 2419 1534 2456 a
1568 2403 1741 2457 Roma
1793 2417 1954 2473 quam

370 2514 401 2551 a
457 2496 744 2570 Byzantio,
818 2497 981 2568 cujus
1042 2498 1266 2570 Asperis
1316 2506 1436 2554 erat
1485 2497 1770 2568 magister.
1821 2495 1960 2550 inito

372 2598 555 2646 autem
590 2598 786 2646 contra
825 2589 1136 2646 Gizcricum
1192 2591 1383 2660 praelio
1410 2597 1702 2663 superatus
1731 2597 1816 2644 est
1850 2588 1959 2643 Ro-

370 2694 658 2736 manorum
701 2680 1005 2745 exercitus,
1041 2682 1233 2751 sicque
1251 2681 1566 2736 Bonifacius
1611 2694 1739 2735 cum
1763 2678 1958 2751 Asperi

372 2772 603 2828 Romam
635 2774 866 2829 veniens
903 2774 1276 2844 suspicionem
1316 2774 1587 2837 dissolvit,
1618 2773 1694 2829 rei
1727 2774 1957 2828 veritate

369 2872 697 2921 monstrata.
726 2865 899 2922 Porro
935 2865 1121 2921 Africa
1155 2866 1338 2922 taliter
1367 2876 1453 2922 est
1486 2865 1746 2922 V’audaiis
1785 2866 1955 2921 suba-

370 2967 479 3014 cta.
514 2958 669 3014 Tunc
690 2970 744 3014 et
772 2959 1110 3025 Marcianus,
1136 2958 1230 3029 qui
1264 2960 1612 3030 postmodum
1642 2958 1953 3029 imperavit,

371 3066 496 3106 cum
554 3052 712 3107 miles
776 3058 927 3107 esset
975 3060 1031 3106 et
1076 3050 1271 3122 Asperi
1336 3051 1662 3115 deserviret,
1709 3052 1866 3107 vivus
1925 3066 1953 3105 a

371 3142 624 3200 Gizerico
666 3144 1178 3216 comprehenditur.

442 3233 628 3290 Mundi
683 3248 829 3292 anno
887 3235 1048 3302 5937,
1107 3235 1308 3292 divinae
1363 3235 1765 3292 incarnationis
1816 3250 1961 3292 anno

373 3327 500 3393 457,
529 3326 794 3383 Romana:
825 3327 975 3384 sedis
1036 3326 1147 3383 Leo
1203 3327 1541 3398 pontificium
1591 3327 1754 3398 gerit,
1798 3327 1963 3398 impe-

375 3426 531 3475 rante
558 3418 893 3486 Theodosio,
916 3421 1073 3492 cujus
1104 3420 1317 3490 imperii
1342 3420 1627 3476 tricesimo
1648 3435 1793 3475 nono
1816 3434 1962 3474 anno

373 3506 606 3566 Proclus
636 3508 1286 3580 Constantinopolitanus
1311 3513 1566 3578 moritur,
1599 3509 1688 3565 cui
1718 3509 1963 3567 succedit

373 3602 669 3657 Flavianus
701 3603 987 3674 presbyter
1011 3610 1066 3658 et
1110 3604 1485 3675 sceuophylax
1519 3603 1773 3659 ecclesiae.
1817 3601 1962 3657 Con-

375 3697 901 3767 stantinopolitanae,
932 3699 1018 3753 vir
1052 3710 1210 3752 sacer
1249 3707 1304 3752 et
1329 3704 1615 3751 strenuus.
1648 3696 1961 3766 Atque‘Cy-

374 3790 533 3845 rillus
559 3790 966 3847 Alexandrinus
1013 3790 1151 3845 obiit
1200 3789 1454 3856 antistes,
1499 3788 1589 3843 cui
1628 3787 1991 3859 subrogatus

376 3882 433 3937 in
469 3882 600 3939 sede
655 3883 973 3951 Dioscorus,
1007 3882 1102 3953 qui
1147 3881 1458 3936 nullatenus
1507 3888 1628 3935 erat
1670 3878 1961 3934 didascali-

375 3990 497 4039 cus.
527 3976 626 4032 sed
661 3976 889 4032 immitis
918 3976 1182 4033 etferus.

449 4067 634 4122 Mundi
682 4082 828 4122 anno
886 4068 1049 4136 5940,
1113 4069 1309 4125 divinae
1365 4066 1762 4124 incarnationis
1818 4081 1960 4120 anno

377 4161 503 4224 μθ,
560 4159 937 4233 Chrysaphius
1001 4162 1289 4217 eunuchus
1345 4160 1607 4231 palatium
1662 4167 1719 4214 et
1782 4158 1960 4230 ipsum

378 4255 767 4325 imperatorem
799 4260 1015 4319 tenens,
1042 4270 1171 4311 cum
1224 4256 1494 4311 invideret
1538 4252 1784 4308 Flaviani
1828 4267 1962 4308 con-

380 4347 698 4415 secrationi,
731 4348 1006 4418 suggessit
1053 4347 1394 4418 imperatori,
1428 4346 1549 4401 sine
1584 4345 1789 4400 malitia
1818 4345 1964 4400 exsi-

380 4438 544 4494 stenti
611 4448 667 4493 et
735 4439 877 4509 apud
941 4438 1340 4493 Chalcedonem
1404 4436 1644 4508 degenti,
1699 4436 1962 4490 mandare

381 4533 707 4603 patriarcha:
747 4542 807 4587 ut
836 4533 1078 4587 mitteret
1113 4547 1212 4603 pro
1243 4531 1658 4586 consecratione
1707 4529 1813 4583 sibi
1863 4529 1960 4583 be-

383 4626 723 4681 netlictiones
748 4626 884 4696 (l5).
915 4624 1036 4690 Quo
1059 4624 1201 4679 facto
1230 4624 1363 4693 (l6),
1398 4623 1775 4694 Chrysapltius
1805 4636 1963 4676 aver—

382 4727 507 4774 tens
568 4718 850 4774 mandavit
888 4732 1082 4772 aureas
1117 4718 1498 4787 imperatorem
1528 4729 1773 4786 quaerere
1800 4714 1962 4769 bene-

381 4809 675 4866 dictiones.
708 4810 778 4863 At
808 4811 1104 4881 episc0pus
1155 4807 1493 4864 renuntiavit
1533 4823 1640 4862 non
1673 4820 1732 4861 se
1762 4802 1962 4860 habere

382 4904 647 4974 pecunias
690 4903 759 4959 ad
812 4903 1162 4965 mittendum,
1215 4900 1322 4956 nisi
1378 4901 1517 4956 forte
1572 4913 1790 4970 quoque
1838 4905 1963 4951 utar

382 4995 688 5068 (inquiens)
715 5011 782 5051 ex
813 4996 990 5051 sacris
1015 4995 1251 5052 vasibus.
1287 4992 1376 5047 Fit
1403 5006 1535 5063 ergo
1571 5007 1635 5048 es
1684 4991 1789 5046 hoc
1815 4990 1962 5044 inter

382 5090 528 5156 illos,
570 5088 859 5146 Pnlcheria
908 5091 1025 5144 hate
1066 5089 1373 5160 ignorante,
1408 5102 1520 5141 non
1555 5085 1804 5141 modicus
1827 5096 1963 5139 moe-

380 5198 499 5238 ror.
534 5181 735 5238 Verum
788 5183 903 5239 haec
934 5184 1076 5254 apud
1108 5179 1664 5251 Constantinopolim.
1694 5177 1963 5234 Caeterum

384 5292 554 5349 penes
624 5274 1013 5331 Alexandriam
1086 5274 1383 5330 Dioscorus
1435 5271 1725 5328 confestim
1780 5269 1967 5342 Cyrilli

382 5380 649 5442 cognatos
712 5371 768 5426 in
823 5371 1137 5443 primordiis
1188 5371 1305 5425 Suis
1358 5366 1607 5422 devastat
1656 5372 1711 5420 ct
1772 5364 1965 5419 horum

2066 1858 2209 1929 apud
2241 1864 2627 1929 imperatorem
2655 1869 2711 1915 et
2737 1860 2896 1915 tollat
2923 1860 2989 1915 ad
3015 1875 3073 1916 se
3104 1862 3484 1932 pmpositntn,
3511 1878 3650 1932 quo-

2064 1952 2210 2005 niam
2259 1951 2585 2021 praepositus
2640 1952 2708 2006 ad
2755 1951 3172 2022 dispositionem
3219 1968 3403 2007 rerum
3453 1968 3649 2023 perne-

2066 2044 2345 2099 cessarius
2407 2052 2528 2099 erat
2596 2044 2920 2101 Pnlcheriae.
2989 2044 3297 2116 imperator
3333 2054 3516 2100 autem
3580 2048 3650 2101 ali

2067 2150 2238 2190 uxore
2283 2134 2553 2190 molestiis
2600 2133 2885 2204 fatigatus,
2920 2134 3087 2190 mittit
3134 2137 3182 2191 ei
3225 2136 3455 2192 dicens:
3487 2135 3570 2191 Ne
3602 2146 3651 2191 te

2066 2228 2162 2282 hoc
2195 2228 2399 2282 tristem
2430 2226 2660 2281 reddat:
2697 2229 3040 2297 prwpositum
3072 2229 3211 2282 enim
3256 2238 3305 2283 te
3334 2228 3525 2284 habere
3545 2246 3651 2284 non

2065 2330 2141 2375 est
2194 2320 2467 2389 possibile,
2515 2336 2679 2390 neque
2732 2335 2900 2374 meam
2951 2336 3184 2375 sororem
3219 2320 3345 2375 bene
3390 2331 3440 2376 et
3485 2324 3651 2392 perite

2066 2429 2132 2467 ac
2196 2414 2280 2482 pie
2346 2413 2527 2467 omnia
2588 2413 2949 2481 disponentem
3000 2428 3094 2484 ego
3141 2413 3359 2483 repello.
3398 2414 3649 2470 lneliicax

2064 2517 2194 2573 ergo
2223 2500 2604 2574 Chrysaphius
2632 2516 2798 2571 super
2834 2501 2941 2555 hoc
2988 2500 3218 2557 eﬂ‘ectus
3244 2502 3313 2557 ad
3351 2503 3499 2558 aliud
3528 2518 3652 2559 ver-

2065 2596 2203 2650 titur
2253 2596 2700 2657 instrumentum,
2739 2602 2795 2650 et
2830 2593 3079 2666 suggerit
3126 2594 3387 2652 Eudociae
3430 2605 3491 2652 ut
3534 2611 3652 2654 rno-

2065 2690 2203 2745 lesta
2248 2687 2572 2759 imperatori
2620 2687 2880 2742 suaderet
2920 2687 2997 2753 ei,
3032 2703 3143 2757 quo
3192 2687 3509 2759 praeciperet
3553 2702 3655 2760 pa-

2061 2779 2315 2834 triarchae
2343 2793 2673 2834 consecrare
2702 2777 2856 2833 illam
2885 2776 3199 2845 diaconam,
3237 2788 3498 2851 tanquam
3523 2769 3653 2852 qua:

2061 2870 2437 2939 virginitatem
2473 2871 2753 2940 elegisset.
2790 2871 2860 2925 Et
2883 2869 3093 2927 diutius
3143 2870 3385 2927 Eudocia
3422 2874 3655 2944 impera.

2061 2960 2167 3015 tori
2217 2960 2448 3015 molesta
2513 2958 2790 3028 persuasit
2848 2958 3059 3013 levitati
3108 2958 3251 3028 ejus.
3295 2960 3477 3030 Super
3539 2975 3653 3031 quo

2058 3051 2254 3121 jussus
2283 3050 2579 3106 Flavianus
2606 3050 2677 3106 ab
2701 3050 3033 3119 imperatore
3064 3050 3323 3106 tristatus
3352 3058 3435 3106 est
3467 3052 3649 3117 valde,

1987 3122 2030 3179 θ
2065 3146 2408 3219 prospiciens
2443 3145 2628 3200 futura
2653 3162 2720 3202 es
2767 3146 2872 3200 hoc
2924 3144 3189 3200 scandala
3231 3146 3533 3200 nascitura.
3583 3146 3654 3200 Et

2063 3239 2385 3309 imperatori
2446 3239 2666 3309 quidem
2745 3238 3098 3309 repromisit,
3160 3237 3466 3293 Pulcherite
3516 3253 3651 3295 vero

2062 3333 2284 3403 scripsit
2319 3347 2524 3403 rogans
2581 3346 2701 3386 eam
2761 3346 2832 3387 ne
2879 3330 3074 3386 saltem
3124 3336 3253 3386 ante
3298 3329 3494 3385 faciem
3526 3330 3653 3400 ejus

2063 3426 2292 3492 veniret,
2333 3442 2397 3479 ne
2426 3440 2610 3496 cogar,
2669 3424 2871 3494 inquit,
2931 3439 3086 3494 agere
3135 3423 3263 3495 quid
3313 3438 3497 3478 eorum
3532 3437 3653 3494 qua:

2064 3528 2113 3574 te
2158 3520 2498 3574 contristent.
2533 3517 2626 3572 Illa
2656 3530 2789 3587 ergo
2819 3530 2886 3571 ex
2914 3517 3002 3571 his
3044 3530 3168 3586 qua
3195 3514 3404 3586 scripta
3434 3516 3654 3572 fuerant

2062 3611 2378 3680 intelligens
2454 3609 2599 3678 quod
2671 3607 3101 3672 meditabantur,
3164 3614 3220 3662 et
3295 3603 3652 3678 praepositum

2062 3699 2319 3754 Eudociae
2375 3697 2726 3756 transmittit,
2751 3703 2806 3751 et
2840 3696 2960 3765 ipsa
3014 3696 3209 3751 exiens
3256 3697 3311 3751 in
3348 3697 3652 3753 Ebdomnm

2062 3789 2238 3847 siluit.
2285 3788 2364 3842 Ex
2405 3788 2508 3842 hoc
2545 3786 2732 3855 itaque
2770 3785 3073 3853 imperator
3117 3795 3176 3841 ct
3213 3785 3454 3842 Eudocia
3495 3788 3653 3844 valde

2063 3894 2257 3941 contra
2308 3881 2633 3937 Flavianum
2682 3878 2877 3933 tristes
2925 3876 3104 3933 eﬂ‘ecti
3134 3885 3284 3942 sunt,
3311 3879 3456 3949 quod
3487 3896 3652 3938 suum

2064 3978 2373 4035 revelassct
2402 3984 2703 4031 serretum.
2737 3972 2913 4028 Porro
2944 3972 3213 4029 Eusebius
3257 3972 3648 4041 scholasticus,

2062 4069 2155 4140 qui
2182 4069 2392 4140 primus
2416 4064 2734 4122 Nestorium
2778 4063 3155 4135 reprehendit,
3180 4064 3248 4118 ad
3270 4065 3649 4137 episcopatum

2064 4162 2284 4219 θοι-ἱιωί
2324 4169 2632 4233 promotus,
2685 4167 2741 4215 et
2774 4159 2842 4214 de
2884 4156 2991 4213 fide.
3025 4173 3149 4213 cum
3188 4158 3433 4231 Eutyche
3467 4162 3652 4217 archi-

2066 4257 2341 4313 mandrita
2391 4255 2700 4325 disputans,
2751 4253 2959 4309 invenit
3016 4268 3141 4307 eum
3186 4266 3298 4307 non
3363 4262 3513 4309 recta
3559 4270 3651 4310 sao

2064 4351 2339 4423 pientem;
2369 4348 2462 4421 qui
2513 4362 2638 4402 cum
2686 4348 2918 4402 multum
2955 4360 3336 4402 commoneas.
3359 4345 3554 4415 juvare
3584 4347 3653 4402 ii-

1991 4470 2040 4529 D
2069 4445 2177 4499 lum
2222 4442 2584 4512 nequivisset,
2636 4439 2826 4497 retulit
2863 4437 2932 4495 de
2965 4453 3032 4494 eo
3061 4437 3323 4493 Flaviano
3369 4438 3650 4508 episcopo.

2068 4542 2162 4610 qui
2208 4539 2573 4611 quadraginta
2630 4536 3015 4606 episcoporum
3058 4531 3297 4588 concilio
3324 4542 3652 4601 congregato

2071 4632 2292 4687 adducit
2325 4629 2631 4702 Eutychen,
2662 4635 2717 4682 et
2742 4626 2900 4696 juxta
2949 4629 3167 4680 omnem
3203 4622 3648 4693 consequentiam

2067 4723 2381 4794 regularum
2440 4717 2943 4775 ecclesiasticarum
2999 4712 3308 4769 discutiens
3362 4713 3647 4766 inventum

2067 4815 2360 4871 snhtlolum
2398 4820 2454 4867 ct
2490 4808 2806 4866 haereticum
2847 4805 3127 4877 deposuit.
3150 4803 3527 4875 Chrysapltius
3550 4816 3650 4859 au-

2068 4916 2176 4964 tem
2234 4906 2399 4975 hujus
2433 4914 2668 4959 concors
2698 4899 2961 4970 palatium
3014 4904 3230 4958 tenens,
3266 4897 3354 4953 his
3416 4894 3650 4965 cognitis

2065 5001 2120 5054 in
2171 4998 2309 5052 iram
2356 4993 2695 5067 peramplius
2724 4999 2918 5047 contra
2950 4989 3273 5046 Flavianum
3302 4986 3644 5051 accenditur,

2065 5099 2118 5147 et
2169 5089 2385 5144 intimat
2445 5085 2710 5142 Dioscoro
2757 5081 3131 5140 Alexandrino
3187 5096 3249 5136 se
3293 5081 3347 5133 in
3400 5078 3485 5133 his
3524 5090 3649 5146 quae

2066 5180 2218 5238 cordi
2269 5180 2389 5249 ejus
2447 5186 2636 5235 essent
2690 5193 2787 5249 per
2850 5175 3037 5250 omnia
3102 5179 3547 5242 cooperaturum,
3596 5166 3648 5222 si

2070 5272 2176 5330 sibi
2236 5273 2290 5327 in
2333 5270 2625 5328 calumniis
2669 5278 2865 5326 contra
2910 5265 3230 5321 Flavianum
3260 5270 3317 5316 et
3348 5257 3646 5315 Eusebium

2071 5363 2192 5432 ipse
2226 5370 2582 5417 concurreret
2608 5375 2710 5431 pro
2755 5358 3107 5429 Eutycheque
3145 5357 3436 5421 satageret.
3470 5349 3649 5406 Movet

1895 5498 2130 5556 NOTtE.

460 5614 569 5682 ll5)
608 5610 1020 5667 Benedictioncs.
1056 5606 1120 5661 γ.
1156 5604 1470 5682 Meuaniam
1500 5600 1573 5682 ad
1597 5598 1960 5682 goncordiam

386 5670 722 5739 restt'at'ntn.
762 5681 1129 5737 Flodonrsluut
1201 5676 1342 5731 Hist.
1388 5673 1529 5727 Ετίι.
1590 5670 1738 5726 ReJn.
1781 5686 1842 5729 ti.
1879 5670 1967 5723 Η.

385 5755 551 5810 Furit.

2145 5598 2254 5671 (i6)
2297 5595 2451 5663 Quod
2507 5588 3222 5671 foetum,Fabrotus._itiem
3268 5602 3393 5642 mox
3457 5602 3646 5643 aureas

2078 5660 2260 5741 posuit
2296 5660 2394 5740 pro
2421 5684 2485 5724 eo
2507 5660 2660 5737 'q'uod
2692 5670 2811 5719 erat
2835 5670 3009 5717 autem
3038 5660 3295 5715 Andreas.
