3906 6226
232 233 361 301 1231

1322 228 1721 290 ANAS’I‘ASII
1774 223 2396 287 BIBLIOTHECARII

3378 212 3505 278 15232

233 360 417 406 autem
469 345 536 400 ad
580 344 630 399 id
683 342 850 398 etiam
913 342 1217 409 Augustam
1268 338 1599 402 Eudociam,
1645 335 1824 392 tristia
1852 333 2365 405 Allierosolymam
2424 346 2484 387 se
2544 328 2770 392 dimitti,
2834 336 2888 382 et
2943 327 3244 395 assumptis
3310 323 3505 383 Severo

233 442 302 498 de
337 436 629 494 Pulcheria
678 442 875 501 contra
931 431 1256 486 Flavianum
1312 443 1629 485 memorans
1683 428 1827 499 apud

237 533 426 598 illam;
482 536 538 585 et
585 526 700 596 agit
763 531 996 593 uterque
1043 536 1156 593 quo
1216 523 1518 590 imperator
1586 519 1828 575 sanciret

230 620 537 677 secundum
596 614 799 685 Ephesi
855 612 1183 683 congregari
1227 610 1546 674 concilium,
1575 610 1664 665 cui
1697 608 1826 663 Dio-

231 728 396 771 scoro
440 723 679 782 praeesse
726 706 1064 772 concedunt,
1095 707 1377 761 mittentes
1426 704 1477 760 ei
1524 702 1825 759 exercitum

232 806 534 878 plurimum
584 801 639 856 in
699 799 1013 865 auxilium;
1062 812 1300 869 cumque
1330 794 1647 852 latrocinali
1687 796 1827 852 huic

230 895 472 953 concilio
502 892 878 966 praesedisset,
907 906 1019 947 non
1049 890 1302 964 permisit
1325 889 1523 946 adesse
1543 887 1822 944 notarium

230 989 399 1046 alium
419 984 675 1050 concilio,
704 982 802 1039 sed
834 996 968 1039 suos
1002 989 1217 1037 tantum
1270 979 1403 1036 fecit
1431 979 1678 1036 scribere
1705 993 1828 1050 qua:

229 1078 586 1148 gerebantur.
629 1073 876 1141 Quaastio
930 1088 1061 1144 ergo
1117 1086 1243 1127 cum
1291 1071 1464 1137 ﬁeret,
1504 1071 1827 1143 exigebatur

230 1170 505 1241 Entyches
528 1168 805 1239 propriam
830 1165 1092 1223 exhibere
1118 1164 1459 1235 opinionem,
1481 1165 1576 1235 qui
1598 1179 1826 1235 respon-

228 1264 304 1318 dit
355 1263 584 1319 dicens:
617 1259 882 1329 Conﬁteor
912 1274 977 1313 ea:
1004 1257 1214 1312 duabus
1249 1257 1456 1311 naturis
1502 1257 1667 1326 fuisse
1713 1256 1825 1312 Do-

230 1357 435 1411 minum
489 1364 733 1409 nostrum
763 1360 885 1407 ante
935 1351 1356 1406 adunationem:
1386 1360 1504 1421 post
1545 1351 1827 1406 adnnatio-

230 1465 348 1503 nam
379 1461 500 1502 varo
528 1462 690 1500 unam
723 1454 977 1499 naturam
1012 1444 1301 1512 conﬁteor.
1337 1443 1493 1500 Tunc
1529 1443 1824 1502 Dioscorus

230 1542 417 1595 dixit:
453 1538 523 1595 Et
568 1555 663 1593 nos
693 1553 872 1592 omnes
904 1537 987 1592 Itis
1021 1538 1342 1594 assentimus
1366 1556 1381 1606 ;
1405 1547 1461 1594 et
1485 1539 1591 1594 loci
1637 1554 1826 1596 serva-

234 1643 385 1688 tores
419 1630 531 1703 (l7)
563 1630 783 1701 quidem
824 1630 1029 1687 Leonis
1079 1644 1233 1700 papae
1277 1628 1533 1695 Romani,
1574 1627 1824 1687 Dioscori

231 1726 479 1783 videntes
509 1725 795 1795 impetum,
828 1730 883 1778 ct
911 1721 1060 1794 quod
1093 1722 1383 1794 epistolam
1421 1738 1571 1793 papa:
1605 1723 1673 1777 ad
1702 1722 1826 1777 Fla.

232 1816 455 1870 vianum
522 1828 630 1869 non
695 1813 1019 1883 permiserit
1063 1812 1194 1883 legi,
1242 1826 1424 1883 neque
1463 1812 1611 1866 illam
1658 1826 1826 1881 quam

235 1907 304 1962 ad
340 1905 612 1977 synodum
637 1905 895 1970 miserat,
955 1902 1053 1960 sed
1103 1904 1438 1975 despexerit,
1487 1902 1746 1975 fugerunt
1773 1911 1829 1959 et

234 1996 642 2056 descenderunt
685 1997 936 2052 Romam.
1002 1994 1177 2052 Porro
1238 1997 1537 2053 Dioscorus
1595 1996 1827 2069 Eutychi

238 2088 612 2145 sacerdotium
672 2085 872 2151 reddit,
934 2085 1232 2142 Eusebium
1304 2101 1437 2142 vero
1494 2086 1710 2142 Dorilaei
1774 2094 1831 2142 et

236 2179 558 2236 Flavianum
608 2178 1281 2249 Constantinop0litanum
1340 2177 1395 2233 in
1443 2185 1694 2248 promptu
1730 2176 1830 2232 de-

240 2288 449 2344 ponere
481 2272 699 2337 habuit,
777 2271 872 2343 qui
923 2277 979 2326 et
1012 2276 1143 2324 ante
1189 2268 1591 2340 depositionem
1628 2271 1830 2342 impul-

241 2365 495 2421 sionibus
526 2373 579 2421 et
599 2360 848 2420 calcibus
869 2377 899 2417 a
932 2360 1194 2419 Dioscoro
1220 2363 1532 2420 submissus
1558 2364 1830 2421 tertianus

241 2457 410 2512 vitam
442 2456 704 2522 mutavit;
739 2453 890 2510 etde
918 2462 1119 2510 cetera
1162 2456 1212 2507 vi
1250 2453 1480 2509 militum
1534 2463 1589 2509 et
1617 2454 1831 2525 gladio-

243 2565 366 2607 rum
414 2546 663 2620 episcopi
722 2545 1079 2604 subscribere
1122 2546 1315 2601 coacti
1382 2552 1534 2601 sunt.
1587 2544 1834 2604 Domnus

244 2651 427 2699 autem
470 2639 853 2696 Antiochenus
904 2638 1221 2710 episcopus,
1263 2646 1559 2708 postquam
1598 2639 1651 2692 vi
1699 2638 1835 2695 sub-

245 2731 494 2809 scripsit,
525 2732 581 2786 in
612 2745 673 2788 se
707 2741 964 2786 reversus
991 2728 1170 2784 erexit
1196 2742 1259 2784 se
1284 2739 1481 2784 contra
1510 2728 1833 2785 Dioscorum

246 2825 571 2898 principem,
599 2820 914 2880 vociferans
945 2819 1213 2876 adversus
1241 2833 1305 2876 ea
1335 2835 1459 2892 qua:
1487 2828 1641 2891 gesta
1675 2829 1831 2885 sunt,

244 2925 300 2975 et
352 2915 690 2987 impietatem
755 2912 1052 2971 concilium
1095 2912 1411 2980 nominans,
1466 2920 1524 2968 et
1589 2912 1839 2969 subscri-

1936 427 2257 498 presbytero
2278 432 2334 480 et
2358 422 2572 478 Joanne
2601 421 2837 477 diacono
2871 418 3305 490 Hierosolymam
3346 418 3507 474 venit.

1936 519 2162 576 Disccns
2183 518 2391 574 interea
2417 516 2718 586 imperator
2759 512 2907 584 quod
2942 513 3032 569 isti
3067 520 3123 568 et
3151 512 3206 565 in
3242 511 3384 566 urbe
3414 510 3514 568 frc-

1933 619 2164 682 quenter
2215 610 2282 666 ad
2319 626 2441 666 eam
2501 608 2826 664 accederent
2875 615 2931 663 et
2988 620 3115 661 cum
3154 605 3278 676 ipsa
3327 620 3517 661 rursus

1932 703 2329 775 Hierosolymis
2357 712 2565 766 essent,
2600 701 2884 771 multaque
2911 697 3021 754 illis
3044 697 3367 768 largiretur,
3400 698 3520 751 mit-

1932 807 2053 853 tens
2109 795 2404 853 decollavit
2435 810 2554 852 eos.
2592 793 2747 849 Tunc
2800 793 3100 863 imperator
3146 791 3369 847 beatam
3401 790 3520 846 Pul-

1931 890 2172 947 cheriam
2213 889 2417 960 oppido
2442 903 2644 961 rogans
2676 885 2746 941 ad
2781 885 3090 958 imperialia
3126 885 3369 951 reduxit,
3403 900 3522 954 qua!

1931 998 2056 1039 mox
2099 983 2330 1040 mittens
2363 982 2636 1054 Ephesum
2666 979 2975 1051 asportavit
3000 978 3128 1034 inde
3153 992 3360 1047 corpus
3391 993 3524 1033 san-

1928 1076 2003 1132 cti
2036 1075 2306 1144 Flaviani,
2355 1084 2413 1132 et
2455 1091 2578 1131 cum
2614 1074 2790 1130 multo
2820 1071 3077 1130 deferens
3114 1071 3393 1139 obsequio
3430 1087 3523 1141 per

1930 1167 2172 1225 medium
2214 1168 2369 1224 urbis
2433 1165 2688 1238 sepelivit
2742 1166 2887 1235 apud
2937 1172 3164 1222 sanctos
3214 1164 3521 1232 apostolos.

1929 1260 2144 1317 Interea
2190 1260 2397 1317 Attilas
2443 1259 2673 1332 Scytha,
2705 1260 2790 1314 vir
2825 1258 2984 1312 fortis
3013 1264 3181 1328 atque
3228 1255 3518 1326 superbus,

1927 1352 2181 1423 deposito
2235 1350 2418 1407 Bdella
2473 1350 2679 1407 seniori
2738 1348 2906 1404 fratre
2966 1348 3118 1404 solus
3167 1346 3515 1419 Scytharum,

1928 1458 2068 1517 quos
2090 1442 2321 1499 "annos
2350 1451 2574 1507 vocant,
2610 1440 2954 1512 principatus
2987 1453 3179 1510 regno,
3209 1454 3305 1507 per
3338 1437 3518 1492 Thra—

1928 1552 2047 1595 cem
2104 1536 2396 1602 discurrit,
2449 1544 2504 1592 ct
2545 1549 2764 1590 onmem
2818 1534 3094 1589 civitatem
3123 1541 3179 1585 et
3216 1540 3404 1587 castra
3464 1530 3515 1586 ia

1939 1631 2258 1688 servitutem
2291 1630 2526 1700 redegit,
2565 1637 2761 1701 prarter
2794 1627 3244 1698 Hadrianopolim
3270 1636 3325 1682 et
3352 1624 3522 1683 μεη-

1930 1724 2117 1787 cliam,
2141 1739 2264 1794 quae
2288 1723 2564 1792 quondam
2604 1720 2899 1777 Perinthus
2945 1719 3271 1776 vocabatur.
3297 1716 3524 1791 Cogitur

1931 1829 2065 1886 ergo
2097 1813 2446 1870 Theodosius
2487 1812 2815 1883 legationem
2845 1810 3026 1866 Attilae
3067 1811 3314 1875 mittere,
3348 1821 3406 1867 et
3434 1827 3526 1867 sex

1932 1907 2109 1962 millia
2133 1905 2401 1961 librarum
2435 1904 2484 1960 ei
2519 1920 2618 1976 pro
2642 1918 2865 1961 recessu
2895 1902 3146 1973 praebens
3175 1902 3334 1958 mille
3366 1902 3527 1957 libra-

1933 2013 2055 2054 rum
2086 2012 2332 2053 annuum
2368 1996 2637 2052 tributum
2671 1996 2981 2066 persolvere
3008 1994 3327 2067 pollicetur.
3359 1993 3525 2064 igitur

1933 2107 2057 2147 cum
2093 2092 2343 2148 Romana
2366 2091 2543 2147 virtus
2564 2105 2595 2144 a
2625 2089 2769 2145 bello
2797 2088 3054 2145 rediisset
3075 2087 3224 2158 quod
3254 2086 3526 2144 adversus

1932 2182 2160 2238 Attilam
2201 2180 2383 2239 fuerat
2407 2180 2769 2243 destinatum,
2824 2194 2934 2233 non
2983 2177 3156 2233 multo
3178 2184 3308 2248 post
3347 2175 3525 2232 Theo-

1934 2275 2123 2332 dosius
2181 2274 2438 2331 moritur.
2486 2272 2658 2328 Porro
2710 2272 2869 2328 beata
2904 2269 3240 2337 .Pulcheria,
3283 2271 3521 2325 nondum

1936 2367 2191 2437 cuiquam
2249 2365 2600 2437 imperatoris
2656 2371 2834 2419 morte
2866 2367 3172 2432 comperta,
3238 2359 3522 2416 Marciano

1937 2458 2226 2525 accersito,
2266 2459 2325 2514 in
2390 2457 2656 2528 religione
2703 2471 2771 2513 ac
2818 2455 3087 2527 pudicitia
3138 2463 3522 2519 conversante,

1936 2566 2068 2608 sene
2099 2551 2358 2607 videlicet
2403 2559 2460 2608 et
2512 2550 2709 2608 idoneo
2757 2549 2897 2613 viro,
2940 2547 3078 2604 dicit
3108 2547 3199 2603 ei:
3254 2546 3518 2613 Quoniam

1938 2642 2227 2709 imperator
2277 2650 2521 2696 mortuus
2571 2649 2674 2705 est,
2718 2649 2771 2695 ct
2819 2656 2915 2710 ego
2967 2650 3018 2693 le
3068 2638 3200 2709 elegi
3257 2645 3509 2706 tanquam

1939 2731 2356 2800 beneplacentem
2426 2747 2494 2788 ea:
2554 2731 2698 2787 omni
2752 2740 2965 2796 senatu,
3025 2728 3089 2784 da
3142 2728 3264 2781 mihi
3303 2727 3507 2782 verbum

1936 2823 2075 2894 quod
2104 2822 2380 2878 custodias
2420 2822 2779 2894 virginitatem
2811 2836 3007 2884 meum,
3035 2833 3187 2891 quam
3239 2815 3344 2871 Deo
3373 2833 3513 2871 com-

1940 2915 2084 2982 misi,
2119 2924 2170 2970 et
2197 2914 2551 2985 pronuntiabo
2586 2923 2635 2969 te
2667 2914 3077 2981 imperatorem;
3106 2909 3253 2981 quod
3292 2923 3361 2964 eo
3411 2910 3521 2978 poi-

246 3009 488 3082 ptionem
516 3021 674 3065 suam
701 3022 953 3080 quaerens
988 3005 1260 3096 recipere.
1297 3003 1393 3063 llis
1420 3004 1663 3077 cognitis
1688 3019 1836 3077 papa
1864 3032 1911 3096 C
1939 3008 2161 3079 licente,
2211 3008 2485 3067 accersito
2524 3007 2865 3081 'patriarcha
2926 3005 3136 3077 pariter
3193 3013 3252 3059 et
3305 3009 3523 3068 senatu,

248 3101 360 3159 Leo
394 3100 612 3156 accedit
656 3114 782 3155 cum
839 3097 1100 3170 lacrymis
1129 3095 1199 3151 ad
1229 3096 1611 3168 imperatorem
1642 3095 1841 3153 Valen—
1877 3091 1909 3096 ⁷
1943 3091 2317 3172 pronuntiavit
2368 3116 2493 3158 eum
2550 3102 2938 3172 imperatorem
2978 3098 3386 3152 Romanorum.

248 3193 522 3251 tinianum
553 3192 717 3270 simul
751 3198 806 3259 et
844 3191 1143 3260 Augustas,
1189 3192 1382 3258 petens
1423 3188 1688 3259 epistolas
1731 3187 1835 3242 im-

249 3284 497 3355 peratori
563 3280 878 3338 Theodosio
952 3294 1053 3349 pro
1133 3278 1517 3335 emendatione
1573 3279 1838 3350 patranda

248 3391 467 3440 eorum,
487 3388 612 3444 qua:
640 3370 785 3445 apud
808 3371 1087 3442 Ephesum
1112 3368 1365 3439 nequiter
1385 3379 1440 3426 et
1464 3368 1841 3440 irregulariter

250 3474 376 3526 acta
403 3475 557 3530 sunt,
586 3461 982 3526 destinandas;
1013 3459 1111 3532 qui
1135 3459 1395 3517 rescribit
1423 3458 1682 3516 Eudocia:
1711 3460 1840 3517 lilia:

251 3562 363 3635 ita:
395 3556 513 3613 Hoc
565 3554 838 3610 dulcedini
884 3567 989 3609 tua:
1034 3554 1114 3608 ita
1167 3561 1350 3608 notum
1400 3569 1514 3609 esse
1546 3552 1681 3621 uolo,
1714 3553 1840 3623 quia

251 3650 550 3707 Flavianus
601 3647 782 3703 divino
816 3646 1022 3717 judicio
1054 3645 1120 3699 ab
1150 3645 1387 3701 ecclesiis
1438 3644 1636 3715 ejectus
1671 3654 1749 3701 est
1781 3653 1838 3699 ut

251 3744 550 3800 multarunt
610 3740 976 3797 tnrbationnnt
1037 3751 1248 3796 auctor.
1304 3739 1477 3796 Porro
1542 3739 1841 3798 Dioscorus

248 3836 506 3907 deposuit
530 3833 1031 3901 etTheodoretum,
1062 3840 1116 3890 et
1142 3832 1313 3896 Ibam,
1348 3841 1404 3888 et
1432 3830 1732 3899 Andream,
1779 3839 1836 3888 et

251 3928 521 3986 Domuum
548 3927 948 3984 Antiochenam
990 3933 1047 3984 et
1095 3925 1233 3983 alios
1281 3923 1589 3980 Orientales
1625 3926 1839 3997 episco-

252 4035 376 4092 pos.
439 4018 789 4076 Theodosius
851 4024 1032 4073 autem
1093 4017 1392 4087 imperator
1440 4016 1659 4073 mobilis
1721 4023 1840 4072 erat

250 4111 398 4166 omni
457 4117 621 4166 vento
673 4108 1058 4174 circumlatus,
1118 4107 1263 4163 unde
1300 4107 1449 4164 etin
1478 4106 1683 4163 chartis
1728 4121 1838 4163 non

250 4204 411 4261 lactis
447 4201 849 4260 subscribebat.
880 4198 1094 4256 Eodem
1135 4214 1280 4255 anno
1309 4199 1646 4257 Gezerichus
1688 4197 1839 4254 Van-

250 4298 432 4355 dalica
490 4297 845 4354 multitudine
894 4296 1119 4367 opimus
1168 4295 1419 4363 effectus,
1454 4304 1513 4352 et
1556 4310 1617 4352 se
1652 4308 1837 4365 regem

253 4403 461 4447 vocans
516 4396 677 4444 terra:
723 4401 793 4444 ac
842 4389 1013 4444 maris
1061 4386 1481 4455 insularumque
1517 4384 1835 4448 multarum,
1869 4373 1915 4430 ῐ)

253 4477 626 4537 Theodosium
677 4476 1067 4535 contristabat.
1127 4474 1272 4533 Sane
1317 4490 1429 4532 non
1484 4473 1659 4531 multo
1711 4482 1838 4546 post

254 4569 588 4641 resipiscens
654 4568 1035 4636 Theodosius,
1092 4578 1153 4625 et
1210 4579 1618 4639 recognoscens
1677 4582 1738 4622 se
1804 4582 1835 4623 a

254 4663 584 4734 Chrysaphii
649 4664 911 4721 versutiis
965 4661 1141 4720 fuisse
1168 4661 1482 4732 deceptum,
1513 4659 1839 4716 tristabatur

252 4770 422 4826 super
451 4755 734 4826 impietate
783 4773 850 4813 ac
896 4754 1171 4827 injustitia
1222 4768 1344 4826 qua:
1372 4753 1518 4810 facta
1573 4751 1753 4809 fuerat
1782 4752 1840 4808 in

251 4846 577 4904 Flavianum
637 4860 694 4904 et
745 4848 989 4920 reliquos
1031 4848 1343 4920 episcopos.
1397 4845 1464 4900 Et
1519 4845 1838 4918 indignatus

252 4940 606 4997 vehementer
637 4940 815 5008 primo
865 4940 1090 5010 quidem
1120 4941 1367 4996 exsulem
1411 4940 1541 4995 fecit
1589 4939 1645 4996 in
1687 4938 1839 4993 insu-

251 5035 361 5090 lam
423 5030 718 5104 quamdam
774 5031 1200 5103 Chrysaphium,
1251 5035 1307 5087 in
1354 5031 1653 5087 Eudociam
1702 5047 1835 5087 vero

250 5127 409 5184 valde
428 5134 830 5194 commovetur,
862 5124 1006 5181 hanc
1034 5125 1278 5180 omnium
1308 5124 1577 5182 malorum
1607 5138 1831 5181 causam

251 5220 558 5292 appellans,
605 5218 808 5292 quippe
845 5230 967 5290 quas
992 5222 1048 5272 et
1080 5214 1424 5273 Pulcheriam
1456 5233 1523 5272 ex
1572 5217 1832 5288 imperia-

250 5314 397 5372 libus
443 5315 699 5373 insecuta
733 5313 809 5371 sit
847 5312 1038 5378 simul,
1094 5320 1148 5369 et
1195 5309 1576 5383 improperans
1615 5310 1668 5367 ei
1711 5325 1834 5381 qua:

249 5416 497 5475 gesserat
520 5408 669 5465 circa
696 5406 1007 5464 Paulinum.
1036 5403 1131 5462 Illa
1149 5420 1282 5462 vero
1305 5404 1594 5477 desperata
1622 5404 1833 5476 rogavit

2013 3191 2201 3248 Mundi
2266 3206 2413 3248 anno
2473 3191 2635 3257 5945,
2696 3189 2896 3247 divina:
2949 3186 3351 3246 incarnatimiis
3401 3186 3525 3252 “5,

1945 3287 2257 3345 Narcianus
2287 3287 2413 3359 pius
2438 3286 2629 3343 divino
2657 3286 2880 3342 decreto
2931 3285 3239 3356 imperator
3266 3292 3525 3339 ostensus

1942 3394 2135 3436 omnes
2152 3379 2248 3450 qui
2273 3378 2329 3434 in
2354 3376 2735 3445 exsilioerant
2757 3372 3366 3431 revocavit.Pulcheria
3398 3385 3528 3427 vero

1940 3484 2203 3542 perosum
2233 3469 2638 3542 Chrysaphium
2687 3466 3003 3524 eunuchum
3040 3466 3275 3521 tradidit
3300 3462 3527 3521 Jordani

1944 3563 2056 3620 lilio
2096 3561 2347 3629 Joannis,
2382 3561 2478 3634 qui
2528 3560 2874 3633 tyrannidem
2911 3557 3055 3629 apud
3089 3558 3404 3614 Romanam
3435 3573 3531 3612 ur-

1943 3655 2064 3712 bem
2090 3656 2360 3721 exercuit,
2412 3654 2712 3725 multisque
2739 3651 2961 3709 Christo
3006 3651 3216 3708 erectis
3243 3651 3532 3717 ecclesiis,

1943 3747 2330 3819 praecipueque
2350 3747 2407 3802 in
2437 3744 2759 3802 Blachernis
2796 3743 3090 3800 laudabilis
3134 3743 3387 3797 Dominae
3420 3758 3531 3799 no-

1941 3847 2069 3897 stra:
2093 3840 2187 3897 Dei
2209 3838 2502 3897 Genitricis
2525 3840 2578 3893 in
2596 3837 2871 3909 principio
2905 3835 3123 3907 imperii
3149 3835 3225 3906 pii
3254 3835 3529 3891 Marciani

1940 3933 2232 3990 ecclesiam
2292 3932 2441 3989 fecit.
2508 3930 2682 3988 Porro
2734 3931 2929 3987 beatus
2983 3944 3124 4001 papa
3155 3929 3268 3986 Leo
3299 3930 3533 3999 scripsit

1940 4024 2243 4093 Marciano,
2300 4031 2493 4094 petens
2547 4033 2606 4080 ut
2659 4038 2785 4096 quae
2830 4031 3163 4095 praesumpta
3218 4023 3449 4079 fuerant
3497 4039 3529 4078 a

1942 4119 2206 4178 Dioscoro
2265 4126 2321 4175 et
2370 4117 2619 4190 Eutyche
2656 4116 2799 4189 apud
2819 4116 3100 4188 Ephesum
3129 4118 3184 4172 in
3215 4114 3277 4171 S.
3312 4115 3529 4171 Flavia-

1942 4227 2073 4267 num
2121 4209 2539 4282 requirerentur
2585 4223 2770 4266 coratn
2838 4208 3143 4266 universali
3188 4208 3429 4278 synodo,
3471 4218 3527 4264 et

1936 4300 2104 4371 jussit
2133 4300 2432 4371 imperator
2452 4299 2635 4370 colligi
2667 4305 2900 4355 cunctos
2927 4299 3239 4370 episcopos.
3262 4298 3529 4355 Secundo

1943 4392 2128 4463 itaque
2158 4391 2375 4463 imperii
2436 4390 2700 4446 Marciani
2751 4405 2899 4447 anno
2936 4390 3288 4447 Chalcedone
3330 4401 3529 4449 sancta

1938 4494 2133 4558 quarta
2184 4483 2330 4541 facta
2392 4492 2476 4542 est
2533 4483 2799 4557 synodus,
2849 4499 3041 4542 mense
3102 4483 3393 4552 Octobrio,
3438 4486 3524 4541 in-

1939 4578 2183 4635 dictione
2213 4578 2428 4649 quinta.
2453 4577 2721 4634 Omnibus
2754 4584 2937 4633 autem
2972 4578 3251 4647 episc0pis
3286 4578 3345 4633 in
3370 4592 3522 4633 mar-

1941 4669 2084 4741 tyrio
2119 4667 2179 4725 S.
2211 4666 2527 4740 Euphemiae
2576 4681 2684 4723 una
2744 4682 2869 4723 cum
2902 4675 3095 4724 senatu
3144 4668 3526 4724 convenienti-

1940 4762 2065 4826 bus,
2098 4760 2349 4816 discussa
2378 4767 2510 4816 sunt
2551 4774 2673 4830 quae
2693 4758 2748 4814 in
2782 4759 2959 4830 prima
3003 4759 3309 4815 indictione
3357 4774 3524 4830 super

1940 4852 2187 4925 Eutyche
2220 4861 2375 4925 gesta
2403 4860 2558 4920 sunt,
2591 4862 2646 4910 et
2689 4866 2811 4923 quae
2840 4854 2983 4922 apud
3016 4850 3296 4922 Ephesum
3330 4860 3464 4909 sunt
3490 4867 3523 4907 a

1943 4945 2211 5010 Dioscoro
2261 4953 2465 5001 temere
2529 4951 2865 5015 perpetrata.
2948 4941 3249 5011 Queritans
3337 4951 3520 4998 autem

1942 5034 2244 5093 Dioscorus
2271 5035 2343 5090 de
2372 5034 2459 5091 his
2503 5034 2571 5089 ad
2606 5033 2971 5105 ignorantiam
3008 5041 3293 5104 gestorqu
3325 5033 3521 5089 contu.

1939 5131 2056 5201 git:
2088 5130 2184 5187 sed
2211 5128 2451 5198 ell‘ugere
2485 5127 2954 5199 redargutiouem,
2986 5143 3109 5198 qua:
3132 5126 3187 5182 in
3214 5128 3359 5185 actis
3386 5126 3517 5183 εσυ-

1943 5223 2188 5290 rebatur,
2220 5237 2330 5278 non
2363 5223 2551 5278 valens
2590 5221 2897 5288 deficiebat,
2951 5230 3004 5279 et
3032 5222 3242 5277 veritas
3274 5220 3516 5277 denuda-

1941 5314 2123 5370 batur.
2173 5312 2331 5371 Tunc
2385 5314 2795 5370 excusationem
2844 5328 2954 5368 non
2996 5312 3206 5367 habens
3253 5310 3516 5366 confusus

1942 5416 2046 5462 est.
2072 5407 2135 5462 lli
2174 5422 2301 5464 vero
2331 5408 2424 5478 qui
2454 5422 2578 5463 cum
2601 5422 2668 5464 eo
2712 5406 3023 5463 latrocinali
3052 5405 3292 5461 concilio
3322 5418 3513 5459 cense-

1765 5516 2000 5574 NOTAE.

323 5611 435 5688 (Π)
469 5610 595 5666 Loci
622 5631 755 5673 serv.
818 5620 1148 5675 Anastasius
1197 5620 1251 5673 in
1305 5617 1600 5674 collatione
1631 5616 1697 5688 Si
1724 5614 1950 5672 Maximi
2000 5617 2293 5688 martyris:
2338 5638 2359 5670 ‹
2401 5622 2765 5688 compunctus
2798 5613 3064 5673 divinitus
3137 5621 3362 5686 printer,
3406 5610 3507 5665 imo

254 5682 360 5742 loci
376 5690 625 5741 servator
656 5689 924 5752 praetoris.
958 5707 977 5739 ι
1005 5688 1070 5744 γ.
1094 5690 1270 5746 Gloss.
1302 5689 1371 5745 ad
1399 5688 1623 5745 Cedren.
1658 5685 1824 5741 FABR.
