3950 6234
436 390 573 457 1233

1263 393 1632 459 HISTORIA
1661 398 2244 462 ECCLESIASTICA
2268 401 2371 463 EX
2402 402 2886 469 THEOPHANE.

3563 408 3702 477 1234

431 510 655 577 derunt,
682 507 1081 582 redarguebant
1114 526 1238 568 cum
1266 528 1433 586 super
1463 515 1715 570 violentia
1739 523 1793 572 et
1828 531 2016 573 neces-
2044 521 2093 577 Α
2120 530 2320 586 rogans
2360 534 2391 573 a
2419 517 2639 575 Maximi
2708 522 2995 594 tyrannide
3045 521 3288 581 liberari.
3320 524 3529 598 Magna.
3565 543 3701 584 vero

433 605 598 660 sitate
628 618 793 674 quam
827 604 895 659 ab
921 605 1041 676 ipso
1102 607 1462 674 pertulerant,
1520 616 1575 664 et
1596 608 1808 665 veniam
1841 622 1869 662 a
1923 604 2017 682 sy?

432 694 575 749 node
619 694 967 764 postulantes
1000 697 1205 768 recepti
1246 706 1413 765 sunt;
1464 713 1698 770 quorum
1729 715 1874 756 unus
1900 709 2019 755 erat

428 783 715 840 Juvenalis
776 785 1311 858 ilierosolymitanus
1365 789 1691 863 episcopus.
1769 787 2019 861 Cumque

430 877 726 934 defecisset
795 878 1111 948 Dioscorus,
1176 895 1288 936 non
1343 880 1552 938 habens
1604 886 2013 942 excusatoriam

429 969 724 1033 rationem,
755 970 898 1025 ultra
930 973 984 1025 in
1016 972 1225 1044 synodo
1257 989 1523 1046 apparere
1547 978 1746 1032 ‘ausus
1776 992 1884 1032 non
1909 987 2014 1033 est.

429 1057 585 1116 Tunc
618 1060 888 1132 synodus.
923 1070 1196 1132 pra‘sente
1236 1080 1458 1135 quoque
1510 1065 1840 1137 imperatore
1868 1066 2013 1122 Mar-

428 1153 586 1207 ciano
613 1163 666 1208 et
695 1160 913 1218 senatu,
940 1155 1267 1211 sententiam
1303 1157 1530 1226 protulit
1564 1166 1757 1213 contra
1792 1158 2017 1215 Diosco-

430 1261 551 1300 rum
578 1255 632 1300 et
648 1244 957 1315 Eutychen,
978 1263 1183 1320 eosque
1203 1248 1475 1320 deposuit.
1503 1251 1804 1321 imperator
1833 1259 2013 1308 autem

432 1336 754 1394 Dioscorum
782 1340 1002 1410 quidem
1028 1341 1082 1396 in
1118 1339 1353 1415 Gaugris
1381 1343 1579 1399 exsilio
1610 1345 1892 1416 relegavit,
1926 1362 2015 1418 sy-

430 1431 636 1486 nodum
666 1439 849 1487 autem
874 1434 1103 1491 laudans
1129 1434 1308 1492 dixit:
1339 1435 1559 1492 Gratias
1575 1438 1828 1507 conﬁteor
1842 1441 2015 1494 maxi-

430 1543 547 1582 mas
575 1530 812 1583 omnium
839 1538 1144 1585 nostrorum
1210 1529 1345 1598 Deo,
1387 1532 1639 1602 quoniam
1682 1532 1866 1587 ablata
1902 1535 2015 1590 dis-

428 1620 616 1675 cordia
677 1620 731 1675 in
790 1638 951 1677 unam
1013 1623 1350 1696 eamdemque
1409 1626 1788 1695 confessionem
1842 1629 2017 1682 cuncti

427 1714 804 1779 convenimus;
838 1723 892 1769 et
922 1715 1235 1774 amabiliter
1252 1715 1534 1771 honorans
1568 1726 1859 1774 sexcentos
1892 1717 2017 1773 illos

425 1802 481 1860 'et
513 1805 731 1877 triginta
763 1803 982 1875 Patres,
1028 1806 1097 1862 ad
1146 1821 1246 1862 sua
1291 1806 1346 1862 in
1376 1821 1510 1879 pace
1570 1824 2018 1881 unumquemque

428 1896 686 1952 absolvit.
725 1894 895 1952 Porro
924 1907 1283 1955 consecratus
1309 1908 1394 1957 est
1439 1899 1724 1958 Proterius
1757 1917 1860 1974 pro
1895 1901 2012 1957 Dio-

427 2001 590 2042 scoro
617 1988 912 2059 episcopus
942 1989 1306 2045 Alexandriae.

503 2078 691 2134 Mundi
728 2096 871 2135 anno
889 2080 1049 2146 5955,
1075 2080 1274 2136 divinze
1304 2081 1701 2138 incarnationis
1722 2099 1867 2139 anno
1888 2082 2013 2151 H5,

425 2170 718 2228 Pulcheria
751 2172 907 2227 beata
962 2179 1018 2227 et
1070 2174 1157 2245 pia
1218 2175 1479 2230 dormivit
1515 2174 1570 2231 in
1619 2175 1861 2242 .Christo,
1894 2193 2015 2248 qua:

425 2264 598 2318 multa
633 2263 783 2325 bona,
810 2264 940 2319 fecit
993 2273 1048 2321 et
1079 2266 1262 2322 omnia
1315 2282 1414 2322 sua
1446 2269 1783 2339 pauperibus
1812 2268 2013 2324 dereli-

426 2354 584 2424 quit;
617 2372 740 2428 qua:
771 2356 1106 2423 Marcianus,
1140 2373 1263 2413 cum
1310 2361 1482 2414 multa
1525 2368 1732 2428 essent,
1758 2361 2016 2418 alacriter

425 2447 597 2503 dedit.
625 2448 945 2505 Construxil
982 2457 1166 2506 autem
1226 2450 1419 2507 eadem
1466 2461 1521 2509 et
1548 2452 1718 2508 multa
1747 2455 2010 2518 oratoria.

425 2539 731 2611 domosque
781 2542 1120 2613 pauperibus
1161 2552 1219 2598 et
1277 2544 1613 2615 hospitibus,
1670 2559 1883 2601 necnon
1960 2552 2014 2601 et

426 2633 679 2703 sepulcra
736 2634 1047 2706 peregrinis
1088 2634 1417 2704 :cditicavit;
1471 2637 1614 2693 inter
1635 2654 1759 2709 quae
1780 2636 1837 2695 S.
1863 2638 2011 2693 Mar-

425 2726 560 2799 tyris
589 2726 873 2785 Laurentii
909 2729 1166 2800 templum
1191 2730 1526 2787 construxit.
1561 2732 1630 2785 At
1666 2746 1794 2787 vero
1829 2729 2010 2788 Theo-

423 2816 616 2875 dosius
676 2820 1003 2885 monachus,
1043 2822 1126 2876 vir
1192 2820 1441 2892 pestifer,
1473 2836 1600 2877 cum
1630 2823 2011 2881 descendisset

422 2910 629 2966 cursim
677 2910 1116 2968 Chalcedonensi
1185 2911 1333 2968 facto
1408 2915 1649 2969 concilio
1689 2913 2009 2990 Hierosoly-

421 3017 591 3070 mam,
637 3013 691 3059 et
743 3003 1031 3060 didicisset
1057 3004 1206 3075 quod
1272 3004 1520 3075 Augusta
1573 3006 1814 3062 Eudocia
1878 3024 2008 3082 erga

420 3092 750 3149 Dioscorum
799 3110 831 3149 a
880 3094 1091 3167 synodo
1131 3095 1443 3166 depositum
1488 3096 1699 3154 affectu.
1731 3097 2008 3170 ﬂagraret,

2052 1864 2090 1918 Β

2120 625 2245 665 cum
2277 612 2442 667 classi
2467 612 2829 670 Gezerichnm
2876 615 3104 670 Romam
3150 617 3496 689 navigantem
3529 619 3706 677 Maxi-

2120 716 2245 759 mus
2276 703 2476 760 timens
2511 704 2637 776 fuga
2666 722 2801 762 usus
2855 715 2939 764 est
2971 725 2984 763 :
3021 708 3076 762 hi
3121 725 3252 765 vero
3300 713 3392 782 qui
3421 729 3545 768 cum
3582 715 3704 785 ipso

2119 801 2297 859 erant,
2338 795 2734 853 interemerunt
2754 813 2903 854 eum.
2933 797 3207 858 Praeterea
3244 803 3576 861 Gezerichus
3606 823 3707 864 ne-

2119 887 2268 942 mine
2323 888 2428 943 sibi
2478 889 2770 947 resiStente
2826 891 3078 949 introivit
3135 893 3366 951 Romam
3406 897 3568 954 tertia
3615 899 3706 955 die

2120 977 2343 1034 Maximi
2370 979 2534 1050 fuga,
2562 990 2617 1036 et
2666 982 2901 1039 sublatis
2934 986 3193 1042 munibus
3233 988 3502 1057 pecuniis,
3539 997 3594 1045 et
3624 989 3708 1044 ci-

2119 1069 2305 1126 vitatis
2329 1070 2613 1128 miraculis
2649 1074 2700 1127 in
2723 1089 2890 1130 naves
2927 1077 3183 1147 receptis,
3224 1077 3277 1132 in
3315 1079 3518 1149 quibus
3548 1088 3707 1135 erant

2120 1160 2495 1217 ecclesiastica
2536 1164 2753 1219 cimelia
2780 1172 2893 1219 tota
2923 1182 2987 1220 ex
3024 1181 3181 1232 auro,
3197 1169 3474 1238 lapidibus
3498 1170 3708 1241 pretio-

2120 1251 2199 1308 sis
2220 1262 2438 1316 ornata,
2471 1262 2525 1310 et
2557 1269 2685 1309 vasa
2716 1253 3009 1323 ilebraica,
3036 1273 3159 1329 qua:
3189 1259 3347 1316 Titus
3378 1259 3704 1332 Vespasiani

2120 1345 2264 1402 filius
2313 1354 2436 1416 post
2480 1348 2853 1418 captivitatem
2920 1348 3426 1421 iiierosolymorum
3475 1350 3704 1406 Romam

2120 1434 2417 1501 detulerat,
2451 1452 2555 1491 una
2578 1453 2703 1493 cum
2736 1438 2984 1495 Eudoxia
3010 1440 3359 1512 imperatrice
3389 1457 3455 1497 ac
3491 1442 3709 1500 filiabus

2120 1525 2242 1599 ejus
2280 1527 2333 1582 in
2366 1526 2608 1582 Africam
2648 1529 2946 1601 navigavit.

2194 1618 2323 1673 Erat
2355 1628 2536 1674 autem
2600 1619 2912 1678 Marcianus
2964 1623 3257 1679 admodum
3314 1625 3708 1696 religiosus,ct

2120 1710 2318 1768 timens
2350 1713 2519 1768 Deum
2547 1755 2560 1776 ,
2590 1714 2680 1784 qui
2713 1730 2838 1770 cum
2871 1716 3078 1772 litaniis
3127 1717 3317 1789 Campi
3350 1717 3517 1786 pedes
3546 1734 3709 1773 exce—

2119 1802 2303 1872 debat,
2362 1805 2536 1860 multa
2590 1808 2877 1876 egentibus
2918 1809 3182 1865 beneficia
3228 1819 3520 1881 prtestans.
3547 1810 3704 1878 Quod

2120 1893 2344 1950 intuens
2384 1895 2673 1952 Anatolius
2698 1898 3012 1969 patriarcha
3044 1907 3098 1955 et
3120 1898 3238 1970 ipse
3267 1899 3334 1956 de
3365 1911 3564 1956 caetero
3598 1916 3706 1954 non

2119 1983 2315 2055 phorio
2339 1995 2587 2054 portatus
2624 1988 2927 2044 secundum
2964 2005 3193 2056 morem,
3254 1991 3348 2046 sed
3376 1991 3539 2061 pedes
3582 1991 3707 2045 lita-

2119 2080 2239 2132 nias
2262 2076 2470 2135 faciens
2524 2081 2830 2137 incedebat.
2862 2082 3186 2142 Timotheus
3234 2094 3416 2142 autem
3458 2085 3701 2142 lielurus

2122 2167 2403 2225 molimine
2436 2186 2566 2227 usus
2593 2180 2755 2227 noctu
2785 2175 2954 2230 cellas
3011 2177 3404 2231 monachorum
3464 2177 3708 2233 circum-

2117 2248 2722 2335 ibat,ununtquemque
2752 2281 2960 2323 vocans
2983 2283 3047 2323 ex
3078 2270 3321 2332 nomine,
3352 2285 3461 2339 quo
3484 2285 3709 2340 respon-

2117 2353 2279 2411 dente
2324 2355 2544 2412 dicebat
2572 2374 2586 2409 :
2619 2356 2733 2430 Ego
2785 2360 3005 2431 angeius
3059 2378 3177 2417 sum
3204 2362 3378 2417 dicere
3437 2364 3706 2430 omnibus,

2118 2456 2174 2498 ut
2213 2445 2504 2501 abscedant
2560 2464 2592 2502 a
2642 2451 3011 2505 communione
3059 2449 3293 2506 Proterii
3320 2463 3370 2507 et
3409 2470 3587 2508 eorum
3615 2455 3706 2525 qui

2115 2536 2445 2594 Chalcedone
2479 2556 2798 2606 convenere,
2862 2552 2914 2598 et
2961 2541 3292 2598 Timotheum
3344 2544 3608 2601 ﬂeturum
3650 2547 3705 2601 in

2113 2630 2415 2700 episcopum
2446 2633 2794 2689 Alexandriae
2822 2635 3129 2704 provehunt.

2186 2721 2377 2779 Mundi
2429 2739 2576 2781 anno
2622 2725 2788 2791 5950,
2848 2727 3050 2787 divinae
3116 2728 3519 2786 incarnationis
3557 2745 3705 2789 anno

2111 2812 2239 2881 450,
2269 2812 2380 2870 Leo
2406 2816 2638 2885 imperat
2673 2829 2975 2875 coronatus
3000 2820 3069 2874 ab
3087 2819 3341 2877 Anatolio
3366 2823 3704 2891 patriarcha.

2114 2904 2442 2964 Timotheus
2473 2924 2603 2966 vero
2632 2923 3001 2982 cognomento
3038 2913 3275 2971 lieiurus
3318 2915 3703 2971 Alexandriam

2113 2998 2390 3055 civitatem
2429 3001 2706 3056 turbabat.
2730 3001 3080 3060 Multitudine
3101 3006 3303 3076 quippe
3327 3007 3701 3079 inquietorum

2112 3091 2355 3145 virorum
2381 3101 2565 3162 empta
2635 3095 2924 3164 tyrannice
2956 3096 3306 3154 Alexandria:
3339 3098 3525 3155 sedem
3554 3099 3703 3154 obti-

422 3187 591 3258 eoepit
642 3187 883 3245 clamare
939 3187 1205 3245 adversus
1268 3190 1541 3262 synodum
1599 3192 1758 3264 quasi
1804 3204 2010 3250 rectam

2117 3181 2258 3244 nuit,
2291 3189 2503 3236 etcum
2560 3183 2847 3255 depositus
2883 3197 3052 3251 esset.
3095 3204 3126 3244 a
3174 3189 3391 3246 duobus
3436 3190 3704 3261 depositis

426 3278 584 3334 fidem
611 3279 1044 3346 subvertentem,
1075 3290 1130 3336 et
1155 3280 1437 3353 subreptis
1465 3282 1709 3354 Augusta
1741 3292 1797 3341 et
1826 3299 2014 3342 mona-

423 3371 567 3438 chis,
589 3372 829 3442 propriis
851 3372 1093 3430 caedibus
1110 3391 1243 3432 usus
1273 3390 1426 3432 more
1448 3374 1762 3445 barbarico,
1793 3378 2011 3436 archie-

422 3465 657 3520 ratieum
700 3464 961 3521 thronum
991 3469 1157 3538 rapit,
1190 3477 1245 3524 et
1280 3468 1529 3527 homines
1563 3471 1824 3544 Augusta:
1849 3473 2011 3529 mini-

425 3566 572 3614 stros
595 3557 808 3614 habens
838 3560 1129 3630 episcopos
1146 3570 1429 3631 promovet
1458 3578 1556 3635 per
1583 3565 1853 3631 civitates,
1885 3581 2008 3622 cum

425 3654 668 3726 episcopi
698 3654 879 3711 adhuc
930 3661 1121 3710 essent
1162 3654 1216 3708 in
1249 3655 1481 3727 synodo.
1515 3657 1871 3713 Severianum
1906 3675 2008 3715 au-

427 3756 535 3800 tem
585 3747 907 3818 episcopum
951 3747 1370 3818 Scythopoleos,
1402 3747 1495 3818 qui
1527 3764 1636 3803 non
1682 3749 1861 3806 fuerat
1887 3752 2009 3822 ejus

425 3838 568 3892 maia
596 3838 855 3908 opinione
881 3839 1166 3910 deceptus,
1202 3855 1234 3894 a
1267 3839 1488 3894 civitate
1514 3840 1722 3910 pellens
1769 3843 2006 3907 occidit;

425 3938 480 3984 et
502 3930 761 3988 excitavit
791 3933 1255 4002 perseverantiam
1290 3940 1481 3986 contra
1506 3933 1628 3988 illos
1646 3934 1738 4004 qui
1771 3934 1874 3990 sibi
1899 3951 2007 3991 non

424 4025 929 4091 communicabant,
958 4034 1012 4079 et
1051 4027 1254 4081 multos
1296 4024 1518 4096 quidem
1553 4029 1843 4085 tormentis
1876 4030 2008 4087 atie—

425 4115 522 4178 cit,
578 4115 942 4185 quorumdam
998 4131 1131 4171 vero
1186 4115 1380 4171 domos
1414 4116 1640 4171 tradidit
1679 4120 1813 4188 igni,
1845 4120 1920 4176 ita
1952 4130 2009 4176 ut

423 4200 789 4258 mstimaretur
815 4203 947 4259 urbs
1003 4219 1032 4257 a
1073 4203 1329 4261 Barbaris
1357 4214 1537 4278 capta.
1576 4205 2005 4268 Necavitautem

423 4301 478 4348 et
519 4293 876 4350 Athanasium
933 4297 1224 4352 diaconum
1267 4298 1326 4354 S.
1385 4299 1851 4369 llesurrectionis,
1909 4319 2004 4361 ex-

425 4387 774 4458 probrantem
808 4397 862 4444 et
894 4397 1214 4461 arguentem
1254 4392 1377 4462 ejus
1407 4393 1765 4464 impietatem,
1800 4403 1855 4452 et
1884 4396 2006 4467 ejus

423 4488 673 4534 sanctum
707 4495 910 4551 corpus
959 4498 1057 4553 per
1090 4483 1366 4539 civitatem
1405 4486 1619 4557 pompis
1650 4488 2006 4547 circumdans

421 4571 653 4626 canibus
727 4572 979 4627 tradidit.
1040 4572 1283 4630 Domnus
1355 4591 1485 4630 vero
1554 4579 2005 4649 archiepiscopus

420 4661 796 4717 Antiochenns
827 4663 883 4716 in
922 4678 1170 4719 eremum
1224 4663 1385 4734 fugit,
1421 4673 1475 4720 et
1504 4664 1786 4725 Iuvenalis
1812 4668 2003 4725 iiiere-

421 4756 806 4827 solymitanus.
836 4755 1010 4811 l‘orro
1035 4771 1161 4810 cum
1221 4758 1488 4827 pestilens
1535 4759 1880 4817 Theodosius
1909 4778 2005 4833 per

418 4843 490 4898 20
530 4863 746 4903 menses
788 4847 1047 4901 thronum
1106 4846 1662 4921 Hierosolymitanum
1708 4855 1999 4923 tenuisset,

414 4937 606 5008 jussus
638 4950 722 4996 est
783 4940 1212 5011 comprehendi;
1271 4942 1367 5012 qui
1403 4942 1619 5013 fugiens
1653 4944 1708 4998 in
1760 4954 2000 5003 montem

421 5031 662 5090 Sinzeum
691 5034 1040 5105 properavit;
1076 5050 1185 5105 quo
1242 5033 1369 5105 fuga
1429 5034 1586 5106 lapso
1612 5038 1737 5092 una'
1759 5054 1883 5094 cum
1916 5041 2002 5097 his

418 5140 559 5196 quos
612 5125 729 5194 ipse
794 5132 1140 5195 provexerat,
1193 5125 1392 5181 iterum
1439 5124 1720 5184 Iuvenalis
1740 5130 1998 5187 thronum

418 5233 579 5276 suum
597 5219 827 5289 recepit.
1087 5287 1091 5291 _

488 5310 702 5367 interea
754 5309 1028 5367 Maximus
1074 5311 1293 5368 Maximi
1349 5330 1520 5385 nepos
1557 5325 1854 5389 tyrannum
1888 5320 2001 5376 Va-

372 5452 373 5455 η
418 5404 779 5461 lentinianum
840 5405 1097 5475 peremit,
1162 5415 1216 5462 et
1266 5408 1529 5464 Eudoxiae
1575 5411 1630 5465 vi
1690 5412 1999 5470 associatus

418 5495 708 5567 imperium
740 5510 962 5565 quoque
1013 5495 1288 5550 obtinuit:
1326 5511 1425 5567 per
1451 5512 1574 5568 quae
1613 5512 1850 5570 namque
1875 5503 1999 5569 quis

415 5596 629 5657 peccat,
661 5603 757 5658 per
788 5602 851 5642 ea
872 5602 1092 5658 quoque
1120 5595 1175 5642 et
1208 5588 1530 5657 corripitur.
1564 5589 1710 5645 Inter
1731 5590 1846 5646 haec
1867 5607 1999 5663 ergo

419 5673 667 5752 Eudoxia
697 5686 981 5733 eoarctata
1007 5687 1057 5732 ct
1083 5679 1297 5733 nullum
1323 5679 1437 5735 fore
1458 5680 1722 5736 auxilium
1741 5696 1770 5735 a
1789 5681 1998 5754 Byzan-

417 5769 497 5824 tio
511 5768 819 5827 Theodosio
838 5782 989 5842 patre
1022 5787 1125 5827 suo
1155 5781 1209 5827 et
1247 5772 1534 5828 Pulcheria
1571 5772 1847 5830 defunctis
1879 5776 1996 5830 exi-

416 5862 670 5931 stimans,
714 5864 945 5921 arcessit
1003 5863 1361 5923 Gczcrichum
1418 5865 1484 5921 ad
1520 5866 1704 5924 urbem
1740 5865 1993 5936 Romam,

2115 3272 2456 3342 provehitur.
2525 3273 2681 3331 Unde
2729 3279 2914 3332 omnia
2964 3281 3224 3338 scandala
3256 3297 3424 3354 penes
3467 3282 3704 3338 Alexan-

2113 3365 2291 3421 driam
2321 3378 2439 3423 orta
2496 3378 2626 3424 sunt
2662 3373 2924 3428 :cunctis
2956 3374 3102 3429 enim
3138 3376 3289 3431 orbis
3326 3384 3489 3432 terrae
3517 3391 3706 3433 sacer-

2112 3453 2336 3514 dotibus
2372 3460 2749 3517 delinitienem
2813 3465 3008 3537 synodi
3062 3464 3529 3523 Chalcedonensis
3570 3469 3707 3525 reci.

2112 3551 2416 3621 pientibus,
2435 3555 2539 3610 iste
2560 3556 2830 3618 scelestus
2856 3557 3010 3613 rabie
3032 3559 3269 3628 quadam
3294 3560 3533 3616 infectus
3557 3561 3703 3631 inju-

2110 3642 2210 3698 riis
2236 3646 2546 3716 appetebat,
2582 3655 2637 3700 et
2669 3649 3051 3704 ordinationes
3096 3651 3482 3722 episcoporum
3529 3652 3699 3706 facie-

2110 3735 2228 3801 bat,
2261 3751 2387 3791 cum
2419 3745 2567 3793 esset
2588 3738 2703 3808 ipse
2725 3740 3097 3807 inordinatus,
3123 3751 3179 3798 et
3202 3743 3535 3812 baptizabat,
3573 3760 3697 3800 cum

2113 3827 2399 3898 presbyter
2429 3844 2538 3884 non
2570 3830 2883 3886 exsisteret.
2937 3832 3139 3888 Beatus
3190 3845 3374 3889 autem
3413 3835 3701 3893 Proterius

2111 3921 2356 3977 sentiens
2380 3930 2571 3976 Contra
2604 3937 2663 3978 se
2695 3922 3008 3979 confectum
3042 3927 3335 3982 concilium
3368 3929 3464 3984 dat
3515 3929 3697 3984 locum

2113 4011 2228 4078 iraa,
2260 4021 2314 4067 et
2345 4014 2521 4083 prima
2558 4014 2648 4070 die
2685 4013 2913 4087 Paschae
2945 4018 3012 4072 ad
3073 4020 3389 4076 venerabile
3433 4021 3701 4093 baptiste-

2112 4104 2255 4160 rium
2311 4103 2466 4176 fugit.
2522 4107 2620 4160 Ast
2655 4106 2748 4165 ille
2772 4108 3097 4164 Antichristi
3142 4126 3471 4181 praecursor,
3518 4128 3705 4183 neque

2112 4208 2361 4254 sanctam
2398 4197 2541 4253 diem
2581 4214 2759 4271 neque
2790 4199 3018 4256 colenda
3058 4201 3176 4256 loca
3208 4204 3501 4268 reveritus,
3532 4206 3702 4259 mittit

2110 4299 2164 4345 et
2198 4289 2404 4346 occidit
2433 4291 2708 4347 insontem
2768 4293 3105 4365 pontificem,
3146 4310 3254 4350 una
3277 4310 3401 4352 cum
3452 4313 3545 4353 sex
3575 4297 3719 4352 aliis

2113 4382 2205 4450 qui
2265 4392 2424 4436 erant
2472 4398 2596 4437 cum
2653 4384 2809 4455 ipso;
2848 4394 2902 4441 et
2951 4387 3174 4443 niuibus
3220 4389 3498 4446 trahentes
3535 4388 3698 4461 hujus

2112 4474 2346 4530 cadaver
2392 4491 2421 4529 a
2474 4488 2669 4531 saneto
2731 4478 2949 4534 lavacro
2979 4479 3303 4542 emiserunt,
3339 4490 3387 4536 et
3437 4497 3700 4552 pompose

2038 4547 2085 4603 Ι)
2112 4579 2209 4634 per
2266 4565 2544 4621 civitatem
2606 4575 2882 4638 portatum
2921 4577 3203 4639 postremo
3231 4570 3396 4624 etiam
3431 4547 3540 4641 igni
3570 4547 3699 4626 sine

2114 4658 2223 4712 ulla
2300 4659 2680 4715 misericordia
2737 4660 3122 4730 prodiderunt,
3153 4671 3209 4717 et
3240 4662 3455 4719 cineres
3488 4664 3609 4733 ejus
3643 4666 3695 4719 in

2114 4765 2295 4805 acrem
2352 4761 2805 4821 consperscrunt.
2872 4751 3076 4807 Eodem
3129 4768 3276 4810 anno
3324 4755 3563 4811 delatum
3610 4765 3697 4812 est

2110 4859 2312 4912 corpus
2345 4842 2406 4897 S.
2442 4844 2748 4898 Anastasia:
2786 4858 2815 4896 a
2857 4842 3096 4915 Syrmio,
3151 4856 3206 4900 et
3250 4847 3548 4917 repositum
3611 4856 3697 4905 est

2111 4936 2164 4989 in
2202 4937 2407 5006 templo
2470 4936 2589 5005 ejus
2640 4937 2691 4990 in
2726 4937 3026 5007 porticibus
3061 4936 3340 4995 Domnini.
3372 4940 3693 4998 Timotheus

2111 5038 2291 5084 autem
2327 5027 2562 5084 iielurus
2598 5031 2806 5100 scripta
2850 5031 3032 5102 magni
3073 5031 3263 5105 Cyrilli
3290 5050 3398 5091 non
3428 5035 3573 5091 edita
3603 5051 3692 5090 re-

2111 5122 2412 5193 periensin
2462 5123 2651 5178 multis
2698 5123 2839 5180 locis
2888 5125 3237 5192 adulteravit,
3296 5127 3457 5183 sicuti
3500 5126 3694 5182 scribit

2111 5214 2306 5270 Petrus
2357 5215 2787 5271 Alexandrinus.
2827 5215 3087 5286 Sequenti
3124 5233 3255 5274 vero
3276 5233 3421 5272 anno
3450 5216 3561 5270 Leo
3590 5218 3692 5269 im-

2110 5315 2329 5376 perator
2359 5307 2546 5377 iniqua
2571 5305 2805 5365 Proterii
2827 5323 3006 5367 morte
3023 5318 3077 5364 et
3112 5311 3315 5380 injusta
3342 5308 3531 5364 llcluri
3559 5324 3687 5380 pro-

2110 5402 2349 5456 mntione
2412 5410 2737 5471 comperta,
2827 5403 3052 5458 mittens
3115 5402 3422 5458 Caesaream
3481 5402 3689 5474 linguis

2111 5494 2377 5547 mutilatis
2436 5494 2634 5550 exsilio
2685 5494 2952 5563 relegavit
3002 5510 3100 5550 eos
3153 5496 3247 5566 qui
3297 5494 3532 5551 Proterii
3565 5494 3688 5551 neci

2108 5585 2656 5640 communicaverunt
2704 5600 2718 5637 :
2778 5582 3071 5641 Timotheo
3119 5601 3250 5641 vero
3311 5590 3547 5642 scelesto
3593 5587 3689 5640 ad-

2107 5676 2252 5737 versi
2289 5676 2368 5732 nil
2420 5675 2629 5743 intulit,
2683 5675 2952 5746 judicium
3004 5678 3059 5732 in
3088 5693 3214 5733 eum
3254 5679 3444 5735 dicens
3482 5678 3689 5734 inferre.

2107 5770 2446 5828 antistitibus
2468 5771 2783 5825 convenire.
2809 5771 2912 5837 Qui
2930 5770 3142 5829 litteras
3164 5772 3230 5828 ad
3252 5772 3689 5841 uniuscujusque

2108 5864 2398 5935 provincizc
2458 5863 2609 5920 misit
2662 5863 2966 5934 episcopos,
3033 5876 3091 5920 ut
3130 5867 3329 5938 singuli
3379 5865 3687 5922 scriberent
