3950 6234
258 325 398 393 1235

1350 322 1748 383 ANASTASII
1799 322 2429 387 BIBLIOTIIECARII

3384 332 3531 397 1236

252 440 358 495 sibi
387 437 669 509 proprium
702 447 949 495 sensum,
984 438 1166 485 utrutn
1199 445 1319 500 qua:
1352 430 1493 501 apud
1523 428 1831 486 Cltalcedo-
1858 438 1906 498 Α
1936 431 2087 485 muni
2119 430 2372 488 Julianus
2409 432 2636 505 quidam
2703 433 3003 506 cpiscopus
3048 436 3356 494 Antiochia
3393 457 3531 511 pro-

255 546 378 588 ttem
409 530 633 585 definita
671 531 799 582 sunt
842 524 947 579 sibi
1001 523 1303 592 placerent,
1335 532 1389 577 et
1431 537 1598 592 super
1645 519 1832 577 Heluri

253 624 535 681 creatione
564 619 693 691 quid
720 619 991 673 dicerent.
1041 616 1189 672 Inter
1220 631 1361 687 quos
1408 626 1462 669 et
1496 615 1555 671 S.
1592 614 1833 672 Simeotti

255 716 455 789 stylitre
493 720 547 768 et
578 709 768 767 Bardze
796 710 1072 765 monacho
1103 718 1268 780 atque
1305 707 1509 764 Jacobo
1536 709 1831 763 miraculo-

255 823 376 863 rum
408 801 677 876 patratorl
733 800 983 872 scripsit,
1004 809 1326 856 contestans
1351 808 1411 854 ut
1461 799 1534 854 ita
1562 799 1831 871 judicium

252 896 757 956 controversiarum
808 894 1215 964 depromerent,
1259 901 1318 947 ut
1349 902 1533 949 essent
1566 893 1832 947 rationem

256 990 366 1046 Deo
424 993 755 1043 cunctorum
815 984 1051 1040 Domino
1110 985 1405 1041 reddituri.
1468 983 1571 1051 Qui
1641 999 1834 1040 omnes

255 1081 590 1138 unanimiter
620 1088 677 1135 et
707 1086 1082 1135 consonanter
1105 1087 1161 1135 et
1201 1076 1706 1134 Chalcedonensetn
1736 1092 1832 1148 sy-

255 1171 459 1228 nodum
518 1178 767 1229 sanctam
821 1186 947 1226 esse
968 1170 1264 1233 afﬁrmant,
1329 1179 1383 1224 et
1420 1170 1715 1224 tertninum
1766 1171 1836 1224 ab

256 1264 373 1336 ipsa
436 1262 820 1334 depromptum
876 1263 1207 1325 admittunt,
1257 1258 1601 1315 Timotheum
1652 1267 1834 1313 autem

255 1367 628 1414 consenanter
661 1356 1236 1429 reprobanttanquam
1273 1353 1603 1408 homicidam
1633 1353 1839 1424 pariter

257 1460 312 1507 et
342 1449 683 1506 hareticum.
713 1448 1009 1520 Satagebat
1037 1455 1216 1503 autem
1269 1458 1320 1502 et
1351 1445 1668 1501 Gennadius
1693 1445 1839 1515 apud

258 1544 647 1615 imperatorem
681 1558 794 1614 quo
849 1542 1214 1597 ulcisceretur
1268 1555 1433 1610 super
1480 1538 1567 1595 his
1604 1554 1726 1608 qua:
1759 1547 1840 1593 te-

259 1650 408 1691 mere
440 1634 657 1715 fuerant
690 1642 1042 1705 perpetrata;
1082 1633 1173 1687 cui
1215 1649 1246 1688 e
1287 1632 1511 1687 diverso
1546 1630 1841 1687 resistebat

257 1730 435 1800 Asper
466 1728 726 1783 Arianus.
752 1726 925 1782 Porro
954 1728 1252 1797 imperator
1279 1726 1401 1797 pius
1426 1724 1688 1782 llelurum
1713 1725 1840 1795 qui-

1937 531 2212 579 movetur.

2011 613 2213 671 Eodem
2268 631 2415 671 anno
2465 617 2768 673 translatus
2819 631 2903 674 est
2952 621 3092 690 apud
3133 622 3534 679 Alexandriam

1936 709 2206 778 propheta
2234 707 2504 765 liciiszeus
2532 710 2586 765 itt
2621 712 3018 767 monasterium
3064 712 3219 767 Pauli
3266 714 3479 786 leprosi
3518 732 3537 770 :

1938 797 2219 867 leprosum
2283 800 2426 854 enim
2489 800 2728 863 sanavit,
2778 810 2834 855 et
2867 802 3147 873 leprosum
3184 802 3339 871 fecit,
3372 814 3429 860 et
3475 806 3537 859 in

1936 905 2001 944 ea
2032 906 2153 959 qua:
2191 890 2392 960 leprosi
2432 902 2593 947 erant
2627 893 2928 948 translatus
2958 902 3066 948 est.

1950 992 1951 995 ‘
2008 980 2169 1035 Circa
2202 982 2316 1036 haec
2353 990 2595 1053 tempora
2643 983 2940 1038 Antbimus
3004 991 3060 1038 et
3097 984 3379 1042 Timoeles
3413 995 3543 1041 tro-

1941 1073 2220 1144 pariorunt
2261 1073 2495 1131 factores
2517 1078 2983 1146 agnoscebantur.
3004 1079 3273 1134 Praeterea
3296 1078 3540 1136 Cassius

1939 1181 2181 1239 quaestor
2218 1168 2594 1224 Antiochenus
2624 1178 2789 1241 atque
2817 1171 3182 1242 philosophus
3227 1176 3540 1246 derogatus

1939 1270 2025 1317 est
2050 1261 2194 1332 apud
2228 1261 2618 1332 imperatorem
2651 1272 2710 1317 ut
2771 1279 3042 1335 paganus,
3077 1274 3134 1321 et
3155 1266 3325 1336 jussit
3358 1269 3545 1338 impe~

1943 1360 2093 1407 rator
2122 1353 2429 1408 examinari
2459 1369 2586 1409 eum
2612 1369 2643 1408 a
2675 1356 2934 1425 praefecto
2966 1360 3351 1428 prtetoriorutn
3381 1361 3541 1416 Con-

1943 1443 2322 1515 stantinOpoli.
2370 1442 2625 1515 Cumque
2707 1444 3006 1502 duceretur
3063 1449 3118 1502 itt
3185 1449 3539 1521 Zeuxippum

1942 1541 2164 1596 vinetus
2198 1549 2506 1596 retrorsum
2546 1543 2825 1608 manibus,
2856 1543 3000 1597 dixit
3052 1544 3120 1598 ad
3161 1561 3286 1599 eum
3320 1545 3543 1606 Posetts

1944 1637 2233 1708 praefectus
2263 1656 2276 1691 :
2321 1635 2569 1701 Videsne,
2602 1654 2631 1692 ο
2670 1637 2847 1705 Cassi,
2879 1640 2935 1692 in
2969 1656 3077 1709 quo
3104 1640 3289 1697 habita
3325 1645 3543 1697 consti-

1948 1740 2091 1785 tutus
2116 1731 2189 1787 sis
2210 1732 2235 1785 ?
2254 1729 2356 1797 Qui
2382 1732 2460 1786 ait
2493 1747 2508 1785 :
2550 1731 2730 1796 Video,
2754 1742 2803 1789 et
2834 1748 2937 1787 non
2964 1735 3134 1787 miror
3161 1750 3181 1789 :
3210 1734 3366 1789 homo
3392 1738 3544 1790 enim

260 1821 384 1877 dem
428 1819 572 1893 apud
594 1821 842 1892 Gangras
886 1820 1085 1875 exsilio
1136 1819 1437 1890 relegavit:
1476 1819 1592 1888 ipse
1624 1832 1758 1873 vero
1786 1826 1841 1873 et
1872 1802 1918 1857 Β
1947 1841 2067 1878 cum
2106 1824 2233 1887 sint,
2262 1824 2524 1880 humanas
2569 1827 2772 1880 incurri
2812 1828 3176 1882 calamitates.
3206 1826 3310 1884 Sed
3340 1827 3547 1898 judico

263 1915 374 1971 illic
407 1915 573 1987 coepit
602 1915 983 1971 conventicula
1018 1929 1355 1985 congregare
1388 1913 1842 1984 turbationesque

265 2017 506 2079 patrare,
540 2025 683 2079 quas
728 2008 1078 2079 comperiens
1137 2007 1435 2077 imperator
1486 2022 1676 2062 rursus
1716 2019 1843 2061 eum

264 2101 320 2157 in
351 2102 607 2157 exsilium
643 2102 796 2159 misit
829 2101 974 2173 apud
1005 2100 1363 2163 Chersonam.
1400 2109 1453 2156 et
1486 2110 1846 2156 consecratus

262 2199 348 2247 est
383 2208 483 2264 pro
516 2207 582 2248 eo
610 2194 905 2264 episcopus
949 2190 1295 2245 Alexandria:
1352 2189 1675 2246 Timotheus
1702 2189 1846 2244 alius

263 2293 630 2357 cognomento
686 2285 919 2350 Leucos,
953 2286 1049 2357 qui
1097 2293 1151 2340 et
1176 2284 1599 2355 Salopbacialus
1627 2299 1846 2339 nuncu-

266 2387 452 2451 patur,
485 2379 569 2434 vir
591 2378 936 2435 orthodoxus
966 2388 1020 2433 et
1050 2378 1228 2434 bonus
1265 2376 1593 2448 cunctisque
1619 2391 1847 2448 prorsus

267 2473 541 2529 amabilis.
601 2472 816 2528 Interea
867 2481 1024 2527 vasto
1059 2471 1317 2527 incendio
1369 2470 1848 2540 Constantinopoli

268 2565 435 2632 facto,
470 2564 784 2620 Marcianus
810 2579 1130 2619 meonomus
1152 2564 1464 2619 ascendens
1490 2578 1656 2633 super
1692 2571 1848 2633 tegu-

269 2658 350 2713 las
380 2657 437 2713 S.
479 2656 806 2723 Anastasite;
844 2665 1037 2712 tenens
1094 2656 1472 2728 Evangelium,
1504 2656 1850 2711 orationibus

268 2754 325 2802 et
349 2747 609 2819 lacrytnis
638 2746 863 2801 illmsam
893 2746 1118 2801 domum
1144 2746 1402 2801 servavit.
1432 2744 1852 2816 Sequentianno

268 2854 394 2893 cum
431 2838 611 2909 pictor
640 2837 860 2909 quidem
890 2838 1117 2909 pingere
1164 2838 1507 2892 Salvatoretn
1546 2836 1850 2893 secundum

269 2930 684 2988 similitudinem
703 2928 855 2985 Jovis
886 2926 1613 3001 prtesutnpsisset,’arefacta
1632 2935 1850 2984 estma-

271 3040 377 3081 nus
403 3024 557 3095 ejus;
586 3039 747 3095 quem
781 3032 1061 3094 peccatum
1089 3038 1248 3078 suum
1289 3022 1603 3079 confessum
1635 3021 1853 3078 sanavit

270 3117 610 3175 Gennadius.
641 3118 809 3172 Aiunt
833 3118 978 3173 enim
1022 3116 1241 3187 quidam
1268 3115 1659 3171 historicorum
1704 3113 1849 3184 quod

272 3212 471 3283 crispis
504 3220 558 3268 et
596 3212 736 3266 raris
763 3212 976 3280 capillis
1006 3210 1229 3265 schema
1276 3209 1330 3262 in
1364 3208 1651 3263 Salvatore
1681 3206 1853 3276 magis

271 3304 628 3359 vernaculum
687 3304 781 3358 sit.
829 3301 933 3356 Per
987 3301 1129 3355 idem
1164 3310 1379 3369 tempus
1406 3298 1515 3353 Leo
1553 3299 1854 3369 imperator

273 3396 551 3453 Zenonem
577 3411 837 3465 generum
866 3410 1027 3450 suum
1056 3392 1436 3462 magistratum
1453 3392 1620 3447 totius
1660 3389 1853 3446 Orien-

275 3489 348 3545 tis
370 3487 521 3552 fecit,
539 3496 594 3543 et
614 3487 940 3542 Basiliscum
958 3484 1185 3539 fratrem
1218 3483 1437 3540 Verina:
1457 3486 1715 3554 Augusta:
1742 3498 1855 3536 nta-

274 3581 559 3650 gistratutn
595 3579 823 3634 Thraca!
862 3576 1170 3634 constituit.
1206 3574 1355 3631 Zeno
1411 3583 1594 3630 autem
1629 3574 1855 3630 veniens

275 3672 621 3731 Antiochiam
674 3671 884 3726 invenit
909 3670 1225 3741 episcopum
1248 3668 1302 3723 in
1327 3682 1388 3723 ea
1411 3682 1630 3723 sacrum
1654 3665 1856 3738 Marty-

280 3767 443 3822 rium.
472 3764 668 3821 Petrus
690 3775 871 3819 autcm
886 3762 1177 3834 Cnapheus
1199 3760 1533 3831 sequebatur
1554 3757 1853 3823 Zenonem,

276 3876 399 3930 cum
448 3867 593 3916 esset
646 3858 959 3930 presbyter;
1016 3856 1110 3927 qui
1162 3854 1502 3926 persuadens
1563 3852 1767 3908 Zenoni
1796 3858 1855 3905 ut

277 3929 793 4022 sibicooperaretur
820 3949 886 4004 ad
906 3945 1290 4003 conducendos
1317 3944 1567 4001 mercede
1582 3944 1854 4015 quosdam

276 4042 599 4116 Apollinarii
641 4049 964 4105 sectatores,
996 4039 1368 4094 turbationum
1396 4036 1535 4092 dena
1564 4037 1731 4091 millia
1763 4052 1861 4095 cx-V

278 4138 414 4195 citat
448 4144 640 4192 contra
688 4134 846 4190 fidem
889 4142 944 4189 et
1000 4131 1323 4204 Martyrium
1385 4130 1744 4202 episc0putn;
1801 4136 1857 4184 et

279 4228 703 4286 anatltetn'atizat
725 4242 820 4283 eos
839 4227 934 4297 qui
968 4243 1074 4281 non
1105 4225 1295 4279 dicunt
1321 4222 1489 4279 Deum
1528 4222 1855 4277 cruciﬁxum

278 4337 424 4388 esse,
455 4328 511 4377 et
532 4320 790 4377 scindens
832 4317 1091 4390 populum
1137 4316 1546 4370 Antiochenam
1602 4314 1752 4369 addit
1800 4315 1855 4367 itt

282 4415 511 4488 trisagio
562 4414 767 4487 hymno
802 4412 951 4479 ιριιὶ
1005 4410 1294 4478 cruci/ints
1360 4424 1413 4462 es
1473 4416 1687 4478 propter
1736 4424 1853 4461 nos.

1944 1919 1998 1972 in
2028 1933 2130 1982 me,
2169 1929 2227 1973 ut
2258 1934 2461 1973 mecum
2506 1918 2820 1987 judicabas.
2845 1916 3061 1984 Quibus
3105 1919 3309 1975 auditis
3334 1922 3548 1976 concio

1944 2010 2189 2067 laudavit
2237 2012 2623 2082 imperatorem
2654 2049 2670 2075 ,
2722 2024 2833 2081 quo
2880 2020 3175 2081 comperto
3227 2012 3545 2082 imperator

1945 2107 2164 2177 gavisus
2191 2114 2276 2162 est
2311 2113 2369 2160 et
2394 2104 2607 2160 dimisit
2636 2119 2760 2159 eum
2802 2104 2857 2158 itt
2893 2106 3173 2175 regionem
3206 2118 3391 2162 suam.

2017 2196 2205 2251 Mundi
2223 2211 2368 2251 anno
2388 2195 2553 2259 5965,
2577 2195 2777 2250 divinae
2802 2195 3206 2251 incarnationis
3238 2211 3391 2252 anno
3411 2198 3550 2262 463,

1948 2305 2072 2345 cum
2102 2288 2349 2344 Eudoxia
2386 2288 2567 2360 neptis
2601 2287 2898 2345 Theodosii
2929 2288 3208 2345 sexdecim
3258 2303 3446 2347 annos
3483 2290 3548 2344 in

1948 2381 2132 2436 Africa
2154 2397 2278 2437 cum
2310 2380 2430 2436 viro
2474 2396 2576 2437 suo
2620 2379 2897 2437 Honorico
2941 2381 3193 2447 fecisset,
3219 2388 3275 2437 et
3302 2397 3549 2452 puerum

1949 2472 2288 2528 Gildericutn
2336 2487 2401 2527 ex
2465 2471 2587 2541 ipso
2647 2472 2949 2543 genuisset,
2988 2470 3208 2543 ditlicile
3258 2470 3552 2527 ferebatur

1950 2580 2079 2637 erga
2112 2565 2395 2628 maritum,
2427 2580 2551 2619 cum
2608 2542 2757 2620 esset
2783 2563 3041 2619 Arianus.
3077 2542 3238 2620 Unde
3273 2562 3428 2618 aditu
3455 2564 3552 2618 in-

1951 2665 2116 2714 vento
2142 2655 2270 2727 fuga
2309 2658 2464 2728 lapsa
2520 2657 2666 2712 venit
2702 2654 3168 2726 Hierosolymam,
3203 2664 3259 2710 et
3291 2654 3553 2712 adoratis

1952 2746 2369 2802 venerabilibus
2401 2746 2558 2812 locis,
2590 2746 2943 2815 salutatoque
2987 2746 3247 2816 sepulcro
3282 2744 3553 2801 Eudocia:

1952 2842 2089 2897 aviae
2144 2855 2277 2906 suae,
2342 2852 2408 2894 ac
2470 2839 2664 2910 paucis
2692 2838 2888 2894 diebus
2920 2838 2972 2892 itt
3017 2846 3210 2894 sancta
3255 2836 3552 2895 demorata

1954 2932 2197 2999 civitate,
2232 2940 2448 2985 mortua
2482 2942 2566 2986 εει
2602 2930 2658 2984 in
2686 2943 2840 3000 pace,
2874 2928 3133 2985 omnibus
3183 2936 3393 2983 sancta:
3436 2927 3553 2985 Re-

1954 3022 2283 3079 surrectioni
2310 3021 2578 3077 dimissis.

2025 3117 2214 3173 Mundi
2240 3132 2385 3172 anno
2415 3115 2577 3181 5967,
2597 3115 2798 3170 divina:
2820 3115 3226 3170 incarnationis
3251 3129 3397 3169 anno
3412 3114 3549 3180 £61,

1955 3210 2257 3267 Basiliscus
2275 3211 2327 3265 in
2347 3211 2554 3279 Campo
2571 3209 2912 3264 acclamatur
2939 3209 3260 3278 imperator.
3296 3205 3549 3263 Marcum

1957 3304 2127 3360 lilium
2161 3301 2434 3359 Cursarem
2500 3300 2650 3368 fecit,
2687 3308 2741 3356 et
2775 3299 3073 3354 Zenobiam
3109 3314 3340 3354 uxorem
3383 3312 3546 3353 suam

1955 3400 2261 3467 Augustam
2299 3394 2611 3461 coronavit,
2642 3401 2696 3449 et
2733 3393 2919 3449 statim
2958 3403 3154 3447 contra
3185 3392 3348 3447 fidem
3401 3405 3550 3463 pra!-

1956 3491 2122 3546 liatus
2156 3497 2261 3554 est,
2296 3488 2531 3544 Zenobia
2550 3487 2786 3542 maxime
2808 3487 3077 3541 incitante
3099 3487 3257 3541 illum
3278 3486 3347 3541 ad
3372 3485 3544 3550 istud,

1958 3581 2418 3652 Timocheumque
2454 3578 2716 3635 llelurutn
2774 3579 3053 3633 revocavit
3112 3594 3211 3649 per
3241 3586 3451 3649 typum,
3484 3584 3551 3632 et

1956 3672 2177 3729 Petrum
2205 3671 2484 3742 Cnaphea,
2541 3671 2631 3741 qui
2674 3670 2982 3725 absconsus
3009 3681 3128 3724 erat
3165 3670 3220 3723 itt
3265 3678 3554 3722 monaste-

1957 3764 2042 3819 rio
2080 3762 2567 3818 Acmtnetensium.
2599 3761 2665 3815 Et
2691 3769 2965 3833 quotquot
2992 3762 3083 3814 alii
3118 3760 3329 3814 inimici
3360 3760 3555 3814 sancti

1958 3854 2431 3912 Chalcedonensis
2482 3864 2640 3910 erant
2687 3854 2935 3920 concilii,
2967 3851 3300 3909 litlucialiter
3349 3862 3554 3907 contra

1958 3947 2244 4003 veritatem
2270 3948 2528 4020 agebant.
2567 3947 2803 4003 llelurus
2834 3955 3019 4002 autem
3069 3947 3420 4017 congregatis
3458 3946 3554 3999 in-

1958 4040 2163 4112 quietis
2184 4040 2497 4111 quibusque
2517 4022 2927 4106 Alexandrinis,
2945 4039 3040 4110 qui
3064 4037 3555 4105 Constantinopoli

1960 4132 2470 4204 peregrinabantur,
2512 4131 2579 4187 de
2635 4130 2836 4202 palatio
2891 4145 3015 4187 cum
3053 4130 3243 4184 litattia
3299 4130 3455 4184 venit
3493 4128 3553 4182 in

1959 4223 2274 4290 ecclesiam,
2318 4229 2509 4277 vectus
2548 4220 2745 4287 asino;
2780 4219 2874 4291 qui
2910 4219 3244 4290 perveniens
3278 4218 3335 4272 in
3364 4218 3552 4273 locum

1959 4314 2051 4386 qui
2084 4313 2290 4369 dicitur
2314 4313 2655 4384 Octagontts,
2690 4326 3068 4383 expavescens
3108 4309 3299 4379 pedem
3337 4308 3557 4363 contri-

1961 4404 2061 4472 vit,
2114 4415 2166 4461 et
2217 4420 2341 4461 cum
2392 4403 2721 4460 confusione
2764 4417 3026 4458 reversus
3076 4409 3182 4456 est.
3242 4399 3556 4454 Basiliscus

283 4510 440 4581 Quod
466 4524 531 4563 ex
552 4514 683 4562 tunc
700 4505 971 4576 hodieque
993 4502 1137 4574 apud
1158 4499 1588 4571 'l'beopascltitas
1621 4499 1729 4554 tlici
1758 4500 1857 4554 ob—
1883 4498 1937 4558 D
1965 4501 2111 4555 hunc
2140 4497 2527 4554 Alexandriam
2578 4511 2705 4551 cum
2742 4495 2885 4568 typis
2922 4501 3117 4550 contra
3143 4493 3418 4566 synodum
3446 4491 3557 4544 nti-

282 4601 467 4656 tinuit.
520 4597 816 4670 Martyrius
869 4605 1047 4651 autent
1088 4592 1156 4648 ad
1196 4593 1435 4648 Leonem
1469 4592 1853 4660 imperatorem

281 4692 452 4757 venit,
478 4700 535 4747 et
569 4697 858 4761 susceptus
881 4695 964 4743 est
1014 4702 1138 4741 cum
1174 4685 1382 4739 honore
1438 4684 1633 4745 multo,
1675 4681 1859 4736 studio

280 4783 549 4841 Gennadii
572 4782 812 4855 episcopi
832 4779 1406 4849 Constantinopoleos.
1424 4775 1659 4830 Rediens
1677 4782 1857 4829 autem

280 4877 654 4940 Antiochiam,
683 4884 739 4932 et
756 4877 1044 4932 inveniens
1067 4875 1303 4947 populos
1326 4871 1659 4928 dissidentes
1685 4869 1860 4926 Zeno-

282 4986 520 5042 nemque
550 4968 636 5027 his
662 4968 957 5034 faventem,
981 4982 1169 5023 coram
1211 4966 1446 5021 ecclesia
1506 4962 1861 5019 abrenuntia-

283 5065 360 5120 vit
382 5061 748 5135 episcopatui,
780 5061 1009 5115 dicens:
1043 5056 1197 5114 Clero
1227 5076 1331 5113 non
1353 5057 1564 5112 subdito
1591 5066 1640 5111 et
1670 5055 1861 5126 populo

282 5157 567 5214 dissidenti
602 5168 652 5211 ct
702 5154 937 5211 ecclesiis
965 5152 1228 5223 squalenti
1278 5153 1614 5217 abrenuntio,
1647 5167 1861 5206 servans

284 5250 522 5310 mihimet
550 5249 843 5307 sacerdotii
898 5247 1234 5318 dignitatem.
1264 5247 1385 5314 Quo
1425 5245 1738 5301 discedente
1761 5243 1865 5299 Pe-

286 5352 408 5400 trus
438 5342 730 5414 Cnapheus
760 5342 816 5396 iu
870 5342 1129 5396 thronum
1160 5337 1591 5393 Alexandrinum
1647 5336 1863 5405 insiliit,

287 5443 344 5493 et
370 5450 496 5492 mox
527 5434 796 5493 Joannem
836 5447 1057 5504 quoque
1082 5431 1358 5501 promovit
1388 5432 1723 5499 Apatnenum
1753 5429 1864 5499 epi-

289 5541 538 5598 scopum,
575 5528 667 5598 qui
703 5535 824 5581 erat
880 5542 946 5581 ex
999 5524 1369 5597 depositione.
1407 5521 1504 5577 llis
1549 5536 1681 5577 vero
1716 5536 1868 5576 com-

291 5618 461 5690 pertis
517 5618 837 5675 Gennadius
896 5626 1091 5675 cuncta
1150 5616 1467 5687 imperatori
1520 5614 1765 5684 exponit,
1812 5621 1869 5668 et

287 5709 446 5776 jubet
505 5705 723 5760 Petrum
781 5708 1040 5777 Cnaphea
1089 5706 1359 5762 exsiliari.
1426 5704 1584 5771 Quod
1637 5702 1866 5757 audiens

295 5800 488 5856 Petrus
525 5797 779 5853 exsilium
827 5800 955 5869 fuga
989 5799 1183 5853 evasit.
1224 5797 1505 5852 lilct-tione
1556 5811 1684 5850 vero
1715 5810 1868 5849 com-

1965 4594 2059 4659 sit,
2088 4599 2139 4647 et
2165 4590 2387 4647 Petrum
2411 4589 2668 4661 Cnaphea
2698 4587 3072 4652 Antiochiam,
3102 4594 3298 4641 contra
3346 4582 3561 4639 verita-

1967 4692 2075 4739 tem
2112 4682 2432 4738 confortans
2462 4689 2779 4749 utrumque.
2827 4678 3155 4734 Timotheus
3182 4686 3365 4732 autem
3389 4675 3557 4730 Salo-

1968 4777 2254 4849 pbacialus
2281 4775 2571 4846 cpiscopus
2613 4771 3043 4834 Alexandrinus,
3084 4770 3438 4838 comperiens
3462 4768 3561 4822 Τίς

1968 4867 2250 4921 motlteum
2282 4862 2547 4919 llelurum
2570 4862 3097 4931 advenire,recessit
3126 4861 3194 4915 ad
3215 4858 3563 4915 monasteria

1966 4959 2196 5031 Canopi.
2232 4956 2419 5013 Multis
2448 4968 2629 5013 autem
2665 4956 2881 5012 aﬂiictis
2926 4953 3165 5009 llelurus
3195 4952 3563 5007 Timotheum

1971 5053 2163 5107 laedere
2199 5065 2311 5104 non
2350 5049 2543 5114 valuit,
2569 5064 2633 5104 eo
2654 5046 2800 5118 quod
2821 5046 3147 5117 diligeretur
3174 5044 3244 5097 ab
3270 5041 3563 5096 omnibus.

1969 5144 2218 5214 Cumque
2258 5140 2639 5213 ingrederetur
2677 5138 2919 5194 llelurus
2948 5135 3368 5200 Alexandriam,
3406 5134 3565 5188 voci-

1973 5238 2294 5293 ferabantur
2346 5233 2581 5290 studiosi
2638 5232 2792 5303 cjtts,
2856 5229 2995 5287 illud
3047 5237 3210 5298 turpe
3253 5226 3561 5283 dicentes:

1973 5330 2179 5387 Cibasti
2213 5328 2458 5382 inimicos
2492 5336 2633 5393 tuos,
2664 5341 2828 5395 papa.
2864 5323 2964 5379 Ast
3016 5322 3327 5377 sceleratus
3361 5327 3565 5372 contra

1973 5422 2247 5477 clamabat
2282 5439 2296 5474 :
2334 5419 2516 5474 Etiam
2562 5434 2679 5473 νινε
2741 5416 2933 5471 cibari.
2973 5415 3078 5468 Hic
3134 5413 3339 5483 impius
3392 5411 3564 5464 etiam

1973 5514 2419 5571 Cbalcedonense
2447 5511 2742 5567 concilium
2772 5506 3291 5565 anathematizabat.
3309 5502 3565 5558 Julianus

1978 5618 2161 5664 autem
2195 5608 2572 5662 Antiochcnus
2601 5606 2893 5676 episc0pus
2931 5617 3042 5673 pra:
3077 5598 3303 5655 tristitia
3363 5610 3564 5652 eorum

1977 5716 2098 5770 qua:
2137 5699 2339 5753 fiebant
2375 5697 2668 5752 defunctus
2702 5707 2805 5749 cst.
2843 5693 3034 5748 Petrus
3056 5700 3242 5746 autem
3264 5688 3566 5760 Cnapheus

1978 5794 2042 5848 ad
2075 5794 2255 5850 sedent
2294 5792 2618 5863 perveniens
2654 5791 2708 5845 in
2750 5788 3094 5843 anathemata
3130 5792 3184 5840 ct
3218 5784 3563 5840 turbatione:
