3906 6226
289 242 427 309 1239

1379 241 1776 304 ANASTASII
1821 240 2450 310 BIBLIOTHECARII

3422 240 3561 306 1240

280 371 534 418 erantex
567 366 718 428 parte
753 358 936 414 Acaeii
971 370 1316 431 peremerunt
1352 360 1615 431 quosdam
1643 376 1709 416 ex
1753 374 1864 415 mo.
1887 358 1940 420 A
1967 363 2161 421 turbas
2189 366 2525 423 oscitantem
2553 365 2774 422 intuens
2797 363 2969 422 sedile
2995 363 3191 435 ipsius.
3240 363 3389 432 quod
3429 375 3554 418 erat

265 453 500 525 Inachis,
533 452 624 522 qui
665 451 952 520 epistolam
1003 452 1294 520 dederant,
1355 452 1627 525 quosdam
1673 459 1857 507 autem

283 547 503 616 punitos
536 545 743 600 carceri
772 544 1288 601 tradidere.Verum
1317 545 1553 601 Aeacius
1581 544 1861 600 insensate

280 656 339 693 se
365 638 554 692 habuit
580 639 729 691 circa
789 637 1216 706 depositionem,
1257 653 1568 709 nomenque
1600 637 1798 694 Felicis
1827 651 1859 692 a

279 728 551 798 diptychis
587 725 1120 782 abstulit.Pt-zeterea
1141 727 1404 784 Calandio
1426 729 1719 798 episcopus
1748 727 1862 782 An-

285 819 573 875 tiochenus
632 821 932 891 asportavit
997 835 1198 891 corpus
1254 822 1525 878 Eustathii
1579 821 1763 893 magni
1829 835 1861 876 a

282 908 567 979 Philippis,
592 909 682 965 ubi
709 919 762 966 et
790 910 989 968 exsilio
1026 922 1274 967 retentus
1303 912 1620 976 dormierat,
1653 920 1710 967 et
1737 926 1859 967 cum

284 1003 492 1057 honore
517 1003 689 1058 multo
721 1003 848 1058 huic
875 1004 1088 1060 decimo
1111 1005 1367 1059 milliario
1396 1011 1508 1060 tota
1537 1004 1732 1061 civitas
1764 1003 1862 1060 ob-

283 1098 422 1149 viam
449 1096 615 1150 venit.
644 1094 709 1151 lli
742 1112 869 1153 vero
897 1097 990 1167 qui
1017 1112 1076 1153 se
1104 1098 1172 1152 ah
1203 1096 1444 1152 Ecclesia
1475 1105 1862 1168 separaverunt

283 1198 504 1260 propter
561 1190 813 1245 eumdem
863 1200 1135 1258 sanctum,
1166 1205 1360 1246 rursus
1393 1189 1529 1245 uniti
1575 1197 1704 1245 sunt
1736 1195 1861 1261 post

283 1293 504 1340 centum
541 1302 716 1342 annos
740 1286 1087 1344 dormitionis
1107 1288 1244 1357 ejus.
1270 1286 1486 1343 Mortuo
1511 1301 1642 1343 sane
1659 1286 1862 1342 Acacio

285 1394 410 1433 cum
445 1377 734 1434 Phravitas
783 1394 880 1448 per
925 1388 1036 1435 tres
1081 1394 1296 1435 menses
1342 1379 1718 1449 episcopatum
1775 1385 1859 1434 te-

287 1471 515 1538 nuisset,
554 1471 774 1542 scripsit
796 1473 962 1528 Felici
991 1473 1132 1543 quod
1161 1474 1208 1528 ei
1232 1473 1447 1543 quidem
1483 1473 1862 1529 communica-

281 1572 388 1630 ret,
422 1563 590 1645 Petro
615 1581 744 1620 vero
809 1564 1003 1636 Moggo
1053 1582 1160 1622 non
1220 1565 1673 1622 communicaret.
1711 1564 1860 1621 Edi-

1964 457 2020 513 in
2074 458 2310 514 ecclesia
2359 459 2649 526 subvertit,
2707 458 3077 514 comminatus
3120 456 3171 511 ei
3230 456 3383 526 quod
3445 455 3554 511 nisi

1963 559 2205 604 cessaset
2259 564 2290 603 a
2331 549 2555 617 talibus,
2586 549 2842 604 tonderet
2904 559 3069 619 caput
3119 546 3242 617 ejus
3270 556 3327 601 et
3380 547 3559 602 turbis

1964 641 2206 696 traderet
2231 641 2654 710 publicandam.
2715 639 2960 707 Questus
2989 648 3170 695 autem
3201 639 3349 710 apud
3389 642 3562 694 Zeno-

1962 749 2088 788 nem
2138 744 2332 790 contra
2387 735 2536 791 illum
2591 734 2833 790 obtinuit
2893 741 3252 806 potestatem.
3293 731 3563 802 Sequenti

1965 841 2097 882 vero
2123 841 2293 892 anno,
2327 842 2442 898 quo
2483 827 2752 897 agebatur
2788 827 3042 882 decimus
3089 824 3363 896 septimus
3391 824 3566 894 impe-

1963 916 2031 971 rii
2100 915 2340 975 Zenonis
2406 931 2606 983 annus,
2671 915 2825 974 Felix
2897 915 3180 989 synodicis
3262 914 3558 986 Euphemii

1966 1011 2208 1082 receptis
2252 1013 2304 1068 ei
2354 1011 2578 1088 quidem
2605 1019 2870 1081 tanquam
2913 1009 3227 1065 orthodoxe
3268 1009 3563 1080 appositus

1964 1109 2071 1169 est,
2103 1102 2426 1173 episcopum
2471 1111 2657 1158 autem
2689 1103 2843 1156 illum
2886 1117 2996 1157 non
3041 1101 3272 1170 recepit,
3305 1115 3376 1156 eo
3417 1100 3563 1169 quod

1965 1207 2168 1250 nomen
2210 1193 2398 1248 Aeaeii
2429 1202 2484 1248 et
2512 1192 2857 1250 successoris
2882 1190 3158 1246 Phravitaa
3185 1189 3257 1244 de
3281 1188 3564 1261 diptychis

1966 1300 2076 1340 non
2105 1286 2381 1341 emiserit.
2416 1285 2622 1342 Eodem
2652 1301 2800 1342 anno
2831 1287 2997 1341 Petro
3044 1283 3308 1354 Cnapbeo
3342 1291 3566 1340 mortuo

1965 1386 2249 1448 promotus
2274 1389 2362 1436 est
2381 1379 2673 1450 episcopus
2727 1379 2850 1435 lo‘co
2875 1377 2998 1448 ejus
3033 1377 3311 1431 Palladius
3335 1375 3565 1446 presby-

1965 1481 2047 1527 ter
2083 1470 2450 1528 Seleuciensis
2505 1471 2754 1529 ecclesiae
2809 1479 3017 1526 sanetae
3063 1469 3258 1539 prinue
3307 1467 3566 1537 martyris

1965 1564 2202 1630 Theclaa,
2230 1580 2356 1621 cum
2398 1581 2510 1637 quo
2541 1566 2754 1636 ejectus
2785 1572 2871 1622 est
2915 1571 2972 1619 et
3013 1561 3252 1620 Joannes
3287 1559 3567 1616 Constan-

284 1671 443 1711 verso
475 1667 656 1711 autem
689 1657 884 1729 Moggo
919 1659 1142 1729 scripsit
1198 1659 1345 1728 quod
1381 1658 1430 1714 ei
1455 1659 1677 1730 quidem
1707 1673 1862 1716 com-
1893 1700 1939 1762 Β
1967 1657 2068 1712 tini
2095 1666 2260 1729 atque
2289 1657 2620 1714 Anastasius
2680 1656 3048 1720 silentiarius,
3078 1655 3172 1725 qui
3222 1655 3374 1708 male
3419 1659 3568 1724 post-

286 1748 612 1815 muniearet,
656 1749 892 1806 Felicem
960 1760 1143 1807 autem
1205 1749 1509 1808 Romanum
1568 1759 1862 1809 averteret.

292 1839 488 1894 Verum
532 1844 960 1913 exemplaribus,
990 1860 1112 1914 quae
1170 1844 1238 1899 ad
1290 1844 1541 1917 Moggum
1594 1844 1866 1902 destinata

297 1932 516 1987 fuerant
545 1933 615 1988 ab
642 1935 987 2000 orthodoxis,
1010 1935 1183 2003 Felix,
1207 1944 1501 2008 antequam
1526 1935 1867 2008 apocrisiarii

286 2024 561 2082 Phravitae
585 2045 709 2083 eum
742 2029 1024 2101 synodicis
1055 2031 1453 2100 pervenissent,
1477 2031 1737 2101 acceptis,
1769 2031 1871 2088 hos

284 2137 409 2174 cum
446 2121 796 2179 inhonestate
825 2124 1061 2180 remisit.
1093 2123 1361 2182 Defuncto
1389 2133 1570 2181 autem
1610 2124 1872 2180 Phravita

288 2214 623 2285 Euphemius
641 2217 923 2288 presbyter
942 2227 997 2274 et
1015 2217 1753 2290 ptochotrophosNeapoleos
1766 2218 1876 2289 epi-

287 2317 574 2380 scopatum
621 2310 1180 2380 Constantinopoleos
1214 2313 1411 2378 tenuit,
1431 2313 1724 2368 confestim
1749 2329 1878 2384 pro-

291 2402 425 2470 priis
460 2402 720 2457 manibus
750 2417 948 2458 nomen
976 2401 1154 2472 Moggi
1187 2402 1386 2460 delevit
1409 2419 1440 2457 a
1464 2403 1874 2476 diptychis,sic-

288 2497 468 2565 quein
495 2496 576 2551 eis
594 2497 790 2551 sedens
813 2495 866 2548 in
898 2495 1101 2551 throno
1129 2510 1327 2551 nomen
1349 2494 1547 2552 Felicis
1572 2495 1876 2568 inscripsit.

358 2589 544 2643 Mundi
574 2605 720 2643 anno
778 2589 939 2656 5982,
997 2589 1197 2644 divina:
1277 2589 1675 2646 incarnationis
1735 2604 1881 2646 anno

288 2683 418 2749 482,
447 2682 650 2738 Petrus
689 2681 920 2752 Moggus
949 2688 1206 2737 mortuus
1231 2690 1319 2738 est
1367 2681 1734 2746 Alexandria,
1781 2697 1882 2754 pro

287 2795 397 2850 quo
424 2779 758 2836 Athanasius
810 2785 1179 2835 consecratus
1216 2785 1303 2834 est
1332 2786 1702 2850 cognomento
1749 2778 1884 2833 Cili-

289 2884 392 2928 ιρις.
419 2872 518 2927 Ast
545 2872 843 2941 imperator
865 2871 1014 2926 Zeno
1040 2871 1230 2941 requie
1288 2872 1499 2940 potitus
1535 2882 1564 2926 a
1604 2869 1885 2934 Barbaris,

289 2965 360 3019 ab
405 2962 748 3018 Antiochena
782 2961 1175 3017 Calandioncm
1209 2961 1363 3033 pellit
1413 2962 1674 3027 ecclesia,
1709 2978 1877 3018 exsu-

1971 1750 2076 1806 hac
2108 1751 2419 1822 imperavit.
2479 1751 2618 1804 Nam
2653 1748 2876 1806 Zenone
2930 1756 3174 1811 mortuo,
3204 1745 3571 1814 Longinoqne

1971 1845 2142 1902 fratre
2177 1845 2353 1916 ipsius
2375 1844 2670 1916 imperium
2691 1841 2985 1898 affectante
3016 1839 3262 1910 repulso,
3296 1837 3568 1893 Areadna

1974 1951 2307 2010 senatusque
2331 1939 2585 1996 consulto
2610 1953 2676 1994 ac
2704 1937 2875 1995 totius
2916 1935 3198 1992 exercitus
3233 1932 3569 1988 Anastasius

1983 2033 2326 2089 silentiarius
2353 2031 2744 2104 pronuntiatus
2799 2039 2887 2086 est
2938 2027 3285 2099 imperator;
3313 2024 3412 2096 qui
3442 2037 3565 2080 cum

1977 2126 2270 2197 imperium
2333 2124 2692 2195 suscepisset,
2750 2118 3154 2193 professionem
3230 2117 3290 2171 in
3342 2115 3569 2185 scriptis

1980 2224 2264 2296 expetitus
2294 2229 2380 2280 est
2409 2222 2479 2278 ab
2510 2220 2814 2292 Euphemio
2839 2219 3022 2274 facere
3050 2230 3160 2271 non
3181 2209 3568 2270 commovendi

1980 2317 2281 2389 quidquam
2336 2316 2405 2372 ab
2481 2313 2725 2370 Ecclesia
2755 2313 2840 2368 vel
2892 2311 2960 2366 de
3012 2309 3140 2371 fide.
3173 2308 3463 2378 indignum
3513 2318 3573 2359 se

1981 2409 2314 2466 Christianis
2366 2415 2422 2464 et
2482 2408 2715 2476 imperio
2790 2418 3016 2459 vocans.
3075 2401 3198 2456 Vim
3272 2407 3461 2454 autem
3518 2397 3570 2451 ei

1984 2499 2588 2570 facienteimperatrice
2615 2497 2868 2554 Areadne
2917 2506 3083 2564 atque
3119 2499 3334 2556 senatu,
3369 2504 3569 2546 susce-

1985 2597 2066 2667 pit
2097 2593 2335 2666 propriaa
2359 2607 2556 2648 manus
2587 2591 2709 2661 ejus
2757 2584 3051 2659 scripturn,
3102 2585 3243 2656 quod
3288 2582 3562 2652 reciperet

1987 2690 2042 2745 in
2075 2686 2450 2743 deﬁnitionem
2485 2682 2608 2740 fidei
2636 2684 2891 2754 dogmata
2935 2675 3389 2736 Chalcedonensis
3416 2688 3562 2728 con-

1989 2780 2129 2848 cilii,
2160 2787 2217 2836 et
2249 2779 2323 2834 ita
2355 2785 2657 2834 coronatus
2686 2773 2996 2831 Areadnem
3027 2770 3171 2827 ducit
3193 2768 3258 2824 ad
3310 2766 3568 2836 nuptias,

1991 2872 2234 2930 nondum
2263 2878 2387 2927 ante
2417 2869 2571 2925 uxori
2608 2869 2871 2923 sociatus.
2907 2865 3078 2921 Porro
3111 2877 3254 2917 anno
3279 2874 3392 2931 quo
3418 2858 3574 2912 Zeno

1994 2973 2249 3018 mortuus
2299 2966 2383 3015 est
2433 2969 2487 3014 et
2541 2956 2868 3013 Anastasius
2931 2956 3202 3024 imperare
3251 2949 3444 3018 erepit,
3506 2946 3577 3000 ab

291 3053 396 3104 lem
438 3048 648 3106 faciens
683 3051 826 3120 apud
852 3047 1397 3120 0asin,Petrumque
1427 3049 1686 3120 Cnaphea
1737 3065 1874 3106 con-
1904 3043 1950 3106 C
1983 3052 2156 3107 Adam
2207 3047 2512 3104 secundum
2545 3088 2548 3090 η
2581 3045 2864 3100 Romanos
2942 3043 3164 3112 quidem
3221 3039 3351 3094 anni
3417 3044 3578 3093 erant

291 3143 491 3198 stituit.
523 3142 807 3200 Nestorem
837 3153 1017 3199 autem
1058 3143 1408 3210 Tarsensem,
1435 3143 1640 3216 Cyrum
1681 3141 1872 3198 Hiero-

294 3239 638 3308 politanum,
729 3235 996 3294 Joannem
1075 3237 1488 3309 Cyrestensem,
1564 3236 1875 3292 Romanum

293 3331 824 3397 Chalcedonensem,
870 3329 1172 3386 Eusebium
1225 3328 1873 3395 Samosatenum,.lulia-

296 3439 427 3477 num
471 3423 953 3494 Mopsuestinum,
1026 3422 1257 3478 Paulum
1307 3422 1874 3488 Constantinensem,

293 3515 520 3569 Manum
561 3512 1011 3571 Hermeniensem
1050 3521 1102 3570 et
1144 3511 1878 3584 AndreamtTheodosiopo-

296 3606 551 3672 litanum,
601 3605 705 3660 sub
736 3606 966 3661 obtentu
1017 3605 1238 3677 quidem
1289 3604 1494 3661 favoris
1518 3604 1677 3674 quasi
1728 3605 1878 3660 circa

300 3709 568 3769 tyrannos
596 3696 848 3765 exhibili,
884 3697 982 3753 sed
1013 3697 1246 3753 veritate
1276 3705 1500 3768 prepter
1549 3711 1656 3751 non
1691 3711 1881 3768 recep-

297 3800 414 3845 tum
435 3790 712 3846 enoticum
731 3790 873 3863 abigi
892 3791 1151 3861 praecepit
1172 3789 1448 3848 ecclesiis.
1469 3787 1666 3846 Petrus
1697 3797 1879 3844 autem

300 3878 594 3949 Cnapheus
660 3878 1010 3934 Antiochiam
1035 3878 1322 3948 ingressus
1366 3877 1537 3931 multa
1569 3878 1711 3931 mala
1747 3891 1882 3946 ope-

302 3981 454 4026 ratus
475 3980 580 4038 est,
612 3970 1102 4026 anathematismos
1135 3968 1389 4025 videlicet
1417 3969 1613 4040 synodi
1648 3969 1880 4024 Chalce-

307 4065 594 4128 donensis,
655 4063 1223 4135 irreprehensibilium
1263 4062 1598 4130 dejectiones
1657 4061 1881 4132 episco-

306 4156 972 4228 porum,subrogationes
1001 4161 1054 4210 et
1088 4151 1398 4208 creationes
1427 4151 1673 4215 illicitas,
1704 4158 1760 4205 et
1793 4150 1879 4207 his

304 4249 528 4313 similia,
592 4255 721 4302 ante
806 4245 990 4301 omnia
1056 4243 1286 4314 trisagio
1350 4245 1554 4315 hymno
1629 4243 1877 4300 addens:

303 4341 514 4396 Christe
547 4356 660 4407 rex,
695 4339 786 4410 qui
823 4337 1114 4407 cruciﬁxus
1147 4352 1240 4404 pro
1272 4335 1444 4392 nobis.
1483 4337 1678 4391 Petrus
1696 4343 1878 4391 autem

307 4437 506 4490 iterum
576 4433 803 4490 veniens
851 4431 1195 4498 amputavit:
1258 4427 1464 4482 Christe
1523 4444 1636 4482 rex.
1707 4427 1884 4483 Porro
1919 4407 1966 4466 θ

312 4526 618 4582 Xenochias
643 4541 839 4582 servus
873 4524 1089 4578 Satanae
1117 4520 1458 4578 Dominicatn
1486 4528 1542 4576 et
1561 4528 1880 4576 sanctorum

305 4617 525 4673 dicebat
583 4632 692 4672 non
752 4616 1122 4688 recipiendam
1184 4615 1504 4685 imaginem.
1553 4613 1691 4670 Cum
1734 4615 1882 4670 enim

308 4718 456 4765 esset
488 4711 710 4766 natione
772 4711 938 4768 Persa
985 4720 1040 4766 et
1088 4709 1305 4766 fortuna
1333 4721 1552 4773 servus,
1601 4707 1884 4762 dominum

309 4819 470 4858 suum
526 4803 628 4857 sub
676 4803 1014 4860 Calandione
1072 4803 1288 4874 fugiens
1328 4802 1510 4866 villas,
1559 4815 1686 4871 quae
1737 4801 1884 4857 circa

309 4892 657 4948 Antiochiam
689 4904 838 4960 sunt,
858 4910 888 4948 a
929 4895 1032 4950 fide
1061 4895 1400 4960 retrahebat,
1433 4908 1556 4949 eum
1595 4907 1706 4946 non
1739 4901 1888 4948 esset

313 4986 644 5059 baptizatus,
681 5001 742 5042 se
775 4987 1040 5042 clericum
1071 5003 1195 5043 esse
1223 4987 1438 5043 dicens.
1496 4986 1654 5040 Hicine
1685 4986 1886 5042 Calan-

312 5087 404 5141 dio
437 5081 659 5156 quidem
689 5081 916 5154 pepulit,
953 5079 1147 5136 Petrus
1173 5097 1304 5136 vero
1345 5082 1642 5154 Cnapheus
1675 5082 1888 5152 episco-

313 5195 441 5249 pum
508 5175 866 5246 Hierapoleos
935 5173 1200 5229 ordinans
1279 5171 1619 5229 Philoxenon
1682 5181 1891 5228 mutato

312 5271 533 5327 nomine
562 5268 916 5340 nuncupavit.
979 5265 1116 5322 Cum
1149 5273 1329 5321 autem
1384 5265 1731 5335 postmodum
1762 5280 1887 5320 eum

200 5420 212 5430 ,
311 5365 647 5433 baptizatum
689 5380 798 5421 non
852 5378 978 5420 esse
1023 5359 1344 5416 didicisset:
1384 5357 1622 5430 Suﬂicit,
1684 5360 1887 5430 inquit,

310 5457 357 5507 ei
388 5473 483 5521 pro
515 5457 775 5524 baptismo
806 5455 1158 5512 consecratio.
1194 5451 1532 5524 Euphemius
1558 5464 1738 5507 autem
1764 5466 1889 5507 cum

311 5557 462 5600 esset
511 5549 873 5614 orthodoxus,
937 5545 1291 5603 Anastasium
1348 5543 1736 5610 silentiarium,
1795 5542 1888 5612 qui

314 5647 438 5712 post
476 5639 591 5694 htec
635 5643 841 5700 abusus
875 5642 1105 5710 imperio
1144 5650 1246 5706 est,
1271 5637 1340 5694 ab
1370 5636 1613 5692 Ecclesia
1679 5636 1889 5706 pepulit

318 5744 374 5788 ut
405 5732 720 5791 hazreticum
758 5744 811 5789 et
840 5735 1096 5801 Entychis
1126 5744 1579 5800 consentaneum,
1637 5746 1796 5801 quem
1831 5738 1884 5786 et

1987 3141 2149 3205 5999,
2203 3139 2506 3195 secundum
2562 3136 2876 3207 diligentem
2935 3148 3067 3190 vero
3125 3129 3576 3203 supputationem

1985 3235 2483 3291 Alexandrinorum
2519 3232 2680 3288 5983.

2059 3323 2244 3380 Mundi
2273 3337 2418 3376 anno
2435 3320 2598 3384 598i,
2624 3318 2822 3373 divina:
2845 3314 3253 3374 incarnationis
3270 3327 3419 3368 anno
3445 3310 3578 3377 484,

1987 3414 2319 3472 Anastasius
2380 3413 2682 3483 imperator
2752 3409 2974 3465 Petrum
3043 3409 3307 3478 Cnaphea
3382 3404 3581 3458 Antio-

1987 3505 2168 3560 chiam
2210 3502 2390 3559 redire
2416 3501 2484 3556 ad
2521 3501 2803 3572 propriam
2853 3498 3041 3554 sedem
3075 3498 3256 3568 jubet.
3296 3493 3406 3551 Sed
3451 3493 3585 3547 licet

1992 3599 2140 3655 hunc
2166 3598 2236 3653 ab
2268 3597 2466 3654 exsilio
2486 3603 2822 3660 revocasset,
2840 3593 3188 3648 Antiochiam
3205 3599 3393 3646 tamen
3424 3589 3584 3645 abire

1989 3705 2100 3747 non
2131 3705 2331 3760 passus
2370 3697 2476 3756 est,
2519 3687 2822 3742 Palladium
2861 3686 3068 3742 faciens
3100 3683 3413 3739 Antiochiae
3442 3696 3582 3736 con-

1987 3784 2218 3840 secrari.
2276 3781 2609 3852 Euphemius
2649 3787 2830 3836 autem
2903 3775 3582 3846 Constantinopolitanus.

1990 3880 2341 3953 congregatis
2371 3877 2674 3950 peregrinis
2709 3874 2984 3946 episcopis
3012 3880 3264 3929 sanctum
3311 3871 3584 3942 praedica-

1989 3976 2070 4032 vit
2104 3972 2552 4031 Chalcedonense
2571 3969 2913 4026 concilium:
2948 3966 3122 4021 Porro
3179 3964 3426 4020 Joannes
3476 3962 3584 4016 Ta-

1991 4065 2339 4123 bennesiotes
2378 4077 2503 4118 cum
2537 4069 2684 4118 esset
2713 4058 2920 4122 Roma},
2947 4056 3175 4112 audiens
3200 4055 3353 4125 quod
3423 4055 3581 4106 Ana-

1993 4159 2195 4214 stasius
2240 4158 2554 4226 imperaret,
2577 4154 2726 4210 venit
2775 4152 3121 4223 Byzantium,
3163 4149 3583 4205 vicissitudines

1992 4257 2166 4312 bonas
2195 4268 2427 4327 sperans
2458 4253 2527 4309 ab
2562 4268 2650 4318 eo,
2697 4251 2974 4319 quoniam‘
3004 4247 3392 4304 Alexandrina:
3429 4245 3579 4300 fece-

1991 4359 2080 4405 rat
2105 4350 2254 4405 illum
2273 4361 2640 4412 teconomum,
2669 4361 2829 4416 quem
2860 4353 2914 4399 et
2949 4344 3154 4398 nudum
3180 4358 3248 4396 ex
3283 4340 3578 4409 naufragio

1999 4449 2317 4512 susceptum
2353 4448 2665 4496 sustentare
2702 4439 2937 4502 curavit,
2980 4439 3052 4490 ita
3100 4446 3159 4491 ut
3208 4436 3417 4488 faceret
3452 4447 3576 4488 cum

1995 4537 2064 4593 de
2121 4534 2434 4592 calamitate
2505 4532 2640 4586 nihil
2697 4533 2926 4587 omnino
2969 4529 3198 4584 sentire.
3247 4526 3578 4581 Anastasius

1993 4630 2173 4678 autem
2234 4621 2466 4676 audiens
2508 4617 2654 4690 quod
2679 4620 2924 4683 veniret,
2957 4617 3064 4673 fide
3093 4626 3250 4687 rupta
3295 4617 3580 4685 multaque

1994 4713 2385 4786 ingratitudine
2409 4728 2540 4768 usus
2558 4712 2614 4767 in
2632 4711 2884 4767 exsilium
2904 4708 3580 4783 praecipitdestinandum,

1995 4807 2314 4862 nullatenus
2362 4805 2431 4860 ab
2462 4805 2584 4875 ipso
2613 4813 2957 4874 susceptum.
2993 4803 3165 4858 Porro
3197 4801 3446 4857 Joannes
3477 4801 3582 4855 hoc

1994 4912 2348 4968 praenoscens
2381 4895 2610 4951 Romam
2643 4895 2906 4965 fugiendo
2941 4896 3188 4952 salvatus
3219 4904 3326 4950 est.
3361 4894 3576 4949 Interea

1998 4993 2140 5047 facta
2185 4991 2554 5046 Barbarorum
2607 4989 3036 5061 praedonumque
3079 5003 3145 5044 ac
3180 4988 3573 5042 intestinorum

2001 5084 2264 5140 bellorum
2290 5082 2623 5147 turbatione,
2667 5081 2755 5136 his
2800 5081 2953 5137 Cone
3000 5080 3295 5151 episcOpus
3335 5079 3579 5148 Apamia!

1997 5177 2260 5233 derelicto
2316 5176 2516 5231 throno
2541 5173 2596 5230 in
2629 5181 2902 5229 armatum
2937 5181 2994 5228 et
3033 5182 3321 5244 praetorem
3360 5182 3578 5227 taxatus

2000 5269 2232 5327 resistit.
2261 5269 2567 5338 Imperator
2592 5274 2778 5322 autem
2819 5263 3080 5336 fatigatus
3100 5280 3176 5321 eo
3195 5263 3342 5334 quod
3371 5264 3576 5320 bellum

1999 5365 2390 5435 protelaretur,
2422 5361 2651 5418 fidenter
2698 5359 2933 5416 credidit
2962 5357 3268 5430 Euphemio
3319 5358 3581 5427 episcopo

1993 5455 2144 5528 quod
2177 5463 2405 5525 cuperet
2434 5468 2645 5524 pacem,
2669 5461 2725 5509 et
2753 5452 2938 5522 colligi
2967 5451 3287 5522 peregrinos
3333 5451 3586 5520 prmeipit

1995 5546 2298 5617 episcopos
2341 5543 2501 5613 quasi
2551 5557 2652 5613 pro
2706 5541 2961 5598 Hisauris
3023 5543 3348 5620 rogaturus,
3375 5541 3588 5613 Euphe-

2011 5639 2157 5693 mins
2194 5644 2374 5691 autem
2432 5642 2699 5691 secretum
2732 5635 3080 5704 imperatoris
3125 5621 3588 5705 Joa'nni‘pal’ricio

2011 5728 2296 5794 rcvclavit,
2331 5743 2522 5801 sqqcro
2556 5727 2801 5792 videlicet
2829 5727 3166 5798 Autcttpdori
3219 5729 3490 5796 primatis
3511 5710 3586 5798 ty-
