3906 6226
129 333 263 402 1241

905 333 1272 397 HISTORIA
1302 330 1888 396 .ECCLESIASTICA
1924 331 2027 392 EX
2063 331 2539 395 THEOPHANE.

3241 325 3383 390 1242

130 445 393 513 rannidis,
433 445 526 517 qui
578 459 810 503 currens
857 445 964 502 h’oe
1020 445 1338 518 imperatori
1385 444 1693 509 nuntiavit;
1723 442 1977 508 Acrant,
2010 451 2233 512 propter
2263 442 2520 498 enoticon
2581 437 2844 504 Zenonis,
2877 436 3157 508 inepinata
3210 439 3376 492 multa

129 554 246 612 qua
299 553 388 593 res
437 538 492 592 in
543 537 1056 594 irreconciliabilem
1094 546 1288 594 contra
1335 536 1696 606 Euphemiam

129 630 467 688 inimicitiam
549 630 936 702 imperatorem
997 631 1350 687 Anastasium
1415 628 1697 684 excitavit.

129 717 281 774 Unde
358 725 415 774 et
485 714 846 774 Hisaurorum
910 717 1212 788 Euphemio
1281 717 1700 788 congressiones

127 809 402 880 ascripsit.
435 809 740 880 Euphemio
772 824 902 865 vero
933 809 1152 880 quidam
1206 809 1530 866 insidiantes
1572 824 1700 880 per.

127 909 421 959 suaserunt
447 901 666 956 cuidam
698 910 824 958 ante
851 897 1176 972 martyrium
1233 900 1472 972 gladium
1505 906 1700 956 contra

126 1000 288 1063 caput
318 990 441 1062 ejus
469 993 739 1048 incutere.
774 988 880 1047 Sed
931 991 1137 1048 Paulus
1166 991 1388 1063 quidam
1440 989 1698 1046 defenso-

127 1097 250 1138 rum
280 1082 541 1138 Eeclesise
565 1083 782 1154 plagam
806 1083 1026 1154 quidem
1058 1083 1112 1138 in
1145 1084 1326 1155 capite
1354 1097 1456 1139 suo
1487 1083 1703 1154 recepit

131 1183 185 1230 et
241 1172 582 1245 periclitatus
642 1180 750 1239 est,
820 1175 1200 1231 insidiatorem
1257 1190 1388 1230 vero
1447 1175 1701 1246 peremit.

138 1269 326 1320 lterum
355 1280 486 1336 ergo
506 1265 561 1321 in
585 1265 826 1322 Collecta
859 1265 1100 1321 insidiati
1129 1265 1490 1338 Euphemium
1516 1269 1704 1323 consi-

142 1358 248 1412 liati
277 1369 403 1414 sunt
443 1358 781 1423 interimere,
815 1359 910 1429 qui
976 1360 1189 1429 privato
1239 1360 1431 1416 habitu
1481 1360 1705 1417 indutus

142 1451 257 1519 fuga
279 1450 506 1504 salutem
542 1460 818 1508 mercatus
847 1461 952 1509 est.
994 1451 1166 1507 Porro
1187 1452 1515 1509 Anastasius
1539 1455 1706 1524 impe-

139 1551 280 1596 rator
316 1543 386 1597 ab
447 1541 752 1611 Euphemio
809 1543 1210 1614 professionem
1264 1559 1442 1613 suam,
1499 1545 1568 1602 de
1599 1560 1704 1615 qua

137 1635 448 1705 praedictum
503 1644 608 1701 est,
657 1635 924 1691 violenter
976 1636 1227 1693 extorsit.
1286 1637 1519 1709 Cuique,
1547 1639 1706 1695 victis

141 1724 401 1794 llisauris,
430 1727 658 1782 mandat
680 1741 776 1797 per
801 1727 1099 1784 Eusebium
1125 1729 1442 1801 magistrum
1469 1730 1699 1787 dicens:

141 1818 412 1874 Orationes
441 1827 567 1885 ture,
596 1836 626 1873 ο
658 1837 864 1892 magna,
889 1822 1087 1876 amicos
1114 1829 1233 1876 tuos
1263 1823 1487 1893 fuligine
1513 1831 1700 1878 conta-

140 1910 481 1963 minaserant.
542 1908 826 1982 Episcopis
891 1927 1023 1984 ergo
1072 1915 1377 1985 peregrinis
1455 1916 1702 1974 collectis

139 2003 426 2072 imperator
454 2011 642 2058 contra
677 2001 1040 2074 Euphemium
1070 2007 1362 2077 queritur;
1396 2010 1488 2078 qui
1516 2009 1702 2066 faven-

141 2101 218 2149 tes
255 2093 568 2164 imperatori
607 2093 1000 2167 depositionem
1037 2098 1359 2169 patriarcha:
1386 2112 1440 2156 et
1483 2116 1705 2157 excom-

143 2187 557 2243 municationem
585 2189 925 2247 sanciebant.
959 2188 1218 2246 Provehit
1255 2199 1438 2248 autem
1471 2193 1708 2264 impera-

145 2285 224 2330 tur
251 2275 622 2334 Macedonium
649 2279 962 2351 episcopum
993 2280 1572 2354 Constantinopoleos,
1611 2285 1706 2356 qui

146 2379 265 2425 tunc
316 2370 686 2444 sceuophylax
739 2383 857 2429 erat
909 2373 1085 2446 ipsius
1135 2374 1401 2431 ecclesiae.
1463 2375 1708 2447 Populus

146 2471 314 2518 tamen
343 2473 565 2534 propter
600 2465 954 2537 Euphemiam
979 2467 1302 2535 dissidebat,
1336 2477 1392 2524 et
1413 2470 1468 2525 in
1497 2469 1709 2542 Hippo-

146 2547 384 2607 dromion
425 2568 655 2610 currens
690 2555 914 2614 litanias
970 2558 1186 2628 agebat,
1221 2573 1533 2631 quanquam
1572 2560 1709 2616 nihil

147 2641 400 2710 prolicere
420 2643 675 2706 valuerit.
728 2647 1056 2717 imperatore
1097 2648 1242 2704 male
1280 2650 1502 2706 vincere
1559 2659 1711 2706 sata-

149 2740 314 2800 gente.
393 2732 565 2790 Porro
633 2733 984 2793 Macedonius
1062 2739 1318 2808 nequiter
1404 2740 1710 2800 obaudiens

150 2823 485 2880 Anastasium
523 2825 852 2896 subscripsit
902 2828 1140 2884 etiotico.
1194 2828 1498 2900 Imperator
1526 2839 1707 2887 autem

149 2915 497 2986 Euphemium
544 2920 599 2974 in
634 2917 952 2975 Euchaitam
983 2922 1228 2978 exsulem
1261 2922 1428 2991 misit;
1456 2924 1548 2994 qui
1589 2939 1712 2981 ver-

149 3010 269 3064 bum
294 3010 406 3082 (18)
433 3011 589 3081 petiit
609 3001 708 3081 per
725 3009 1101 3068 Macedoniam
1121 3012 1394 3083 accipere,
1426 3022 1485 3069 ut
1510 3015 1713 3072 illaesus

1803 534 2152 599 monstravit,
2227 534 2560 605 Chrysaorio
2612 533 2874 590 ecclesire‘
2929 533 3164 586 diacono
3231 531 3379 585 illam

1801 633 2054 694 cogente.
2091 625 2161 679 Et
2187 624 2293 679 alia
2331 625 2578 694 quaedam
2608 625 2813 694 Sophia
2862 632 3075 685 vocata,
3121 622 3386 690 insignis.

1799 729 1907 784 que
1958 715 2102 770 inter
2157 715 2633 780 sanetimenialcs,
2696 716 2868 770 multa
2913 730 3080 784 passa
3128 729 3382 785 magnam

1801 807 2127 878 patientiam
2163 807 2580 864 demonstravit.
2629 805 2800 862 Porro
2839 805 3216 862 Theodericus
3253 805 3385 860 Afer

1803 899 2093 954 diaconum
2154 899 2361 954 habens
2393 898 2756 954 orthodoxum
2784 899 3076 954 admodum
3108 913 3136 952 a
3164 915 3224 954 se
3249 899 3384 953 dile-

1803 1000 1976 1056 ctum,
2009 991 2252 1060 quicum
2287 990 2343 1046 in
2370 991 2745 1046 Arianismum
2811 991 3009 1046 fuisset
3056 1005 3385 1055 conversus,

1803 1081 2154 1137 Theoderico
2208 1080 2420 1145 favens,
2464 1083 2744 1137 interemit
2779 1099 2902 1138 eum
2929 1083 3109 1153 gladio
3153 1084 3385 1138 dicens:

1805 1173 1866 1230 Si
1885 1173 1995 1230 Deo
2016 1175 2173 1245 ﬁdem
2201 1191 2304 1230 non
2331 1177 2570 1240 servasti,
2598 1193 2688 1231 nec
2712 1177 2840 1230 mihi
2867 1176 3122 1232 servabis.
3143 1176 3388 1233 Palladio

1806 1285 1940 1326 vero
2000 1269 2262 1339 episcopo
2335 1269 2682 1326 Antiocheno
2749 1270 3034 1337 defuncto,
3088 1272 3388 1340 imperator

1809 1362 1977 1432 elegit
2041 1360 2364 1416 Flavianum
2413 1363 2801 1434 presbyterum
2860 1372 2916 1418 et
2967 1364 3388 1432 apocrisiarium

1804 1449 2054 1506 ecclesiae
2126 1449 2502 1515 Antiochense,
2565 1465 2727 1521 quem
2811 1451 2968 1504 aiunt
3037 1450 3390 1519 dogmatibus

1803 1541 2269 1598 Chalcedonensis
2355 1542 2577 1597 concilii
2659 1543 3036 1598 adversatum.
3113 1542 3386 1597 Praeterea

1804 1634 2086 1707 Olympius
2141 1634 2362 1706 quidam
2402 1635 2668 1702 Arianus,
2707 1634 2839 1690 dum
2875 1636 2928 1689 in
2973 1633 3384 1689 llelianensimn

1804 1727 2000 1782 balneo
2029 1725 2308 1783 lavaretur
2329 1725 2631 1782 crudeliter
2650 1727 3060 1796 blasphemans,
3077 1726 3390 1781 miserrime

1804 1818 1857 1876 in
1889 1834 1954 1876 eo
1981 1828 2233 1876 mortuus
2260 1826 2369 1883 est,
2385 1819 2534 1890 quod
2569 1820 2624 1874 in
2649 1821 2886 1892 imagine
2938 1826 3024 1875 est
3085 1817 3388 1885 depictum.

1805 1911 2183 1983 Eutycbianus
2218 1925 2350 1967 vero
2400 1911 2662 1982 quidam,
2717 1912 2935 1982 primus
2975 1911 3349 1966 diatariorum
3375 1927 3391 1951 ν

1804 2004 2125 2060 muneribus
2151 2019 2353 2060 suasus
2373 2010 2613 2059 erectam
2637 2003 2932 2074 imaginem
2958 2001 3192 2072 Olympii
3220 2000 3392 2068 depo-

1807 2096 1919 2151 suit
1940 2112 1956 2160 ;
1978 2095 2072 2166 qui
2096 2096 2165 2152 ab
2198 2095 2294 2151 illo
2311 2095 2397 2150 die
2422 2095 2540 2151 dire
2553 2110 2785 2165 corpore
2812 2093 3120 2151 tabefaetns
3151 2093 3390 2148 interiit.

1878 2187 2065 2244 Mundi
2123 2204 2269 2244 anno
2325 2187 2489 2254 5992,
2543 2189 2746 2244 divina:
2798 2186 3197 2244 incarnationis
3249 2200 3394 2240 anno

1806 2280 1934 2348 I92,
1963 2281 2158 2339 Festus
2182 2292 2405 2340 senator
2467 2283 2619 2338 urbis
2651 2281 2856 2344 Romae,
2880 2281 3086 2336 missus
3128 2279 3198 2334 ad
3249 2279 3395 2333 Ana-

1809 2374 2037 2429 stasium
2071 2385 2290 2444 propter
2319 2374 2585 2444 quasdam
2617 2373 2808 2430 civiles
2841 2372 3128 2437 utilitates,
3185 2385 3395 2426 memo-

1810 2466 1924 2522 rias
1947 2467 2276 2523 Sanctorum
2297 2468 2682 2538 Apostolorum
2701 2467 2998 2523 festivitate
3023 2467 3216 2536 majori
3241 2464 3398 2534 petiit

1811 2559 2101 2626 celebrari,
2125 2561 2268 2630 quod
2301 2569 2356 2617 et
2389 2569 2604 2617 tenetur
2633 2575 2808 2628 usque
2829 2559 2885 2614 in
2910 2574 3176 2630 praesens.
3208 2558 3391 2615 Mace-

1811 2651 2010 2707 donius
2042 2660 2225 2708 autem
2252 2652 2318 2707 ad
2337 2653 2688 2708 Anastasium
2716 2651 3028 2706 Romanum
3067 2651 3390 2720 episcopum

1813 2743 2134 2814 synodicum
2163 2758 2259 2814 per
2280 2743 2500 2799 Festum
2527 2743 2742 2798 mittere
2757 2742 2950 2798 volens
2987 2741 3294 2810 prohibitus
3314 2748 3402 2797 est

1813 2835 1883 2890 ab
1906 2834 2252 2907 imperatore.
2275 2834 2446 2890 Porro
2462 2832 2660 2889 Festus
2678 2832 2956 2888 rediturus
2976 2830 3204 2885 Romam
3226 2829 3389 2900 polli-

1814 2925 1957 2981 citus
1977 2933 2060 2982 cst
2081 2925 2394 2996 imperatori
2421 2924 2712 2980 Anastasio
2744 2921 3078 2994 persuadere
3095 2919 3389 2975 Anastasio

1820 3031 1974 3088 papa
2006 3016 2245 3072 Zenonis
2265 3016 2519 3072 enoticon
2567 3015 2848 3084 recipere;
2878 3027 3040 3083 quem
3067 3012 3248 3066 vivum
3283 3025 3394 3064 non

148 3110 407 3168 maneret,
447 3117 570 3157 cum
613 3103 930 3159 duceretur.
960 3102 1160 3160 Jussus
1219 3113 1402 3161 autem
1458 3103 1710 3161 Macedo—
1738 3122 1787 3186 ο
1815 3107 2100 3176 reperiens
2144 3105 2390 3176 corrupit
2427 3120 2524 3176 per
2568 3103 2830 3174 pecunias
2884 3103 3111 3168 multos,
3140 3109 3196 3156 et
3233 3099 3398 3172 elegit

146 3195 266 3249 nius
287 3195 418 3249 dare
459 3195 709 3260 verbum,
752 3201 809 3250 et
841 3193 1192 3267 ingressurus
1247 3195 1303 3251 in
1331 3196 1710 3266 baptisterium

145 3284 209 3338 ad
235 3285 614 3354 Euphemiam,
661 3286 1111 3357 superlmmerale
1143 3301 1173 3342 a
1207 3303 1270 3345 se
1325 3288 1713 3346 archidiacono

144 3374 392 3444 praecepit
440 3373 682 3442 auferre,
737 3386 793 3432 et
863 3374 938 3430 ita
998 3390 1173 3446 purus
1229 3375 1297 3431 ad
1351 3377 1712 3449 Euphemiam

144 3467 418 3536 ingressus
452 3467 838 3538 feneratusque
898 3467 1161 3538 pecunias
1189 3468 1338 3525 dedit
1383 3468 1712 3541 Enphemio,

141 3557 215 3612 ita
253 3565 309 3611 ut
331 3559 648 3615 laudaretur
709 3575 738 3614 a
780 3560 989 3615 multis.
1047 3560 1358 3632 Religiosus
1404 3563 1548 3618 enim
1597 3574 1716 3620 erat

139 3660 191 3707 et
231 3666 412 3720 sacer,
443 3640 646 3724 quippe
679 3653 770 3724 qui
809 3667 840 3707 a
889 3651 1175 3709 Gennadio
1207 3653 1384 3711 fuerat
1417 3656 1714 3722 enutritus,

139 3743 301 3814 cujus
321 3753 378 3800 et
433 3739 738 3804 fratruellis
783 3753 924 3802 erat.
967 3746 1170 3803 Eodem
1220 3760 1366 3801 anno
1417 3745 1718 3802 Athanasio

140 3842 404 3912 episcopo
469 3843 845 3898 Alexandrino
898 3843 1161 3900 defuncto
1225 3851 1579 3901 consecratus
1635 3851 1721 3901 est

139 3951 240 4004 pro
269 3951 336 3992 eo
365 3934 605 3995 Joannes
634 3939 938 3996 monachus
964 3940 1250 4010 presbyter
1275 3947 1330 3996 et
1373 3954 1716 4007 mconomus,

140 4037 512 4099 cognomento
538 4027 790 4087 Hemula.
824 4031 1095 4110 Praeterea
1113 4031 1462 4097 Macedonius
1490 4031 1720 4088 consilio

136 4119 491 4189 imperatoris
553 4123 710 4178 unire
745 4123 1073 4178 monasteria
1109 4123 1272 4194 regiae
1309 4123 1461 4178 urbis
1501 4123 1718 4193 satagit,

134 4225 262 4280 quae
291 4211 467 4267 scissa
503 4211 716 4268 fuerant
750 4221 972 4286 prepter
1016 4215 1269 4270 enoticon
1318 4213 1578 4272 Zenonis.
1612 4213 1719 4271 Sed

133 4304 467 4365 nonsvalens
487 4305 776 4360 consilium
809 4304 959 4360 dedit
979 4305 1444 4376 imperatori,quo
1478 4305 1722 4375 pcregri-

134 4409 243 4449 nos
292 4395 582 4465 episcopos
632 4396 923 4452 convenire
968 4406 1021 4452 et
1067 4412 1188 4466 qua:
1213 4396 1556 4452 Chalcedone
1588 4397 1725 4454 bene

1816 3208 2014 3271 praeter
2037 3197 2494 3254 consuetudinem
2513 3197 2882 3252 Romanorum
2902 3196 3220 3266 episcopum
3246 3191 3391 3246 Lau-

1815 3291 2055 3347 rentium
2083 3289 2396 3361 quemdam,
2430 3290 2523 3360 qui
2558 3288 2839 3344 ordinatus
2866 3297 2950 3344 est
2978 3287 3046 3341 ab
3079 3301 3186 3340 una
3214 3291 3394 3354 parte.

1816 3383 2249 3440 Orthodoxiores
2273 3391 2454 3436 autem
2487 3385 2953 3436 consecraverunt
2983 3376 3398 3448 Symmachum,

1818 3489 1987 3532 unum
2014 3488 2079 3528 ex
2109 3471 2456 3526 diaconibus.
2500 3467 2641 3524 llinc
2685 3483 2817 3539 ergo
2845 3465 3188 3521 turbationes
3212 3465 3399 3518 multae

1825 3582 1891 3623 ac
1929 3565 2213 3637 hominum
2254 3572 2466 3632 strages
2512 3570 2566 3616 et
2609 3561 2815 3631 rapinae
2871 3569 3101 3630 patratae
3129 3564 3261 3614 sunt
3303 3570 3401 3626 per

1825 3672 2005 3714 annos
2026 3664 2162 3722 tres,
2186 3668 2480 3723 usquequo
2517 3653 2776 3707 videlicet
2821 3650 3198 3705 Theodericus
3240 3649 3401 3720 prin-

1820 3763 1952 3819 ceps
1976 3756 2106 3801 tunc
2134 3747 2364 3800 Romam
2395 3753 2606 3806 tenens,
2633 3757 2947 3813 quanquam
2972 3743 3209 3796 Arianus
3231 3749 3400 3807 esset,

1821 3839 2037 3913 synodo
2067 3838 2340 3895 celebrata
2376 3836 2534 3891 locali
2568 3834 2960 3906 Symmachum
3017 3834 3233 3902 quidem
3281 3830 3400 3900 epi-

1823 3945 2046 4003 scopum
2083 3929 2268 3986 Romae
2301 3928 2559 3992 firmavit,
2586 3925 2936 3981 Laurentium
2969 3939 3100 3978 vero
3148 3923 3202 3976 in
3225 3922 3404 3978 Nuce-

1822 4023 1943 4078 rina
1977 4022 2196 4078 civitate
2227 4021 2411 4076 locare
2437 4019 2698 4088 praecepit
2722 4015 3062 4087 episcopum,
3091 4015 3181 4084 qui
3217 4021 3400 4068 tamen

1822 4115 1974 4172 nullo
2009 4121 2168 4186 pacto
2217 4112 2532 4183 quiescens,
2554 4109 2651 4166 sed
2709 4107 3014 4165 seditiones
3045 4119 3401 4162 commovens

1823 4225 1853 4265 a
1881 4205 2210 4280 Symmacho
2251 4202 2540 4274 deponitur
2564 4211 2618 4257 et
2665 4201 2719 4257 in
2749 4200 3006 4256 exsilium
3041 4198 3296 4258 mittitur,
3347 4204 3405 4250 et

1825 4298 1901 4353 ita
1960 4295 2213 4352 simultas
2270 4291 2528 4348 cessavit.
2592 4289 2796 4346 Eodem
2853 4304 3000 4344 anno
3075 4284 3404 4342 Anastasius

1828 4387 2060 4444 removit
2080 4386 2201 4442 auri
2225 4383 2547 4456 argentique
2567 4381 2786 4438 metalla
2819 4390 2871 4436 et
2893 4382 3235 4444 venationes,
3256 4377 3407 4445 prin-

134 4483 511 4556 dogmatizata
537 4487 752 4542 fuerant
786 4487 839 4541 in
865 4487 1086 4556 scriptis
1113 4486 1438 4544 confirmare
1487 4486 1713 4543 faceret.
1749 4473 1792 4528 ι)
1821 4481 2144 4552 cipatusque
2186 4493 2310 4534 cum
2340 4477 2561 4532 venales
2603 4484 2792 4532 essent
2836 4475 3006 4546 gratis
3029 4469 3403 4542 promovebat.

135 4577 302 4642 Quod
335 4586 390 4632 et
419 4577 624 4634 factum
672 4589 756 4636 est
810 4595 906 4649 per
935 4578 1268 4649 descriptam
1326 4579 1622 4635 actionem.
1650 4579 1718 4648 Et

132 4670 472 4725 hortabatur
519 4671 853 4728 monasteria
902 4671 970 4726 ad
1036 4669 1327 4736 unitatem,
1377 4675 1719 4743 maximeque

132 4763 224 4817 Dii
295 4753 695 4818 monasterium
751 4771 808 4817 et
871 4760 1092 4816 Basiani
1147 4769 1202 4816 et
1254 4760 1718 4818 Acmmetensium

127 4863 314 4924 atque
353 4853 639 4918 Matronae,
659 4869 890 4925 quaeque
923 4854 1098 4923 magis
1135 4851 1530 4908 scindebantur
1563 4857 1631 4909 ab
1655 4869 1720 4910 eo

127 4951 234 5020 qui
275 4949 581 5019 recipiebat
608 4946 846 5004 Zenonis
872 4945 1221 5013 enoticon,et
1241 4945 1436 5001 exsilia
1468 4946 1727 5002 alacriter

125 5037 523 5096 sustinebant.
545 5039 680 5094 Cum
698 5053 826 5108 ergo
845 5037 1163 5092 insisterent
1185 5075 1202 5102 ,
1220 5035 1724 5106 consideravitﬁla-

123 5130 417 5188 cedonius
448 5130 621 5199 magis
650 5131 704 5185 in
740 5129 962 5200 propria
995 5129 1274 5184 voluntate
1311 5128 1589 5186 dimittere
1627 5146 1724 5186 eos

122 5239 312 5294 quam
339 5223 780 5293 persecutionem
827 5222 1041 5291 erigere
1064 5229 1258 5275 contra
1286 5219 1435 5276 illos.
1475 5221 1722 5278 Matrona

113 5303 275 5370 vero
312 5321 501 5370 sancta
558 5313 736 5368 adhuc
796 5312 1008 5378 vivens,
1055 5319 1110 5368 et
1141 5328 1250 5368 non
1301 5313 1722 5370 communicans

123 5423 250 5462 una
311 5423 438 5463 cum
504 5406 780 5478 religiosis
833 5406 1208 5462 monachabus
1266 5421 1389 5476 qua:
1450 5420 1574 5459 cum
1632 5405 1722 5460 illa

1901 4593 2166 4666 Sequenti
2191 4608 2322 4649 vero
2347 4607 2491 4647 anno
2517 4607 2644 4647 cum
2681 4589 2994 4644 Romanum
3025 4585 3403 4654 pontificatum

1829 4685 2218 4759 Symmachus,
2279 4683 2568 4754 imperium
2601 4690 2784 4736 autem
2816 4677 3142 4733 Anastasius
3170 4684 3402 4745 regeret,

1829 4783 2234 4839 Saracenorum
2295 4779 2556 4834 incursus
2607 4777 2662 4831 in
2714 4774 3025 4828 Phoenicem
3079 4780 3134 4828 ct
3188 4771 3405 4841 Syriam

1825 4889 2022 4932 rursus
2059 4871 2289 4927 ell'ectus
2339 4877 2446 4932 est,
2476 4876 2599 4937 post
2641 4876 2869 4921 mortem
2913 4863 3076 4935 Agari
3129 4861 3405 4917 Vadicha-

1821 4966 1946 5020 rino
1985 4963 2154 5018 fratre
2176 4960 2350 5031 ipsius
2408 4958 2583 5012 instar
2621 4954 2886 5020 turbinis,
2920 4962 2977 5008 et
3027 4952 3210 5008 adhuc
3252 4952 3402 5007 velo-

1824 5058 1967 5122 cius,
1997 5056 2341 5112 discurrente
2374 5065 2470 5121 per
2507 5049 2648 5104 loca.
2675 5046 2790 5102 Hoc
2821 5046 2986 5102 etiam
3020 5060 3185 5112 anno,
3232 5043 3284 5099 id
3325 5052 3410 5098 est

1827 5147 2139 5222 Symmachi
2163 5159 2316 5218 papa:
2352 5144 2532 5213 primo
2559 5149 2614 5195 et
2646 5140 2857 5210 imperii
2909 5140 3182 5195 Anastasii
3230 5137 3408 5192 undeo

1823 5242 1991 5306 eimo,
2022 5237 2282 5308 Vulgares
2336 5249 2432 5305 per
2478 5231 2752 5303 Illyricum
2801 5242 2850 5286 et
2875 5229 3143 5285 Thracem
3189 5228 3405 5282 discur-

1825 5341 1976 5398 runt,
2001 5331 2320 5402 priusquam
2350 5332 2798 5398 agnoscerentur.
2830 5323 2984 5393 Apud
3006 5320 3401 5375 Neocaesariam

1830 5422 2031 5483 deinde
2056 5437 2179 5478 cum
2225 5420 2472 5476 futurum
2500 5429 2644 5474 esset
2675 5426 2735 5472 ut
2798 5418 2950 5471 fieret
2982 5421 3145 5468 terra:
3195 5418 3402 5474 motus,

1664 5537 1892 5598 NOTIE.

201 5641 345 5714 (18),
374 5639 628 5714 Verbum,
651 5635 1390 5714 securitatem._Justiniann_s
1422 5632 1557 5714 Nov_.
1577 5634 1634 5714 7,
1666 5650 1718 5689 c.

121 5717 162 5770 5
196 5705 222 5770 ε’
264 5705 437 5767 Ἀλλά
502 5711 638 5778 μηδὲ
686 5709 908 5772 τούτους
958 5708 1085 5770 τοὺς
1130 5705 1495 5774 καλουμέναις
1532 5705 1720 5778 λόγους

120 5803 317 5857 προχε
330 5783 462 5856 ἔρως
487 5775 683 5838 Stoa/att
708 5781 974 5835 σπεύδειν.
1002 5779 1164 5835 Vetus
1189 5779 1462 5846 interpres
1499 5795 1510 5831 :
1552 5796 1568 5828 ε
1609 5775 1714 5832 Sed

1827 5643 2010 5699 neque
2033 5628 2149 5699 hac
2176 5641 2294 5699 quae
2313 5619 2768 5699 dicuntur_verba
2808 5616 3411 5699 pr‘ompte‘alarefesti-

1829 5687 1946 5756 nes.
1984 5718 2002 5750 ι
2036 5697 2177 5752 Idem
2195 5687 2530 5750 Anastasius
2566 5692 2637 5746 De
2667 5691 2783 5744 vilis
2803 5687 2915 5760 PR.
2952 5687 3002 5741 in
3035 5689 3298 5760 Gregorio
3321 5687 3364 5743 ll
3391 5708 3404 5744 :

1837 5792 1853 5826 ι
1893 5769 2126 5826 Verbum
2149 5766 2518 5824 immunitatis
2537 5762 2784 5834 expetiit.
2823 5779 2840 5811 ι
2875 5758 3041 5815 [ίἈειι.
