3906 6226
475 325 612 392 1243

1566 332 1967 394 ANASTASII
2004 332 2629 394 BIBLIOTHECARII

3619 336 3722 405 Ῑὲίί

469 443 627 498 miles
663 443 766 498 iter
791 441 999 500 faciens
1025 443 1165 498 duos
1191 443 1394 499 milites
1429 458 1598 516 super
1629 461 1752 500 eam
1802 445 1958 510 vidit,
1993 451 2048 500 et
2079 446 2124 502 A
2149 447 2482 502 Anastasius
2541 443 2846 500 honorifice
2883 447 3128 518 suscepit
3161 455 3225 503 ut
3270 448 3537 507 veritatis
3568 451 3719 508 inimi.

469 535 633 588 alium
671 533 898 587 militem
934 542 1053 604 post
1089 543 1297 603 tergum
1329 534 1653 591 clamantem
1693 535 2052 592 :Conservate

469 628 682 680 domum
723 627 906 697 inqua
949 628 1251 696 sepulcrum
1286 628 1528 700 Gregorii
1555 639 1653 684 est.
1703 629 1836 685 Cum
1868 639 2050 685 autem

471 729 630 774 terra:
657 731 838 776 motus
867 720 1046 776 factus
1094 721 1315 787 fuisset,
1368 725 1604 793 plurima
1636 739 1765 795 pars
1809 723 2051 780 civitatis

471 813 704 877 corruit,
729 821 953 883 excepta
979 811 1142 866 domo
1165 813 1409 882 Gregorii
1438 815 1835 884 thaumaturgi.

544 905 729 960 Mundi
785 923 932 962 anno
989 907 1148 970 5999,
1199 907 1398 962 divinae
1452 909 1853 964 incarnationis
1910 924 2056 965 anno

474 1000 599 1066 499,
630 1001 956 1056 Anastasius
990 1001 1172 1071 quiete
1211 1003 1418 1072 potitus
1467 1017 1496 1056 a
1526 1003 1749 1072 praeliis,
1800 1003 2057 1058 Macedo-

477 1095 626 1148 nium
663 1095 1028 1164 patriarcham
1057 1105 1308 1149 avertere
1332 1095 1402 1149 ab
1432 1095 1740 1150 orthodoxa
1780 1097 1884 1151 fide
1909 1105 2058 1152 sata-

476 1184 658 1255 gebat.
696 1185 849 1239 Multi
893 1196 1072 1240 autem
1135 1187 1522 1256 episcoporum
1576 1186 1871 1243 Anastasio
1925 1204 2051 1258 gra-

478 1278 607 1331 tiam
642 1286 964 1348 prarstantes
986 1280 1421 1334 Chalcedonensi
1452 1279 1781 1335 resistebant
1801 1281 2057 1350 concilio,

479 1385 712 1438 quorum
769 1371 981 1439 primus
1029 1382 1146 1424 erat
1179 1372 1436 1427 Eleusius
1477 1373 1835 1429 Sasimensis.
1865 1373 2062 1440 Queru-

481 1462 604 1516 dam
639 1471 819 1516 autem
874 1461 1228 1518 Manichwum
1290 1464 1487 1536 Syrmn
1543 1467 1706 1520 simul
1752 1475 1806 1522 et
1839 1467 2060 1523 Persam

482 1555 808 1611 Anastasius
861 1555 1090 1610 adduxit
1130 1572 1158 1609 a
1189 1557 1392 1628 Cyzico
1424 1557 1477 1612 in
1510 1559 1697 1612 habitu
1733 1560 2062 1629 presbyteri,

496 1650 588 1719 qui
613 1649 790 1704 aliena
819 1649 887 1703 ab
905 1650 1163 1705 Ecclesize
1193 1652 1400 1706 sanctis
1437 1653 1770 1723 imaginibus
1820 1652 2066 1709 scribere

489 1741 839 1813 praesumpsit
870 1753 921 1797 et
945 1742 1191 1797 fabulosa
1223 1745 1275 1796 in
1315 1744 1519 1813 palatio
1562 1744 2041 1802 llelenianensium

487 1843 617 1888 voto
659 1835 1008 1903 imperatoris
1075 1835 1390 1890 Manichteis
1431 1839 1888 1908 congratulantis.
1918 1836 2075 1894 Unde

487 1932 541 1977 rt
567 1925 764 1979 seditio
790 1926 974 1995 populi
1013 1925 1157 1980 facta
1216 1937 1298 1982 est
1356 1942 1574 1997 magna.
1606 1929 1760 1983 Tunc
1799 1939 1851 1985 et
1883 1931 2078 2001 przefe-

491 2029 638 2071 ctum
669 2017 994 2072 Anastasius
1025 2018 1078 2072 in
1117 2019 1364 2075 collectis
1397 2028 1450 2076 et
1489 2021 1700 2076 litaniis
1749 2024 2079 2093 excogitavit

491 2110 756 2180 subsequi
790 2127 803 2164 :
842 2110 1228 2166 timebatenim
1275 2112 1708 2167 orthodoxorum
1756 2114 2076 2184 seditiones,

489 2211 545 2256 et
592 2201 798 2258 factum
856 2213 940 2259 est
993 2203 1047 2259 in
1097 2206 1578 2261 consuetudinem.
1634 2206 1898 2262 Xenaiam
1951 2225 2080 2264 vero

492 2294 667 2351 Manis
718 2303 1148 2353 consentaneum
1201 2296 1352 2352 duin
1414 2298 1742 2354 Anastasius
1812 2299 2082 2356 Constan-

494 2388 780 2458 tinopolim
878 2396 1139 2460 tanquam
1237 2400 1566 2446 sectatorem
1646 2407 1845 2460 suum,
1918 2410 2080 2463 quem

491 2480 842 2537 Macedonius
907 2497 1082 2552 neque
1153 2484 1538 2539 communione
1627 2501 1803 2556 neque
1916 2487 2084 2543 verbo

489 2577 716 2648 dignum
780 2577 950 2642 clero,
997 2578 1283 2633 monachis
1359 2586 1414 2632 et
1475 2579 1678 2648 populo
1753 2582 2081 2638 conturbato

488 2667 780 2736 judicavit.
841 2667 994 2722 Unde
1022 2676 1076 2722 et
1125 2684 1248 2722 eum
1301 2671 1634 2725 Anastasius
1704 2671 1940 2725 latenter
2011 2672 2084 2726 ab

496 2759 630 2814 urbe
661 2759 871 2813 eduxit.
910 2759 1260 2815 Macedonius
1300 2776 1428 2816 vero
1455 2761 1742 2815 Acholium
1768 2763 2080 2832 quemdam,

495 2851 588 2921 qui
623 2861 901 2906 exemerat
954 2854 1217 2908 adversus
1267 2869 1327 2909 se
1362 2855 1686 2908 machaeram
1727 2870 1794 2909 ex
1841 2855 2084 2910 submis-

496 2945 650 2999 sione
714 2944 1065 3000 inimicorum
1113 2961 1366 3010 suorum,
1418 2961 1516 3016 per
1575 2946 1822 3016 singulos
1867 2961 2082 3002 menses

496 3051 744 3093 annonas
789 3038 1045 3108 prmcepit
1096 3039 1370 3109 accipere,
1427 3053 1597 3108 super
1649 3038 2082 3094 mansuetudine

2051 1789 2065 1812 ’
2107 1785 2148 1840 Β

2154 555 2283 606 cos,
2319 548 2374 594 et
2404 555 2499 594 eos
2528 543 2622 610 qui
2679 540 3147 595 conturbaverant
3218 539 3540 608 Orientem,
3586 555 3630 599 et
3655 547 3721 602 hic

2153 629 2342 686 eadem
2378 640 2690 701 operantes.
2717 630 2958 688 Joannes
2999 649 3129 688 vero
3159 634 3586 689 Alexandrinus
3637 640 3725 707 epi-

2157 728 2503 796 sc0pus‘duo
2560 726 2731 779 millia
2784 727 3046 781 librarum
3092 728 3213 781 auri
3271 729 3414 783 dare
3476 733 3727 800 spopondit

2159 817 2496 885 imperatori,
2523 818 2564 871 si
2586 817 2823 886 perfecto
2847 817 3071 888 ejiceret
3097 819 3566 876 (Ihalcedonense
3588 825 3730 878 conci-

2161 910 2321 964 lium:
2353 910 2650 979 imperator
2667 919 2848 964 autem
2873 911 3254 967 Macedonium
3281 914 3534 984 cogebat
3553 919 3732 984 apocri-

2162 1001 2345 1055 siariis
2373 1003 2784 1058 communicare
2811 1001 3064 1069 Joannis,
3099 1005 3492 1076 Joannemque
3523 1009 3736 1076 recipere

2163 1095 2471 1163 synodum',
2517 1110 2698 1165 neque
2741 1097 3094 1167 recipientem
3127 1114 3308 1169 neque
3348 1101 3738 1170 projieienteiu.

2165 1181 2515 1239 Macedonius
2589 1192 2770 1238 autem
2821 1185 3049 1252 restitit,
3107 1186 3302 1243 dicens
3362 1205 3478 1243 non
3543 1190 3648 1245 illis
3701 1208 3748 1246 se

2170 1274 2754 1342 communicaturum,
2805 1277 2912 1331 nisi
2970 1279 3346 1333 conﬁteantur
3413 1291 3652 1337 matrem
3695 1291 3743 1335 et

2167 1371 2491 1442 magistram
2543 1370 2812 1442 synodum
2872 1370 3401 1428 Chalcedonensem.
3474 1374 3744 1429 Caeterum

2166 1463 2762 1534 Deuteriusepiscopus
2815 1463 3146 1518 Arianorum
3179 1464 3428 1536 Byzantii
3469 1467 3751 1536 baptizans

2168 1558 2458 1628 quemdam
2489 1558 2666 1611 virum
2712 1558 2934 1612 nomine
2963 1558 3290 1624 Barbarum,
3331 1569 3537 1628 preter
3580 1558 3752 1611 Domi.

2171 1651 2348 1705 nieam
2405 1651 2754 1706 traditionem
2808 1666 2978 1707 ausus
3035 1663 3117 1706 est
3170 1652 3404 1707 dicere:
3443 1652 3754 1719 Baptizatur

2174 1742 2446 1796 Barbarus
2495 1744 2548 1796 in
2574 1745 2781 1797 nomine
2811 1742 2992 1797 Patris
3035 1759 3126 1812 per
3187 1743 3392 1798 Filium
3449 1745 3509 1797 in
3564 1745 3751 1811 Spiritu

2178 1845 2362 1890 sancto
2382 1842 2483 1899 ;'et
2508 1837 2694 1890 statim
2729 1835 3014 1890 lavacrum
3046 1837 3394 1891 exsiccatum
3425 1846 3539 1892 est.
3577 1836 3764 1890 Barba-

2177 1943 2274 1984 rus
2329 1944 2460 1983 vero
2506 1929 2702 1983 timore
2757 1927 3089 2000 perterritus
3166 1928 3324 1999 fugit,
3383 1939 3441 1983 et
3514 1929 3766 1984 omnibus

2178 2028 2366 2076 notum
2400 2019 2527 2075 fecit
2579 2019 2935 2074 miraculum.
2963 2019 3136 2075 Porro
3166 2020 3475 2090 imperator
3515 2020 3771 2075 Macedo—

2179 2113 2328 2166 nium
2379 2109 2944 2182 Constantinopoleos
2997 2112 3318 2182 episcopum
3375 2113 3618 2182 cogebat
3650 2127 3778 2166 ana-

2181 2204 2538 2259 thematizarc
2603 2203 3052 2259 Chalcedonense
3111 2205 3434 2268 concilium,
3509 2203 3778 2274 quemad-

2182 2295 2405 2350 modum
2437 2303 2491 2350 et
2521 2294 2730 2350 lleliam
2767 2294 3350 2367 Hierosolymitanum.
3381 2295 3486 2350 Ast
3520 2295 3775 2350 Macedo-

2182 2388 2308 2443 nius
2361 2388 2568 2458 absque
2625 2388 2922 2443 universali
2994 2389 3243 2459 synodo,
3298 2403 3424 2458 qua:
3481 2388 3776 2458 prmsulem

2184 2481 2493 2536 Romanum
2559 2480 2788 2535 haberet
2828 2479 3170 2550 episcopum,
3247 2481 3608 2551 impossibile
3668 2480 3783 2534 fore

2183 2575 2288 2629 hoe
2313 2590 2371 2630 se
2405 2573 2587 2628 facere
2614 2574 2911 2629 fatebatur.
2965 2572 3117 2629 Unde
3149 2574 3406 2628 inimicus
3453 2575 3509 2629 ei
3543 2574 3788 2648 effectus

2185 2667 2483 2736 imperator
2505 2665 2888 2736 confugientes
2910 2665 2973 2718 ad
2997 2665 3246 2720 ecclesias
3273 2664 3551 2740 violenter:
3582 2675 3790 2720 extra-

2187 2761 2313 2814 licre
2343 2758 2532 2828 jussit,
2564 2767 2618 2812 et
2661 2759 2911 2814 ecclesiis
2949 2758 3315 2812 luereticorum
3364 2757 3792 2812 intemeritatis

2185 2849 2532 2906 definitiones
2577 2851 2901 2906 concessit:
2953 2857 3216 2920 quotquot
3260 2858 3451 2902 autem
3501 2849 3713 2904 clerici
3735 2861 3789 2904 et

2187 2942 2309 2997 laici
2344 2942 2766 3014 Byzantiierant
2795 2984 2807 3007 ,
2849 2943 2992 3012 apud
3041 2941 3304 2996 Severum
3332 2949 3390 2996 et
3436 2939 3788 2996 Manichacus

2187 3033 2502 3088 Orientales
2531 3033 2817 3087 haereticos
2838 3032 3125 3098 vacabant,
3148 3040 3345 3085 contra
3378 3030 3780 3085 Macedonium

495 3129 858 3186 collaudatus.
898 3129 1009 3185 Hoc
1034 3143 1214 3186 autem
1247 3140 1300 3184 et
1325 3131 1380 3185 in
1403 3131 1594 3201 egenis
1617 3129 1905 3201 sacrilegis
1937 3131 2072 3201 egit.
2106 3151 2148 3206 (ς
2185 3134 2516 3198 satagentes.
2566 3125 2740 3180 Porro
2779 3124 2973 3180 deiferi
3034 3125 3291 3179 monachi
3327 3165 3342 3186 ,
3390 3125 3486 3196 qui
3528 3124 3582 3177 in
3618 3122 3789 3177 ιιυιεο

570 3220 757 3276 Mundi
810 3237 952 3277 anno
1013 3223 1189 3287 6001,
1247 3222 1445 3277 divina:
1494 3223 1892 3276 incarnationis
1935 3237 2082 3276 anno

501 3313 630 3380 50l,
676 3315 1002 3368 Anastasius
1059 3313 1358 3382 imperator
1420 3311 1741 3367 Flavianum
1789 3314 2084 3368 Antioche-

505 3421 633 3459 num
669 3406 846 3476 coegit
871 3406 1088 3460 enotico
1119 3405 1357 3460 Zenonis
1394 3405 1782 3473 subscribere;
1814 3407 1905 3477 qui
1940 3406 2082 3460 facta

505 3499 716 3571 synodo
813 3501 1197 3570 episcoporum
1296 3499 1716 3569 subdcgentium
1829 3515 2082 3554 versuum

508 3595 803 3648 multorum
838 3595 1119 3664 epistolam
1145 3595 1389 3664 scripsit,
1435 3593 1732 3660 Nicacnam,
1769 3591 2087 3649 Constanti-

507 3684 875 3753 nopolitanam
942 3692 996 3738 et
1073 3684 1403 3753 Ephesinain
1458 3683 1727 3738 confitens
1806 3683 2083 3754 synodos,

507 3775 1008 3831 Chalcedonensem
1065 3783 1247 3831 autem
1289 3775 1479 3852 tacuit.
1517 3775 1850 3845 Reprobavit
1902 3784 2085 3830 autem

514 3867 835 3932 Diodorum,
898 3867 1146 3924 subdens
1205 3868 1442 3938 capitula
1495 3877 1768 3937 quatuor,
1825 3883 1921 3938 per
1969 3882 2088 3936 quae

509 3978 634 4018 eum
665 3961 1103 4017 Chalcedonensi
1134 3969 1361 4031 apparet
1395 3977 1505 4016 non
1531 3975 1844 4016 consonare
1898 3959 2086 4014 conci-

509 4055 604 4120 lio,
639 4056 874 4108 maxime
907 4069 1093 4108 vocem
1117 4052 1350 4108 duarum
1385 4061 1707 4107 naturarum
1734 4052 2085 4122 impugnans.

509 4147 678 4201 Aiunt
710 4155 972 4216 praeterea
1010 4146 1232 4215 quidam
1267 4146 1382 4200 lucc
1404 4145 1588 4200 Acacii
1631 4145 2090 4213 Constantinopon

511 4237 627 4292 leos
684 4252 826 4291 esse.
881 4233 1052 4288 Porro
1109 4233 1404 4290 Flavianus
1477 4242 1748 4289 secretam
1799 4235 2086 4304 epistolam

513 4325 738 4395 scripsit
765 4324 1078 4386 Anastasio,
1101 4324 1599 4394 intentioncmcjus
1627 4333 1891 4381 sectatus.
1924 4326 2092 4381 Sintii-

512 4419 636 4471 liter
676 4413 913 4470 Xenaias
943 4415 1166 4484 impius,
1205 4417 1300 4486 qui
1337 4425 1390 4471 et
1420 4428 1857 4488 pra-sumptuose
1892 4433 2090 4488 gerens

2185 3219 2328 3273 stina
2359 3227 2537 3283 erant,
2564 3217 2748 3271 divina
2782 3217 2910 3271 moti
2948 3217 3299 3271 :enmlatione
3332 3231 3539 3271 venere
3573 3215 3783 3286 Byzano

2187 3311 2317 3364 tium
2349 3317 2541 3363 contra
2595 3309 2860 3364 Severum
2906 3319 2960 3362 et
3025 3309 3329 3362 monachos
3380 3307 3479 3376 qui
3533 3323 3663 3361 cum
3716 3320 3777 3361 eo

2185 3410 2362 3455 erant.
2415 3400 2724 3455 Dorotheus
2767 3408 2949 3454 autem
2998 3400 3310 3454 monachus
3367 3398 3774 3452 Alexandrinus

2187 3491 2486 3546 multorum
2552 3507 2813 3546 versuum
2862 3491 3067 3545 librum
3103 3491 3276 3546 edidit
3325 3505 3424 3560 pro
3470 3488 3774 3542 Chalcedo—

2189 3585 2342 3638 nensi
2399 3583 2657 3647 concilio,
2715 3599 2878 3653 quem
2921 3583 3072 3637 dedit
3101 3582 3310 3653 Magna:
3361 3582 3532 3635 uxori
3600 3580 3779 3634 fratris

2187 3676 2488 3742 Anastasii,
2519 3690 2643 3730 cum
2673 3681 2822 3730 esset
2853 3672 3226 3728 orthodoxus.
3271 3672 3388 3742 Ipsa
3430 3686 3572 3725 vero
3632 3673 3779 3723 Ana-

2189 3768 2361 3825 stasio
2384 3767 2580 3821 librum
2625 3766 2845 3830 obtulit,
2866 3781 3096 3835 sperans
3140 3781 3238 3834 per
3291 3765 3440 3818 hunc
3490 3780 3620 3817 eum
3667 3762 3784 3817 fore

2191 3859 2551 3926 mutandum;
2592 3872 2754 3928 quem
2817 3871 2940 3910 cum
2986 3856 3211 3925 legisset
3237 3863 3289 3909 et
3348 3863 3556 3924 praeter
3596 3863 3780 3906 votum

2191 3966 2350 4006 suum
2375 3965 2498 4005 esse
2529 3948 2845 4018 reperisset,
2887 3946 3220 4002 Dorotheum
3249 3945 3389 4015 apud
3420 3944 3596 3999 Oasin
3633 3944 3785 3996 exsio

2189 4044 2263 4100 lio
2294 4044 2626 4099 destinaret
2656 4041 2860 4096 librum
2891 4055 2992 4111 pro
3045 4041 3218 4094 nihilo
3265 4038 3440 4102 ducit,
3495 4053 3563 4091 eo
3635 4035 3776 4106 quod

2191 4135 2600 4206 superscriptus
2647 4141 2793 4188 esset
2837 4131 3150 4204 Tragoedia,
3217 4130 3268 4184 id
3306 4139 3434 4193 est,
3490 4127 3774 4198 prophetia

2191 4227 2449 4283 instantis
2480 4225 2918 4284 constitutionis.
2975 4221 3444 4294 quemadmodum
3497 4235 3530 4273 a
3581 4234 3772 4288 magno

2191 4317 2391 4374 Basilio
2414 4317 2568 4371 aiunt
2605 4315 2777 4371 fuisse
2809 4315 3017 4369 dictum
3046 4320 3237 4368 contra
3261 4309 3572 4364 lulianum.
3603 4307 3770 4361 Mare

2193 4411 2395 4466 donius
2426 4418 2609 4464 autem
2662 4407 2982 4462 Flavianum
3037 4405 3454 4460 Antiochenum
3502 4409 3557 4456 et
3590 4415 3765 4456 omnes

513 4507 722 4563 addidit
770 4507 858 4563 his
915 4507 1170 4576 capitulis
1217 4509 1506 4563 anathema
1557 4520 1748 4564 contra
1804 4489 2283 4573 divinissi-uni
2345 4507 2740 4572 praesumerent
2793 4500 2980 4554 dicere
3007 4496 3139 4568 quid
3203 4497 3473 4551 adversus
3501 4491 3758 4565 synodum

513 4616 661 4656 mum
688 4600 928 4657 Leonem
987 4599 1292 4656 Romanum
1325 4609 1380 4656 et
1411 4602 1678 4673 synodum
1724 4618 1788 4657 ac
1820 4603 1926 4659 illis
1957 4619 2089 4658 con-

512 4695 838 4750 sentientes.
871 4695 941 4748 At
971 4709 1101 4750 vero
1131 4693 1545 4750 Constantinus
1573 4694 1867 4764 episcopus
1901 4695 2090 4749 Seleu-

512 4792 612 4842 cia:
669 4789 1174 4844 Clialcedonensem
1233 4787 1501 4858 synodum
1566 4787 2087 4841 anathematizabat.

513 4879 686 4935 Porro
725 4881 1018 4937 Flavianus
1052 4890 1111 4936 ut
1173 4883 1445 4951 derogans
1482 4881 1704 4950 scripsit
1746 4881 2086 4950 imperatori,

515 4971 766 5028 indicans
829 4975 966 5029 hinc.
1023 4974 1326 5046 Imperator
1379 4982 1560 5028 autem
1620 4974 1938 5043 indignatus
2009 4982 2093 5026 est

517 5065 784 5121 adversus
815 5081 962 5130 cum,
1019 5065 1435 5121 Constantinum
1497 5067 1678 5136 potius
1727 5075 1782 5120 et
1832 5064 2092 5118 Xenaiam

517 5153 846 5224 suscipiens.
883 5145 1048 5208 Ileiia:
1094 5171 1225 5210 vero
1273 5156 1536 5226 episcopo
1595 5155 2093 5224 llierosolymitano

519 5249 740 5320 scripsit
775 5247 1320 5318 Anastasiusjubcns
1369 5259 1560 5303 contra
1593 5250 2092 5304 Cltalccdonensem

518 5344 814 5400 decernere
837 5340 1145 5414 synodum;
1172 5341 1264 5411 qui
1293 5340 1580 5412 rescripsit
1615 5342 1928 5412 imperatori
1962 5355 2095 5393 ana-

518 5435 886 5490 thematizans
912 5431 1250 5496 Nestorium,
1279 5429 1564 5504 Eutychen
1587 5441 1752 5500 atque
1773 5430 2093 5494 Diodorum,

519 5531 573 5578 et
643 5525 938 5579 concilium
1012 5523 1460 5580 Chalcedonense
1521 5522 1817 5591 recipiens.
1886 5521 2095 5577 Interea

523 5615 776 5668 monachi
833 5616 1057 5686 quidam
1108 5617 1348 5673 haeretici
1402 5616 1648 5677 ducenti,
1695 5615 1980 5669 venientes
2030 5613 2097 5668 ab

520 5701 744 5756 Oriente
784 5705 1102 5776 Byzantium
1137 5727 1242 5765 una
1280 5725 1404 5764 cum
1435 5709 1641 5765 Severo
1673 5707 1840 5778 impio
1863 5747 1875 5770 ,
1904 5713 2095 5761 contra

527 5791 898 5852 Macedonium
963 5812 1124 5875 atque
1185 5805 1476 5862 concilium
1556 5803 1924 5860 decertabant.
1989 5799 2098 5856 llos

2193 4592 2699 4658 anathematizavit,
2740 4602 2793 4648 et
2825 4591 3218 4661 apocrisiarios
3270 4587 3518 4642 Flaviani
3552 4584 3761 4639 venien-

2194 4696 2273 4741 tes
2297 4685 2363 4740 ad
2391 4701 2450 4741 sc
2482 4687 2707 4755 propter
2736 4683 3001 4754 quasdam
3037 4681 3397 4737 necessitates
3447 4679 3763 4732 anathema-

2195 4780 2378 4834 tizavit
2431 4789 2487 4834 et
2547 4779 2828 4832 insecutus
2863 4785 2967 4830 est.
3027 4774 3301 4829 Vicesimo
3363 4788 3500 4826 sane
3565 4767 3766 4838 imperii

2194 4872 2466 4928 Anastasii
2491 4887 2634 4925 anno
2667 4871 2905 4942 synodus
2941 4867 3081 4938 apud
3127 4867 3384 4919 Sidonem
3414 4871 3761 4934 prmparatur.

2195 4965 2512 5020 Soterichus
2543 4964 2688 5019 enim
2735 4963 3027 5032 episeopns
3052 4960 3317 5016 Cazsareze
3363 4955 3764 5026 Cappadociaea

2197 5058 2537 5124 Macedonio.
2568 5055 2978 5112 consecrandus
3011 5069 3070 5108 se
3128 5053 3181 5107 in
3217 5050 3441 5120 scriptis
3494 5047 3762 5119 professus

2197 5159 2279 5207 est
2310 5149 2564 5220 dogmata
2593 5147 3057 5203 Chalcedonensis
3101 5143 3295 5216 synodi
3347 5151 3540 5212 utpote
3587 5136 3762 5193 delini-

2196 5245 2398 5298 tioneni
2433 5242 2552 5297 fidei
2581 5250 2946 5310 recepturum.
2972 5239 3102 5294 Post
3139 5239 3252 5292 [nec
3282 5246 3468 5290 tamen
3503 5234 3640 5287 adeo
3687 5231 3758 5283 fa-

2197 5339 2320 5387 ctus
2344 5339 2427 5385 est
2459 5331 2634 5384 hostis
2666 5336 2724 5382 ut
2755 5328 2892 5381 mori
2925 5328 3064 5381 velle
3098 5334 3420 5380 cerneretur
3463 5325 3517 5377 in
3554 5322 3757 5374 Oriente

2197 5441 2321 5480 cum
2375 5423 2580 5478 Xenaia
2633 5421 2873 5485 locutus,
2928 5428 2982 5475 et
3028 5419 3185 5472 ambo
3245 5432 3346 5487 pro
3375 5417 3587 5488 synodo
3634 5409 3757 5483 apud

2201 5518 2457 5573 Sidonem
2486 5513 2764 5570 ellicienda
2793 5513 3176 5582 imperatorem
3211 5510 3502 5578 petiissent
3526 5508 3578 5561 in
3602 5504 3758 5560 omni-

2203 5608 2418 5665 modam
2445 5606 2769 5676 ejectionem
2804 5603 2981 5659 sancti
3012 5600 3488 5657 Chalcedonensis
3521 5596 3755 5656 concilii;

2202 5719 2321 5776 qua:
2356 5709 2558 5757 statuta
2587 5701 2855 5753 maturius
2883 5697 3149 5753 dissoluta
3197 5702 3302 5758 est,
3343 5695 3669 5764 imperatore
3698 5689 3754 5741 ad

2203 5797 2304 5850 hoc
2364 5792 2682 5863 Eutropium
2726 5790 3002 5845 tiibunum
3061 5787 3329 5850 mittente,
3375 5787 3467 5854 qui
3514 5795 3559 5840 ct
3595 5783 3754 5836 deso-
