3906 6226
23 272 192 338 1245

863 279 1228 345 HISTORIA
1258 279 1834 363 ECCLESIASTICA
1872 297 1974 369 EX
2012 299 2494 363 THEOPHANE.

3210 305 3351 377 me

18 393 151 490 luta
186 409 266 449 ea
319 393 446 490 egit
491 402 549 448 ut
610 393 908 455 Flavianus
961 399 1344 461 Autiochenus
1390 417 1443 462 et
1481 406 1663 466 llclias
1688 433 1739 490 Α
1764 404 2216 477 declamatorium
2245 431 2579 481 sermonem,
2604 417 2751 488 quod
2777 417 3082 488 susciperet
3103 431 3352 477 sanctam

22 485 622 567 Hierosolymilanus
659 502 767 543 una
797 504 926 545 cum
960 492 1235 565 episcopis
1275 498 1396 552 suis
1429 499 1662 569 impera-

24 578 171 643 tori,
203 594 350 648 qua:
383 579 524 649 apud
559 576 843 635 Sidoniam
880 591 1033 654 gesta
1060 586 1301 654 fuerant,
1333 591 1660 649 scriberent.

24 670 368 729 Flavianus
403 687 534 728 vero
566 680 680 729 tres
715 678 1099 734 tantummodo
1131 684 1371 752 synodos
1405 692 1458 738 et
1487 683 1667 743 Zeno-

29 765 125 819 nis
162 764 448 820 exoticon
478 779 539 820 se
587 766 869 837 suscipere
902 769 1147 839 scripsit,
1196 772 1665 833 Chalcedonensis

32 856 406 913 mentionem
435 870 548 911 non
578 855 803 913 faciens.
837 858 1020 915 Helias
1077 877 1299 933 quoque
1343 865 1664 940 Hierosoly-

35 949 304 1004 mit-anus
328 948 495 1004 etiam
527 947 1031 1011 Chalcedonensem
1062 968 1122 1009 se
1152 956 1377 1026 scripsit
1404 958 1680 1041 abjieerc.‘

37 1041 402 1099 Soterichus
435 1051 618 1097 autem
676 1043 1033 1111 Caesariensis
1057 1057 1112 1100 et
1163 1046 1402 1106 Xenaias
1471 1060 1664 1109 contra

38 1134 388 1191 Flavianum
412 1146 467 1192 et
494 1134 704 1195 Heliam
726 1149 1121 1208 suggesserunt
1146 1139 1485 1211 imperatori,
1514 1145 1661 1215 quod

44 1243 156 1299 pro
171 1244 243 1286 eo
259 1228 425 1298 quod:
438 1237 665 1287 nossent
680 1243 940 1300 expresse
953 1238 1143 1287 contra
1155 1233 1424 1304 synodum
1443 1234 1662 1292 Chalce-

47 1322 366 1377 donensem
392 1320 722 1381 sententiam
745 1319 1373 1387 ferre,conveneruntad
1398 1326 1657 1385 invicem.

43 1413 400 1470 Anastasius
428 1420 615 1469 autem
645 1413 821 1471 iratus
864 1414 1112 1470 incitavit
1153 1418 1455 1475 monachos
1485 1436 1656 1489 quos-

49 1506 176 1560 dam
203 1504 394 1561 falsos
421 1504 717 1565 convenire
744 1503 891 1576 apud
919 1506 1265 1571 Antiochiam
1308 1518 1363 1566 et
1397 1511 1660 1568 adversus

47 1596 396 1651 Flavianum
436 1597 749 1667 insurgere,
780 1605 1032 1668 petentes
1062 1616 1188 1657 eum
1212 1602 1659 1669 Chalcedonense

50 1687 544 1761 anathematizare
569 1689 867 1745 concilium
899 1701 954 1748 et
988 1692 1286 1751 Diodorum
1319 1702 1374 1751 et
1399 1695 1657 1755 Theodo-

1769 504 2276 567 Cltalcedooensem
2338 510 2630 580 synodum,
2676 526 2885 581 eosque
2928 513 3024 581 qui
3070 512 3210 567 hanc
3239 529 3350 569 non

1764 598 2137 669 susciperent,
2174 599 2463 657 bareticos
2484 601 2743 668 haberet;
2790 612 2846 657 et
2873 604 3355 660 comministrave-

1769 699 1900 747 runt
1973 692 2045 746 ei.
2100 690 2409 760 lmperator
2450 701 2633 750 autem
2700 696 3020 751 muneribus
3080 697 3357 765 persuasit

1769 783 2162 841 consentaneis
2202 784 2401 855 ipsius,
2431 785 2649 845 clericis
2693 787 2903 842 scilicet
2948 794 3001 843 et
3048 789 3350 851 monachis.

1768 874 1935 931 alium
1968 876 2288 947 episcopum
2324 877 2591 947 eligendi;
2632 877 2779 948 quod
2837 887 2892 932 et
2944 877 3250 935 Areadnem
3299 890 3353 935 et

1767 981 1997 1038 magnos
2029 983 2096 1023 ex
2145 967 2501 1025 senatoribus
2549 968 2956 1024 contristabat:
3019 969 3353 1039 diligebatur

1764 1060 1911 1118 enim
1943 1057 2295 1122 Macedonius
2334 1068 2557 1129 propter
2615 1063 2738 1114 vita:
2771 1060 3096 1117 munditiam
3151 1069 3206 1116 et
3256 1062 3356 1115 do-

1764 1159 2006 1218 gmatum
2038 1147 2441 1213 rectitudinem,
2468 1148 2591 1202 licet
2619 1147 2884 1219 deceptus
2917 1149 3107 1204 fuerit.
3139 1149 3353 1205 Instru-

1776 1239 1856 1293 xit
1879 1251 2059 1294 autem
2091 1238 2393 1310 imperator
2423 1240 2558 1297 duos
2587 1242 2854 1310 quosdam
2917 1257 3150 1313 nequam
3184 1259 3351 1300 accu-

1764 1343 1889 1384 sare
1964 1328 2342 1385 Macedonium
2416 1331 2573 1400 quasi
2668 1347 2965 1402 puerorum
3048 1342 3350 1390 amatorem

1766 1420 1970 1489 pariter
2009 1427 2062 1477 et
2099 1420 2419 1476 haereticum
2451 1462 2469 1489 ,
2498 1430 2552 1476 et
2585 1422 2701 1477 haec
2730 1424 3011 1496 porrigere
3042 1425 3098 1480 in
3124 1427 3346 1497 scriptis

1762 1511 2019 1583 praefecto
2051 1523 2108 1569 et
2148 1513 2432 1584 magistro.
2469 1511 2736 1569 Similiter
2778 1526 2958 1572 autem
2992 1528 3185 1572 contra
3222 1534 3351 1589 prc-

1764 1605 2020 1676 sbyteros
2046 1604 2376 1685 etdiaconos
2397 1605 2753 1663 orthodoxos.
2780 1606 2957 1665 Iussit
2980 1617 3162 1665 autem
3188 1610 3344 1665 Cele-

1769 1713 1884 1755 rem
1937 1698 2262 1768 magistrum
2321 1698 2594 1766 deponere
2646 1699 2911 1757 violenter
2955 1717 3078 1757 cum
3120 1702 3190 1758 ab
3233 1702 3353 1772 epi-

48 1796 169 1836 rum
190 1788 253 1837 et
286 1780 449 1837 Ibam
469 1789 526 1838 et
548 1780 988 1852 Theodoretum;
1019 1787 1166 1857 quod
1188 1795 1242 1843 et
1269 1786 1400 1845 fecit
1436 1792 1669 1860 pusilla—
1697 1785 1748 1846 Β
1775 1794 1988 1866 scopio,
2017 1796 2288 1850 clamante
2307 1793 2624 1850 Macedonio
2646 1811 2704 1851 se
2736 1805 2986 1867 prompte
3023 1796 3355 1867 respondere

49 1876 235 1931 nimus
265 1872 467 1929 factus
502 1872 841 1942 Flavianus,
863 1886 919 1932 et
981 1885 1175 1934 contra
1231 1878 1543 1937 Ecclesiam
1566 1898 1664 1941 eos

50 1967 569 2023 anathematizavit
628 1983 739 2023 una
786 1984 911 2025 cum
974 1972 1205 2042 synodo.
1261 1971 1465 2030 Eodem
1517 1990 1664 2032 anno

44 2070 247 2117 contra
274 2060 667 2119 Macedoninm
699 2062 1007 2133 imperator
1038 2065 1267 2134 agebat;
1311 2077 1369 2122 et
1396 2068 1664 2129 schisma-

43 2156 137 2210 tici
165 2170 305 2210 cum
331 2156 641 2213 conductis
660 2157 873 2225 turbis,
929 2158 984 2213 in
1019 2158 1362 2230 Arcbangelo
1393 2162 1575 2230 palatii
1609 2174 1660 2221 et

48 2248 99 2300 in
128 2246 337 2318 Magna
388 2247 627 2303 ecclesia
653 2250 956 2319 psallentes
983 2251 1038 2306 in
1078 2251 1361 2309 Dominica
1382 2253 1470 2310 die
1500 2256 1663 2310 trisa-

1771 1903 1884 1944 non
1911 1889 2090 1945 solum
2120 1889 2173 1943 in
2204 1889 2484 1960 praetorio,
2514 1890 2612 1947 sed
2644 1892 2808 1948 etiam
2833 1895 2888 1948 in
2935 1893 3175 1950 theatro.
3199 1892 3350 1949 Multi

1767 1997 1896 2038 vero
1919 1981 2245 2037 clericorum
2278 1983 2333 2037 in
2360 1998 2610 2040 carceres
2637 1984 2794 2040 missi
2818 1993 2950 2041 sunt
2973 2004 3001 2046 Δε
3036 1987 3135 2056 qui
3153 1993 3336 2041 autem

1766 2072 1953 2142 fugere
2000 2080 2315 2146 potuerunt,
2344 2077 2487 2147 apud
2511 2076 2830 2145 [lernamet
2859 2076 3176 2135 Phoenicem
3223 2086 3355 2133 sunt

1775 2165 2033 2238 dispersi.

1838 2258 2014 2314 Porro
2065 2259 2269 2330 impius
2319 2260 2617 2331 imperator
2669 2261 3042 2319 authenticam
3099 2263 3354 2318 chartam

48 2341 169 2408 gion
204 2380 224 2403 ,
266 2339 565 2396 addebant
616 2342 670 2395 in
719 2356 821 2398 eo:
883 2342 990 2409 Qui
1021 2344 1316 2414 cruciﬁxus
1366 2362 1423 2400 es
1451 2354 1664 2415 propter
1764 2348 2233 2407 Chalcedonensis
2281 2351 2497 2408 concilii
2540 2361 2823 2423 gestorum
2878 2367 2976 2423 per
3018 2352 3342 2422 magistrum

60 2450 168 2498 nos,
197 2433 285 2489 ita
320 2443 391 2488 ut
413 2433 707 2489 orthodoxi
740 2451 805 2491 ex
837 2436 1169 2496 necessitate
1195 2452 1319 2492 cum
1358 2438 1536 2509 plagis
1561 2453 1659 2493 eos

51 2525 514 2596 insequerentur.
595 2525 901 2596 Imperator
974 2543 1106 2582 vero
1190 2529 1479 2584 manifeste
1559 2545 1658 2599 per

46 2618 453 2674 schismaticos
508 2620 811 2675 monachos
865 2628 923 2674 et
969 2620 1202 2675 clericos
1267 2628 1322 2675 et
1380 2619 1659 2676 Iulianum

50 2711 224 2766 Caria
259 2718 437 2777 tunc,
473 2710 670 2766 deinde
719 2725 853 2766 vero
895 2708 1266 2766 Halicarnassi
1315 2713 1658 2783 episcopum,

50 2811 103 2856 et
152 2801 447 2857 Severum
488 2802 833 2872 episcopum,
879 2801 1058 2857 adhuc
1086 2805 1438 2870 monachum,
1483 2806 1661 2875 impu-

47 2895 248 2963 gnabat
303 2891 696 2951 Macedoniam
725 2933 741 2959 ,
805 2893 1061 2963 turpibus
1095 2909 1222 2950 eum
1270 2895 1489 2965 publice
1522 2896 1658 2952 sub-

40 2985 275 3042 mittens
314 2984 571 3054 injuriis.
615 2983 998 3042 Multitudines
1029 2992 1214 3042 autem
1257 3001 1383 3041 cum
1418 2986 1660 3042 mulieri-

38 3078 141 3133 bus
174 3088 237 3134 et
265 3077 477 3138 liberis
520 3077 920 3149 ahbatibusque
973 3076 1411 3134 orthodoxorum
1460 3094 1652 3135 mona-

37 3169 281 3224 chorum
314 3178 674 3240 congregata:
693 3169 1010 3226 clamabant
1039 3187 1054 3224 :
1094 3169 1320 3240 Tempus
1372 3171 1648 3239 martyrii,

38 3260 360 3321 Chrisdam'
394 3276 416 3317 :
481 3277 543 3316 ne
609 3263 1042 3332 derelinquamus
1112 3260 1334 3317 Patrem
1382 3273 1648 3327 nostrum,

42 3354 281 3426 injuriis
344 3354 625 3410 lacessere
660 3354 1051 3422 imperatorem
1087 3361 1401 3423 satagentcs
1437 3364 1497 3409 ut
1535 3355 1653 3410 Ma-

41 3449 337 3505 nichzum
377 3455 433 3501 et
462 3446 747 3517 indignum
782 3447 1052 3517 imperio;
1077 3447 1441 3516 quigmetuens
1459 3448 1655 3505 clausit

37 3544 183 3599 ostia
210 3540 450 3613 palatii,
510 3550 568 3596 et
596 3557 765 3599 naves
812 3542 1145 3611 praeparavit
1172 3540 1239 3595 ad
1296 3540 1642 3612 fugiendum.

40 3634 445 3692 Macedonium
475 3640 676 3696 autem,
723 3633 792 3688 de
828 3649 939 3703 quo
965 3633 1248 3703 juraverat
1270 3648 1378 3689 non
1427 3648 1487 3688 se
1515 3634 1655 3687 tdtra

40 3728 338 3792 visurum,
388 3708 522 3781 tunc
558 3724 791 3795 rogabat
832 3722 1039 3790 videre,
1092 3723 1480 3779 multitudines
1541 3738 1656 3777 me-

37 3830 221 3875 tuens.
243 3817 384 3872 Hoc
412 3815 619 3871 interea
652 3814 903 3870 veniente
924 3813 991 3868 ad
1017 3829 1167 3881 eum,
1201 3813 1436 3883 populus
1485 3813 1657 3885 hcgu-

34 3911 220 3968 taenis
272 3918 343 3967 et
385 3907 667 3964 monachis
725 3907 1136 3978 protestabatur
1160 3906 1390 3963 dicens:
1441 3906 1657 3961 Patrem

29 4015 292 4059 nostrum
368 4000 623 4055 habemus
677 4018 711 4056 a
775 3998 941 4055 vobis.
984 3999 1201 4055 Schola:
1259 4013 1389 4054 vero
1440 3999 1654 4054 laudem

26 4096 315 4153 dicebant
380 4092 455 4159 ei,
498 4106 623 4147 cum
652 4091 936 4147 transiret.
989 4091 1285 4162 Ingressus
1337 4100 1524 4146 autem
1586 4089 1655 4145 ad

24 4187 421 4245 Anastasius:
459 4185 640 4255 arguit
678 4199 803 4241 eum
849 4194 907 4238 ut
963 4184 1175 4240 hostem
1229 4183 1516 4248 Ecclesiae;
1563 4182 1658 4252 qui

23 4280 362 4335 simulatus
393 4283 480 4331 est
510 4276 559 4330 ei
589 4275 659 4330 ad
718 4276 910 4331 horam
940 4275 1106 4331 uniri.
1135 4272 1339 4330 Verum
1391 4273 1646 4343 sequenti

22 4388 187 4429 anno
241 4367 483 4439 decepit
507 4367 806 4437 imperator
854 4364 1237 4421 Macedoniam
1295 4381 1391 4436 per
1410 4364 1654 4422 Celerem

1764 2441 2013 2512 accipere
2054 2458 2083 2497 a
2115 2442 2434 2499 Macedonio
2461 2452 2517 2499 ct
2551 2445 2863 2515 dirumpere
2889 2446 3199 2516 satagebat.
3228 2444 3347 2499 Ma-

1761 2535 2026 2592 cedonius
2069 2551 2199 2590 vero
2243 2537 2470 2606 signans
2533 2552 2659 2593 eam
2697 2552 2868 2607 super
2910 2538 3087 2591 altare
3131 2535 3351 2606 posuit:

1761 2642 1925 2698 quam
1960 2627 2296 2698 Galepodius
2351 2629 2641 2684 eunuchus
2696 2637 2753 2683 et
2783 2642 3110 2683 (economus
3148 2626 3355 2697 Magnae

1761 2717 2011 2774 ecclesia:
2071 2719 2221 2774 furto
2270 2718 2508 2774 ablatam
2560 2720 2876 2788 imperatori
2925 2719 3144 2777 detulit.
3195 2718 3353 2773 Tunc

1762 2807 2140 2876 Macedonium
2199 2817 2362 2865 nocte
2422 2808 2664 2865 cduccns
2721 2808 3020 2878 imperator
3075 2809 3354 2864 violenter

1759 2898 2167 2956 Chalcedonem
2200 2902 2376 2967 misit,
2398 2911 2454 2957 et
2480 2901 2605 2956 inde
2633 2902 2777 2971 apud
2807 2900 3127 2955 Encbaitem
3148 2901 3354 2958 exsilio

1769 2991 2007 3062 relegari
2041 2992 2327 3062 przecepit,
2350 2992 2484 3045 nihil
2507 3006 2695 3047 eorum
2721 3006 2844 3062 quae
2872 2989 2940 3044 de
2968 3006 3028 3046 se
3054 2989 3356 3059 objicicbat

1764 3098 2011 3154 quaerere
2041 3098 2236 3147 ausus,
2270 3092 2521 3137 metuens
2546 3080 2952 3136 multitudines.
2974 3079 3203 3149 Postera
3225 3097 3354 3135 vero

1758 3175 1847 3231 die
1911 3175 2164 3245 provehit
2229 3174 2549 3244 episcopum
2614 3173 2965 3228 Timotheum
3019 3173 3350 3242 quemdam,

1762 3269 2143 3340 presbyterum
2186 3276 2241 3322 et
2286 3282 2543 3322 vasorum
2596 3265 2880 3320 custodem
2935 3265 3203 3328 ecclesiae,
3253 3279 3354 3320 co-

1757 3367 2059 3431 gnomento
2089 3358 2446 3432 Lytrohulem
2475 3368 2530 3414 et
2550 3356 2806 3414 Celonem
2837 3364 3063 3428 propter
3083 3354 3353 3427 quosdam

1760 3464 1919 3510 actus
1943 3453 2336 3511 convenientes
2353 3451 2669 3507 nominibus
2693 3467 2709 3517 ;
2738 3450 2831 3521 qui
2862 3450 3146 3522 ingressus
3173 3448 3352 3504 eccle-

1759 3548 1890 3611 sias,
1923 3545 2158 3613 primum
2191 3544 2460 3614 imagines
2502 3542 2808 3598 Macedonii
2840 3541 3173 3612 deponebat,
3205 3550 3258 3596 et
3283 3540 3358 3596 ita

1759 3634 1999 3690 faciebat
2034 3634 2235 3690 missas
2269 3633 2406 3704 (20).
2444 3631 2712 3687 Joannem
2754 3646 2883 3687 vero
2920 3630 3356 3697 Alexandrinum

1765 3727 1825 3780 in
1877 3724 2156 3795 diptychis
2214 3720 2522 3787 ordinavit,
2570 3719 2730 3790 eique
2787 3721 3050 3791 synodica
3109 3719 3353 3789 scripsit.

1762 3818 2067 3889 Imperator
2097 3822 2278 3871 autem
2308 3811 2650 3883 perpendens
2683 3811 2831 3882 quod
2859 3811 2978 3866 sine
3006 3809 3355 3879 depositione

1760 3909 2137 3965 Macedoniam
2172 3914 2229 3962 et
2272 3907 2395 3961 sine
2439 3904 2651 3973 judicio
2702 3905 2758 3957 in
2796 3901 3050 3956 exsilium
3106 3901 3355 3969 miserit,

1760 4003 1932 4058 misso
1965 4000 2233 4069 magistro
2274 3997 2475 4053 sistere
2524 3996 2654 4050 fecit
2682 4010 2805 4050 eum
2842 3994 2984 4048 ultra
3017 3991 3354 4061 Claudiopo-

1760 4098 1854 4152 lim
1899 4094 2259 4160 lionoriadis;
2298 4092 2492 4162 sicque
2534 4090 2684 4145 illum
2719 4088 2997 4144 absentem
3036 4085 3347 4157 deponunt,

1759 4204 1884 4244 cum
1912 4188 2055 4242 idem
2070 4185 2179 4257 ipsi
2209 4183 2412 4239 fuerint
2439 4192 2809 4247 accusatores,
2832 4187 3001 4235 testes
3020 4185 3075 4232 et
3101 4176 3340 4247 iudices,

1760 4280 2063 4352 praesertim
2093 4293 2219 4333 cum
2247 4276 2361 4347 jam
2391 4285 2539 4332 esset
2563 4283 2691 4330 ante
2722 4272 2991 4344 judicium
3024 4271 3252 4342 pulsus,
3285 4274 3342 4323 et

1762 4388 1860 4443 per
1884 4371 2175 4442 episcopos
2197 4368 2420 4423 mittunt
2446 4366 2869 4437 depositionem,
2890 4371 2945 4419 et
2971 4364 3353 4434 presbyterum

24 4464 429 4534 magistrum,
482 4458 965 4514 commonitorium
998 4458 1111 4528 (19)
1147 4457 1355 4513 faciens
1409 4458 1475 4512 ad
1505 4473 1652 4523 cum,

1764 4465 2112 4537 Cyzicenum.
2164 4461 2274 4517 llos
2304 4476 2431 4516 cum
2460 4460 2690 4515 vidisset
2736 4457 3087 4511 Macedonius
3111 4495 3126 4518 ,
3171 4453 3352 4522 prius-

22 4556 85 4615 in
124 4571 257 4627 quo
285 4569 359 4610 se
384 4553 616 4624 primam
669 4552 892 4623 quidem
914 4559 970 4607 et
1023 4553 1320 4609 secundam
1353 4552 1651 4607 contiteba-

21 4658 124 4707 tur
149 4645 469 4713 suscipere
491 4642 782 4716 synodum,
812 4643 1141 4714 Ephesinam
1189 4658 1324 4698 vero
1351 4652 1405 4698 ct
1426 4643 1654 4699 Chalce-

22 4742 371 4797 donensem
413 4736 662 4802 dimisit,
694 4735 840 4805 quod
875 4735 1069 4806 ingens
1099 4734 1415 4790 Macedonio
1448 4735 1653 4803 vitupe-

23 4832 177 4886 rinm
246 4826 479 4884 attulit.
535 4824 639 4880 Per
671 4827 774 4881 hoc
808 4826 954 4881 enim
1001 4833 1057 4881 et
1106 4825 1361 4881 enoticon
1413 4824 1653 4881 Zenonis

22 4923 286 4995 recepit,
382 4920 472 4974 cui
511 4920 678 4974 etiam
747 4918 1165 4975 consecrandus
1221 4918 1650 4988 subscripserat.

19 5015 335 5070 Praeterea
372 5007 725 5064 Macedonius
754 5010 947 5064 abiens
991 5009 1046 5063 in
1072 5008 1345 5064 Adalmati
1379 5019 1656 5065 monaste-

20 5110 180 5163 rium
220 5105 293 5160 in
329 5119 401 5157 eo
455 5102 674 5158 clericis
717 5112 773 5156 et
825 5103 1108 5158 monachis
1147 5100 1501 5167 zelatoribus,
1562 5099 1655 5170 qui

17 5200 98 5257 ob
141 5199 208 5255 id
259 5193 632 5251 scandalizati
690 5193 927 5259 fuerant,
956 5195 1224 5251 rationem
1283 5192 1519 5247 reddidit
1560 5208 1657 5262 per

1759 4572 1925 4630 quam
1950 4572 2074 4612 cum
2104 4556 2216 4611 illis
2242 4556 2587 4624 loqueretur,
2619 4552 2992 4621 interrogabat
3022 4551 3066 4604 si
3104 4549 3352 4617 suscipe-

1757 4657 1882 4706 rent
1911 4647 2183 4720 synodum
2207 4646 2709 4704 Chalcedonenscm
2733 4662 2749 4709 ;
2782 4643 2980 4713 quibus
3006 4642 3351 4698 dicentibus:

1763 4759 1782 4792 ι
1818 4740 1951 4807 Quis
1985 4739 2125 4795 enim
2164 4738 2271 4793 es?
2309 4757 2328 4789 ι
2369 4737 2523 4791 Tunc
2555 4737 2672 4805 ipse
2699 4736 2775 4788 ait
2808 4754 2821 4789 :
2862 4754 2879 4786 ι
2915 4733 2975 4789 Si
3062 4732 3359 4789 Sabbulian

1757 4833 1835 4889 rei
1866 4830 2246 4886 Macedoniani
2276 4829 2540 4899 deferrent
2574 4828 2700 4880 mihi
2724 4826 3130 4896 depositianem,
3157 4842 3337 4878 conve-

1759 4934 1910 4977 nerat
1942 4938 2023 4975 me
2055 4920 2344 4984 suscipere.
2385 4917 2451 4971 Et
2487 4916 2561 4970 ita
2599 4915 2804 4970 reversi
2850 4925 2979 4971 sunt
3012 4914 3353 4981 inefficaces,

1762 5001 2015 5078 idemque
2073 5007 2321 5076 pervenit
2363 5004 2434 5059 ad
2519 5002 2865 5060 Euchaitem.
2919 5004 3072 5059 Tunc
3126 5012 3180 5059 et
3226 5003 3354 5057 Fla-

1761 5101 1981 5153 vianum
2018 5098 2313 5153 festinabat
2343 5097 2646 5167 imperator
2674 5111 2703 5151 a
2729 5096 2861 5153 sede
2882 5096 3222 5151 Antiochcna
3248 5093 3352 5164 eji-

1763 5206 1909 5259 cere,
1943 5200 1998 5247 ct
2025 5206 2124 5261 pro
2160 5189 2251 5244 illo
2283 5188 2545 5244 Severum
2575 5188 2926 5244 manifestum
2954 5188 3201 5243 veritatis
3238 5184 3345 5239 ini-

1571 5304 1807 5361 NOTAE.

94 5407 120 5475 (
128 5407 155 5462 ί
166 5402 245 5475 9)
260 5398 770 5475 Commonitorium.
783 5401 1106 5475 Theodorus
1118 5399 1274 5475 Balsa
1284 5415 1371 5453 mo
1395 5399 1471 5475 ad
1487 5414 1652 5469 syno-

12 5470 168 5535 duiu
189 5469 712 5542 Cartitaginensem
742 5492 755 5528 :
783 5472 1197 5543 xougtovudptoi
1217 5471 1334 5539 ἦτοι
1360 5470 1420 5523 τὸ
1448 5469 1651 5543 ἔγγρα-

16 5539 523 5620 φςγᾲριιτόλένημιια.
558 5542 689 5620 Vide
724 5544 790 5598 ad
825 5539 1442 5620 {IussusBasilicarum.
1481 5539 1644 5620 lites.

126 5615 251 5683 20)
284 5608 548 5683 Faciebat
580 5614 793 5676 missas,
830 5608 1198 5682 ἐλειτούργει.
1230 5608 1475 5683 Ident'de
1514 5609 1648 5663 Vitis

20 5681 167 5743 PP.
218 5681 286 5738 in
328 5681 735 5740 Constantino:
777 5703 792 5734 ι
835 5685 1027 5739 Missas
1068 5682 1382 5750 impcrntmi
1431 5681 1580 5735 fecit.
1625 5700 1643 5731 ι

19 5760 135 5816 Sic
172 5753 567 5826 loquebantur
598 5755 842 5821 antiqui,
874 5765 929 5808 ιιι
960 5757 1012 5810 S.
1053 5752 1360 5807 Bonifacius
1396 5753 1637 5819 archicp.

1759 5397 2005 5469 Mogunt,
2022 5413 2110 5469 ep.
2130 5398 2218 5453 95.
2243 5394 2386 5469 Hist.
2404 5394 2641 5469 Tripurt.
2666 5394 2931 5469 interpres
2948 5392 2985 5445 ι.
3010 5408 3122 5469 ινίι
3160 5390 3350 5469 Missas

1760 5461 1941 5523 faccre
1989 5461 2353 5524 in'ccclesia.
2395 5486 2414 5519 ι
2447 5466 2512 5520 Ει
2555 5467 2589 5518 Ι.
2630 5479 2678 5516 ιί
2713 5479 2775 5515 :r
2828 5461 3023 5517 Missas
3083 5462 3349 5516 facientes

1760 5554 2038 5597 seorsum.
2072 5557 2090 5590 ι
2141 5548 2192 5592 et
2225 5538 2259 5591 Ι.
2289 5554 2361 5591 vn
2397 5552 2411 5589 :
2484 5554 2503 5586 ι
2538 5534 2798 5588 Seorsum
2854 5533 3047 5600 agebat
3075 5534 3291 5587 missas.
3322 5549 3344 5582 ι

1761 5612 1854 5685 Sic
1887 5611 2051 5685 etiam
2086 5609 2326 5685 loquitur
2352 5609 2523 5685 l_._xn,
2555 5620 2603 5659 c.
2646 5604 2679 5656 Ξ).
2701 5619 2715 5667 ;
2740 5610 2793 5684 et
2817 5600 3172 5685 Elodoardus,
3199 5601 3347 5685 μία.

1761 5678 1911 5733 "Call.
1957 5680 1991 5732 l.
2039 5695 2098 5743 ll,
2134 5698 2182 5733 ιι.
2229 5679 2311 5732 15.
2367 5678 2507 5731 ldcut
2555 5686 2735 5745 tamen
2776 5678 3046 5745 intcrprcs
3084 5694 3102 5727 ι
3145 5678 3346 5732 missas

1754 5751 2031 5807 cclcln'arc
2072 5742 2093 5802 »ί
2128 5750 2281 5814 dixit,
2318 5747 2351 5806 Ι,
2399 5764 2449 5815 x,
2488 5763 2533 5802 ς.
2568 5746 2654 5798 23.
2688 5742 2761 5797 In.
