3906 6226
531 334 666 401 1247

1629 341 2030 406 ANASTASII
2061 341 2690 406 BIBLIOTHECARII

3681 341 3800 410 12ίὲ

528 450 732 506 inicum
769 450 1050 506 inducere.
1081 451 1474 523 Apposuerunt
1503 459 1686 512 autem
1711 457 2114 514 calumniantes
2143 458 2186 515 Α
2215 455 2396 512 ati'eeit
2428 456 2798 524 Timotheum,
2843 464 2897 512 et
2935 455 3256 527 imperatori
3284 456 3438 528 quod
3473 457 3690 512 dixerat
3726 460 3795 512 in-

526 543 670 613 quod
699 557 795 597 ore
829 550 1040 598 tantum
1069 553 1259 603 etnon
1290 548 1457 604 corde
1489 550 1757 620 synodum
1789 551 2108 608 anathema-

527 636 859 690 tizavcrunt.
904 635 980 690 De
1005 645 1204 692 caetero
1234 641 1300 706 fet
1327 641 1619 696 consilium
1654 652 1986 713 acceperunt
2013 643 2106 715 ju-

523 725 708 793 dices,
756 727 847 797 qui
890 729 1046 784 missi
1087 729 1308 785 fuerant
1342 731 1411 785 ah
1451 731 1819 802 imperatore,
1870 733 2106 805 pellendi

524 833 649 872 cum
681 827 737 874 et
767 829 991 890 propter
1022 822 1392 877 turbationem
1435 823 1712 880 modicum
1755 826 2104 894 removendi;

527 925 639 979 quo
675 911 741 966 ad
780 913 1042 970 Platanos
1077 929 1300 985 egresso
1325 917 1619 972 confestim
1665 918 1892 989 impium
1935 918 2110 976 Seve-

525 1017 647 1055 rum
691 1005 1017 1071 constituit,
1064 1008 1156 1076 qui
1197 1017 1325 1064 ante
1356 1010 1663 1065 monachus
1695 1010 1875 1066 fuerat
1905 1013 1961 1067 in
1992 1028 2110 1067 mo-

525 1097 770 1152 nasterio
795 1099 1301 1165 s'cliismaticorum,
1326 1102 1481 1172 juxta
1506 1103 1740 1176 Majuma
1773 1105 1962 1161 Gazae.
1984 1106 2103 1163 Flao

524 1190 748 1245 vianum
791 1199 974 1246 autem
1019 1193 1162 1262 apud
1208 1193 1399 1250 Petras
1433 1197 1632 1251 exsilio
1673 1197 1957 1270 relegavit.
1999 1200 2108 1257 Sed

523 1288 579 1335 et
621 1283 762 1338 alios
805 1284 1104 1339 nonnullos
1137 1285 1428 1357 episcopos
1460 1285 1656 1344 ferreis
1682 1289 1918 1346 vinculis
1959 1307 2110 1347 com-

527 1375 738 1443 pellitos
771 1391 877 1430 una
908 1392 1034 1432 cum
1075 1379 1414 1450 presbyteris
1447 1388 1501 1435 et
1531 1381 1876 1441 diaconibus.
1924 1385 2109 1442 Helias

525 1480 656 1521 vero
690 1465 1223 1539 llierosolymitanus
1255 1470 1384 1526 dum
1423 1480 1711 1542 cogeretur
1760 1475 1828 1532 ab
1877 1476 2110 1548 impera-

525 1566 644 1613 tore
697 1571 792 1615 aut
841 1558 1044 1616 Severo
1091 1564 1503 1621 communicare
1543 1574 1638 1621 aut
1675 1567 1744 1622 ab
1787 1569 2108 1639 episcopatu

524 1652 738 1722 repelli,
771 1655 1057 1711 monachis
1090 1658 1536 1716 confortantibus
1567 1661 1744 1726 illum,
1787 1662 1855 1718 ab
1891 1664 2110 1735 episco-

525 1752 654 1812 patu
687 1747 877 1818 projici
909 1750 1085 1820 magis
1118 1751 1303 1822 elegit,
1337 1760 1392 1808 et
1425 1764 1784 1812 consecratus
1811 1764 1898 1813 est
1924 1772 2022 1827 pro
2043 1774 2109 1815 eo

523 1835 763 1893 Joannes
791 1853 855 1894 ex
902 1842 1418 1913 staurOphylacihus
1449 1847 1696 1917 quidam,
1728 1849 1824 1919 qui
1862 1865 2107 1921 spopon-

524 1927 603 1983 dit
643 1927 824 1987 l‘acere
868 1949 1214 2006 quaecunque
1245 1938 1485 1995 vellent:
1519 1955 1710 1997 verum
1743 1954 2105 2001 consecratus

526 2031 779 2074 neutrum
831 2023 980 2078 fecit.
1041 2023 1346 2095 Imperator
1399 2035 1580 2084 autem
1633 2033 1958 2090 Anastasius
2000 2052 2108 2091 una

525 2123 650 2161 cum
700 2106 992 2166 Timotheo
1041 2113 1277 2168 scelesto
1325 2113 1940 2190 Constantinopolitano
1991 2125 2110 2195 epi-

524 2215 693 2271 seopo
723 2203 896 2262 multa
930 2203 1073 2258 mala
1104 2206 1392 2264 monachis
1425 2209 1646 2267 clericis
1677 2227 1740 2266 ac
1786 2213 1969 2283 laicis,
2015 2218 2109 2289 qui

525 2309 624 2362 pro
658 2293 982 2351 Macedonio
1009 2312 1219 2369 proque
1249 2300 1462 2370 synodo
1490 2302 1824 2360 defensanda
1858 2323 2111 2377 perseve-

526 2387 742 2453 rahant,
766 2388 1032 2456 ostendit,
1063 2389 1138 2445 ita
1167 2399 1228 2444 ut
1253 2392 1399 2462 apud
1428 2392 1613 2449 Oasim
1645 2395 1940 2454 Thebaidis
1967 2402 2106 2456 mul-

524 2487 610 2533 tos
651 2480 851 2534 exsilio
893 2481 1184 2551 relegaret.
1231 2483 1334 2549 Qui
1375 2483 1702 2544 Timotheus
1753 2491 2016 2561 synodica
2058 2501 2113 2549 et

525 2574 829 2630 Macedonii
855 2577 1254 2646 depositionem
1291 2579 1637 2649 singularum
1665 2582 1948 2654 episcopis
1976 2585 2113 2641 civi-

526 2676 698 2720 tatum
736 2669 801 2724 ad
835 2669 1294 2725 subscribendum
1337 2673 1670 2740 transmisit,
1711 2691 1945 2746 quorum
1993 2678 2108 2746 alii,

527 2759 781 2817 fortiores
807 2760 1042 2827 scilicet,
1073 2761 1139 2816 ad
1173 2769 1469 2832 utrmuque
1497 2767 1842 2831 restiterunt,
1870 2769 1960 2823 alii
1986 2786 2112 2826 vero

528 2850 778 2922 utrisque
831 2851 1124 2922 scripturis
1177 2854 1376 2908 timore
1429 2855 1780 2924 imperatoris
1835 2861 2110 2928 perterriti

525 2942 994 3014 subscripserunt.
1035 2945 1212 3000 Porro
1241 2945 1405 3002 medii
1443 2945 1775 3018 depositioni
1807 2949 2109 3008 Macedonii

525 3051 637 3090 non
663 3035 1102 3103 subscribentes,
1136 3036 1411 3093 Timothei
1449 3039 1732 3112 synodicis
1766 3043 2112 3114 subscripse-

2211 548 2436 603 dicavit.
2483 549 2583 606 Ast
2626 550 2927 621 imperator
2969 550 3337 621 ignominiose
3384 564 3451 604 ac
3480 550 3608 604 dire
3637 549 3790 606 Timeo

2210 641 2397 698 theum
2439 642 2494 696 in
2532 640 2725 698 faciem
2767 644 3104 698 conveniens
3144 649 3447 714 negantem
3499 641 3725 703 invenit,
3752 653 3796 696 et

2209 751 2241 792 c
2285 747 2480 792 contra
2519 752 2615 792 eos
2652 737 3207 792 anatliematizanlem
3251 737 3346 805 qui
3393 734 3798 790 Chalcedonen-

2211 843 2326 884 sem
2361 828 2634 899 synodum
2684 830 3044 899 recepissent.
3083 826 3260 882 Porro
3293 826 3557 882 Joannes
3594 829 3801 882 Alexan-

2209 919 2406 976 drinus
2427 918 2665 974 inhibuit
2686 917 2977 990 )Egyptios
3008 919 3308 974 ascendere
3339 917 3800 988 Hierosolymam,

2209 1020 2272 1067 ut
2323 1027 2430 1068 non
2471 1013 2951 1068 communicarent
3004 1013 3060 1066 in
3109 1014 3459 1068 exaltatioue
3518 1012 3802 1068 Chalcedo—

2208 1105 2371 1160 nensi
2411 1105 2668 1160 concilio.
2705 1102 2996 1160 Terribilia
3032 1120 3162 1160 vero
3198 1105 3460 1176 quaedam
3499 1107 3577 1161 ab
3610 1107 3694 1161 his
3721 1110 3798 1177 qui

2209 1214 2240 1253 a
2297 1198 2569 1254 daemonio
2619 1199 2949 1254 tenebantur
3004 1198 3148 1254 facta
3206 1207 3340 1254 sunt
3407 1199 3810 1273 Hierosolymis

2209 1295 2368 1343 tunc.
2401 1288 2728 1344 Anastasius
2757 1289 2904 1344 enim
2931 1289 3161 1360 cupiens
3185 1289 3304 1345 fieri
3339 1289 3452 1344 dux
3489 1289 3815 1357 Palzstinar,

2211 1381 2491 1452 pollicitus
2523 1389 2606 1437 est
2639 1382 2996 1452 imperatori,
3036 1381 3142 1438 nisi
3181 1383 3561 1452 persuaderet
3597 1382 3816 1451 Joanni,

2212 1482 2338 1545 post
2372 1475 2580 1530 Heliam
2629 1474 3129 1546 Hierosolymitano
3165 1475 3459 1546 episcopo,
3503 1481 3817 1532 communi-

2211 1580 2340 1622 care
2380 1564 2606 1628 Severo,
2648 1565 2784 1620 dare
2829 1573 3108 1620 trecentas
3152 1565 3324 1621 libras
3376 1568 3532 1622 auri.
3582 1568 3816 1635 Accepto

2212 1673 2343 1715 vero
2382 1657 2696 1728 principatu
2732 1657 2885 1712 venit
2920 1655 3389 1729 Hierosolymam,
3426 1657 3814 1731 Joannemque

2214 1748 2318 1804 sibi
2351 1762 2459 1803 non
2500 1747 2847 1803 obedientem
2880 1747 3030 1802 misit
3076 1747 3129 1801 in
3170 1761 3483 1803 carcerem.
3522 1747 3817 1807 Zacharias

2212 1855 2346 1897 vero
2404 1839 2625 1911 quidem
2684 1839 2942 1909 princeps
3000 1837 3326 1905 Palaestinae,
3381 1837 3501 1894 Deo
3566 1841 3816 1896 amabilis

2211 1934 2317 1997 vir,
2359 1932 2636 2003 suggessit
2669 1931 2948 2003 episcopo,
2995 1929 3114 1984 zelo
3160 1929 3351 1984 divino
3396 1930 3639 1996 ductus,
3696 1932 3815 1987 duci

2212 2025 2633 2098 repromittendi
2665 2041 2725 2081 se
2756 2040 2879 2095 quae
2909 2024 2985 2079 illi
3023 2025 3307 2095 placerent
3337 2034 3638 2093 acturum,
3670 2026 3823 2078 dum-

2212 2119 2378 2176 modo
2415 2119 2803 2175 restitueretur
2835 2117 2890 2172 in
2927 2118 3134 2172 throno
3173 2133 3312 2184 suo;
3360 2133 3476 2188 quo
3523 2133 3590 2174 se
3639 2118 3827 2173 absol-

2213 2221 2374 2269 vente
2404 2227 2469 2266 ac
2508 2212 2866 2274 restituente,
2903 2209 3155 2265 collectis
3187 2209 3482 2265 monachis
3516 2210 3579 2263 in
3616 2212 3830 2280 templo

2215 2304 2274 2360 S.
2311 2304 2572 2374 Stephani
2619 2303 2866 2358 ascendit
2912 2317 3081 2372 super
3119 2302 3441 2367 ambonem,
3489 2310 3549 2357 et
3593 2304 3819 2356 anathe-

2215 2398 2494 2452 matizarit
2523 2395 2834 2451 Nestorium
2865 2404 2920 2450 et
2947 2393 3232 2463 Eutychen
3264 2401 3318 2449 et
3344 2392 3626 2449 Severum
3655 2403 3821 2464 atque

2216 2490 2513 2554 Soterium,
2543 2488 2909 2558 pronuntians
2942 2498 3164 2542 sanctas
3198 2495 3253 2541 et
3281 2485 3644 2541 universales
3685 2503 3822 2556 qua-

2214 2589 2341 2634 tuor
2377 2580 2636 2650 synodos.
2668 2577 2874 2632 Aderat
2901 2585 3086 2631 autem
3117 2585 3168 2630 et
3196 2575 3469 2646 Hypatius
3503 2577 3673 2631 filius
3715 2577 3821 2631 l'rao

2215 2673 2316 2728 tris
2354 2671 2718 2742 imperatoris,
2750 2684 2859 2724 non
2882 2669 3286 2724 communicans
3306 2667 3550 2722 omnino
3581 2667 3826 2723 Severo.

2216 2763 2338 2828 llic,
2389 2778 2512 2817 cum
2553 2771 2683 2815 tunc
2723 2755 3391 2821 counnunicarctloauni,
3446 2756 3586 2811 auri
3656 2758 3830 2810 libras

2215 2865 2438 2912 centum
2471 2855 2622 2910 dedit
2663 2852 2722 2907 S.
2751 2851 3087 2916 Theodosio,
3113 2850 3202 2920 qui
3226 2858 3348 2904 erat
3373 2850 3678 2904 exarclms
3713 2865 3831 2904 rno-

2216 2949 2610 3012 nasteriorum,
2660 2947 2726 3000 ad
2760 2942 3200 2999 distribuendum
3233 2942 3341 2998 has
3374 2942 3690 2998 monachis
3730 2943 3828 3012 qui

2215 3053 2378 3098 recta:
2431 3039 2552 3096 ﬁdei
2610 3047 2769 3095 erant
2818 3045 2872 3092 et
2909 3035 3379 3092 Chalcedonensis
3419 3035 3656 3090 concilii
3709 3037 3829 3091 zelo

526 3138 694 3198 runt;
721 3133 866 3202 quod
912 3132 964 3187 id
992 3133 1171 3203 ipsum
1197 3139 1337 3198 erat,
1378 3134 1507 3188 licet
1537 3134 1619 3190 eis
1650 3136 1857 3192 distare
1885 3138 2105 3196 videre-
2139 3162 2182 3221 α
2219 3131 2520 3187 fervebant.
2572 3127 2868 3199 Imperator
2913 3135 3118 3221 autem_
3145 3125 3418 3221 quosdam
3453 3141 3560 3221 Ae!-
3607 3126 3831 3221 princif

526 3231 636 3278 tur.
687 3223 890 3278 V'olens
933 3236 1067 3277 sane
1097 3221 1421 3279 Timotheus
1453 3223 1640 3278 Severi
1686 3241 1886 3282 nomen
1929 3231 1984 3284 in
2033 3231 2117 3285 di-

527 3315 742 3384 ptychis
767 3314 1032 3369 ordinare
1053 3324 1106 3368 et
1123 3314 1366 3369 Flaviani
1394 3317 1614 3386 ejicere,
1639 3319 1956 3386 prohibitus
1983 3337 2066 3380 est
2087 3341 2117 3379 a

528 3409 770 3476 populo:
815 3407 1004 3462 Severi
1047 3421 1287 3476 namque
1324 3409 1768 3468 communionem
1791 3427 1987 3471 omnes
2022 3432 2119 3471 or-

524 3499 754 3555 thodoxi
780 3498 1090 3569 fugiebant,
1113 3509 1168 3554 et
1191 3501 1428 3558 maxime
1451 3503 1742 3571 monachi;
1767 3507 1968 3574 quibus
1991 3523 2118 3565 cum

526 3589 881 3646 multitudine
913 3589 1250 3646 rusticorum
1287 3592 1496 3662 punitis
1529 3594 1727 3650 multos
1757 3597 1995 3665 occidit,
2034 3598 2115 3654 al-

528 3683 665 3737 taria
717 3683 1046 3740 subvertens
1086 3693 1140 3740 et
1188 3700 1347 3740 sacra
1396 3686 1835 3744 orthodoxorum
1876 3706 2007 3748 vasa
2056 3702 2115 3747 ut

532 3774 840 3848 sacrilegus
881 3776 1150 3833 conflatis.
1181 3776 1400 3833 Juliana
1428 3795 1580 3844 vero,
1619 3781 1996 3837 illustrissima
2043 3783 2115 3838 fc—

525 3868 696 3934 niina,
726 3884 846 3938 quae
873 3869 1136 3938 templum
1185 3868 1275 3925 Dei
1311 3869 1612 3927 Genitricis
1639 3872 1782 3941 apud
1809 3872 2117 3930 Honoratus

525 3968 936 4024 construxerat,
968 3960 1127 4015 valde
1156 3975 1252 4030 pro
1292 3962 1728 4018 Chalcedonensi
1754 3965 1965 4034 synodo
1997 3972 2111 4020 sat-

513 4052 742 4130 agebat,
792 4051 863 4106 ita
914 4061 972 4107 ut
1006 4053 1055 4106 ei
1107 4067 1206 4108 nec
1253 4053 1554 4122 imperator
1597 4056 1843 4125 quidem,
1912 4057 2112 4114 multas

527 4145 788 4198 adversus
815 4159 934 4198 eam
958 4147 1226 4200 versutias
1250 4145 1628 4213 adinveniens,
1653 4147 1943 4205 Timotheo
1964 4166 2117 4205 com-

528 4235 810 4289 municare
841 4235 1174 4304 persuadere
1210 4237 1462 4291 valuerit.
1501 4238 1607 4294 Sed
1649 4256 1748 4296 nec
1781 4242 1900 4312 ipse
1927 4241 2115 4296 Timo-

527 4327 686 4381 theus
707 4325 1024 4395 frequenter
1054 4328 1123 4381 ad
1158 4344 1278 4383 eam
1307 4345 1540 4403 pergens
1567 4333 1670 4389 hoc
1695 4335 1744 4389 ei
1781 4335 1960 4404 potuit
1993 4350 2116 4405 per.

526 4421 780 4476 suadere.
810 4418 1133 4491 Pompeium
1156 4437 1378 4492 quoque
1418 4425 1812 4482 consobrinum
1851 4427 2025 4494 illius,
2059 4434 2114 4482 et

2218 3225 2379 3297 pibus
2418 3222 2678 3294 praecepit
2733 3223 2787 3276 in
2828 3220 3035 3291 templo
3086 3218 3147 3274 S.
3192 3219 3468 3274 Theodori
3523 3217 3824 3287 Sphoracii

2217 3329 2383 3385 super
2423 3313 2712 3369 ambonem
2747 3309 2956 3381 trisagii
3008 3308 3446 3365 additamentum
3490 3309 3814 3372 admittere,

2220 3407 2296 3461 ita
2331 3414 2390 3459 ut
2426 3403 2809 3458 multitudines
2850 3401 3148 3470 indignata
3185 3415 3282 3470 per
3315 3399 3463 3456 diem
3498 3399 3715 3454 [itania
3757 3401 3814 3452 il-

2221 3501 2331 3556 linc
2362 3499 2777 3568 egrederentur,
2813 3493 3036 3566 quando
3059 3503 3114 3549 et
3147 3492 3505 3550 Timotheum
3542 3509 3646 3564 per
3671 3509 3813 3548 eom-

2219 3591 2574 3646 mouitorium
2628 3588 2896 3660 scriptum
2938 3587 3200 3641 omnibus
3244 3585 3518 3640 Ecclesiis
3561 3587 3821 3656 praecepit

2219 3687 2506 3755 trisagium
2537 3684 2595 3738 in
2635 3681 2842 3736 litaniis
2884 3695 3010 3736 cum
3062 3678 3448 3734 additameuto
3483 3679 3824 3745 dicendum,

2218 3777 2363 3845 quod
2391 3775 2544 3830 multi
2570 3780 2872 3827 metuentes
2906 3771 3174 3826 fecerunt.
3205 3770 3465 3824 Monachi
3490 3786 3628 3825 vero
3651 3770 3825 3825 alium

2220 3863 2488 3932 psalmum
2533 3861 2820 3932 psalleudo
2848 3868 3139 3914 venerunt.
3192 3857 3303 3914 llos
3343 3870 3538 3914 autem
3586 3863 3825 3932 populus

2217 3956 2408 4012 videns
2443 3955 2742 4011 clamavit:
2779 3973 2798 4006 r
2846 3954 2988 4009 Bene
3021 3964 3266 4009 venerunt
3307 3954 3629 4017 orthodoxi,
3679 3972 3704 4005 ι
3753 3957 3822 4009 si—

2219 4050 2526 4120 multasque
2559 4050 2730 4104 multa
2761 4048 2909 4104 facta
2947 4055 3034 4104 est
3068 4057 3123 4102 et
3160 4047 3480 4102 incendium
3519 4048 3813 4102 domorum

2219 4142 2512 4199 multarum
2551 4155 2615 4194 ac
2656 4140 2952 4194 homicidia
2987 4141 3126 4194 dena
3169 4139 3362 4202 millia,
3417 4139 3585 4193 turba
3615 4141 3810 4194 vocife-

2219 4244 2372 4289 rante
2407 4235 2671 4290 adversus
2699 4235 3054 4289 Anastasium
3097 4242 3151 4289 et
3178 4231 3528 4288 Vitalianum
3579 4234 3805 4303 imperr

2219 4337 2390 4383 toreru
2424 4335 2659 4398 petente,
2704 4327 2778 4382 ita
2819 4337 2880 4382 ut
2919 4327 3128 4398 fugeret
3160 4326 3494 4382 Anastasius
3540 4337 3599 4382 et
3638 4329 3805 4382 latita-

2219 4431 2322 4487 ret,
2351 4422 2421 4476 ab
2458 4423 2684 4492 ipsaque
2713 4421 2963 4478 Areadne
2993 4422 3330 4476 laceraretur
3369 4421 3598 4492 injuriis
3628 4430 3800 4492 utpote

529 4514 692 4584 hujus
732 4529 1004 4586 uxorem,_
1026 4530 1150 4584 quae
1184 4515 1386 4570 mulier
1423 4525 1542 4570 erat
1584 4527 1778 4573 ornata
1825 4529 1878 4576 ct
1915 4535 2114 4576 conce-
2146 4521 2194 4580 ι)
2221 4516 2514 4571 multorum
2542 4531 2710 4572 causa
2739 4515 3006 4570 malorum
3037 4515 3372 4572 Christianis
3399 4515 3650 4571 effectus.
3689 4518 3798 4569 Aia-

526 4607 721 4664 dendis
739 4608 1021 4665 beneﬁciis
1043 4626 1270 4676 vacans,
1300 4610 1488 4665 multis
1517 4612 1818 4680 imperator
1843 4618 2112 4685 angustiis

527 4703 849 4759 humiliahat
875 4713 934 4759 ut
955 4704 1222 4762 zelatores
1249 4707 1440 4776 synodi
1463 4713 1518 4762 et
1547 4721 1644 4762 eos
1670 4707 1764 4778 qui
1795 4708 2113 4768 Macedonio

528 4797 904 4865 largiebantur
941 4799 996 4854 in
1043 4799 1240 4856 exsilio
1281 4815 1404 4870 qua:
1449 4801 1768 4856 necessaria
1815 4815 1993 4860 erant.
2046 4804 2112 4859 lli

528 4905 662 4943 vero
713 4893 808 4959 qui
854 4892 1240 4948 Alexandriam
1290 4895 1448 4950 missi
1493 4896 1709 4950 fuerant
1749 4910 1779 4949 a
1823 4895 2113 4954 Timotheo

527 4980 594 5032 ad
631 4979 895 5034 Joannem
935 4981 1253 5051 Nicaeotem,
1288 5000 1452 5054 super
1484 4984 1774 5040 ambonem
1810 4984 2112 5044 Chalcedo-

529 5087 702 5126 nense
722 5073 1253 5132 anathematizavere
1285 5077 1603 5133 concilium.
1635 5077 1902 5134 Defuncto
1929 5087 2110 5134 autem

533 5165 844 5241 liegumeno
878 5168 1200 5223 monasterii
1241 5169 1323 5225 Dii
1356 5173 1508 5226 venit
1544 5171 1869 5229 Timotheus
1887 5173 2113 5230 ordina-

527 5271 684 5316 turus
710 5259 1110 5330 hegumenum:
1143 5261 1191 5315 is
1212 5271 1394 5317 autem
1415 5264 1509 5334 qui
1537 5266 1944 5334 promovendus
1970 5273 2110 5332 erat,

527 5353 666 5408 dixit
693 5367 752 5409 se
783 5367 892 5408 non
920 5360 1311 5426 suscepturum
1342 5353 1776 5412 benedictionem
1805 5374 1834 5412 a
1870 5359 1988 5412 viro
2017 5357 2112 5427 qui

527 5448 1028 5506 Chalcedonensem
1079 5448 1349 5520 synodum
1391 5460 1711 5521 sperneret.
1748 5451 1827 5506 Ad
1873 5451 1988 5505 haec
2018 5449 2112 5506 Ti-

527 5546 782 5601 motheus
847 5545 977 5602 ait:
1031 5544 1330 5601 Anathema
1389 5546 1532 5600 omni
1567 5544 1767 5600 homini
1817 5544 2111 5600 Chalcedo-

535 5648 690 5688 uense
713 5653 818 5690 non
852 5638 1162 5706 suscipienti
1206 5637 1512 5692 concilium.
1572 5638 1641 5692 Et
1678 5646 1794 5692 tum
1844 5637 1937 5692 ille
1986 5651 2112 5707 pro-

535 5723 657 5774 vehi
689 5727 756 5781 ab
785 5729 906 5798 ipso
936 5731 1213 5787 convenit.
1261 5721 1530 5786 Prmterea
1557 5729 1802 5785 Joannes
1837 5729 2110 5783 archidia-

540 5824 712 5870 conus
738 5817 1034 5883 Timothei.
1085 5838 1208 5879 cum
1243 5831 1383 5882 esset
1423 5821 1754 5880 Matiiclncu:
1779 5864 1793 5889 ,
1846 5821 2110 5880 conviciis

2218 4607 2486 4662 inundare
2517 4617 2694 4664 autem
2739 4609 2987 4680 principe
3022 4606 3430 4663 Saracenorum
3474 4610 3662 4677 gentis
3709 4609 3796 4661 ba-

2217 4701 2442 4771 ptizato,
2486 4699 2721 4759 Severus
2757 4701 2898 4758 duos
2931 4703 3224 4773 episcopos
3265 4702 3480 4757 macula
3525 4719 3645 4757 suae
3687 4717 3798 4772 pra-

2214 4794 2403 4850 vitatis
2436 4793 2670 4850 infectos
2712 4795 2913 4850 direxit
2953 4795 3003 4850 ei
3047 4795 3536 4848 communicandi:
3577 4794 3665 4846 Dei
3712 4809 3808 4845 au—

2217 4895 2326 4944 tem
2359 4888 2703 4959 providentia
2745 4889 2836 4942 ille
2870 4889 2938 4943 ab
2974 4887 3299 4943 orthodoxis
3337 4887 3652 4958 baptizatus
3692 4884 3808 4938 fue-

2217 4989 2338 5048 rat,
2388 4981 2481 5051 qui
2542 4983 2879 5052 recipiebaut
2936 4982 3256 5037 concilium.
3313 4983 3568 5052 Cumque
3617 4981 3806 5035 Severi

2215 5075 2460 5145 episc0pi
2516 5075 2839 5132 subvertere
2869 5076 3174 5146 principem
3209 5091 3239 5127 a
3268 5090 3402 5129 vero
3434 5075 3681 5144 dogmate
3725 5071 3808 5124 fe—

2217 5169 2508 5233 stinarent,
2546 5168 2874 5224 mirabiliter
2906 5184 3003 5226 eos
3037 5169 3219 5238 arguit
3259 5169 3669 5222 Alaiuttndarus
3698 5165 3804 5219 hu-

2213 5260 2520 5332 juscemodi
2555 5260 2740 5316 fabula
2796 5261 2887 5316 Ait
2923 5262 3070 5318 enim
3099 5261 3165 5316 ad
3209 5261 3377 5314 illos:
3417 5279 3435 5310 ι
3486 5259 3733 5316 Litteras.
3779 5275 3798 5302 ι

2216 5355 2416 5424 inquit,
2475 5372 2495 5406 ε
2559 5356 2734 5423 accepi
2782 5355 2959 5420 hodie,
3012 5353 3136 5423 quia
3178 5351 3411 5406 Michael
3461 5351 3801 5417 archangdm

2215 5456 2456 5502 mortuus
2484 5458 2579 5502 est.
2621 5466 2640 5500 ν
2671 5447 2785 5502 Illis
2815 5463 2947 5503 vero
2969 5446 3280 5502 dicentibus
3330 5445 3438 5498 hoc
3470 5440 3800 5512 impossibile

2216 5550 2369 5604 fore,
2422 5540 2498 5593 ait
2554 5539 2851 5608 princeps:
2890 5536 2958 5590 Et
3018 5535 3278 5607 quomodo
3325 5534 3472 5589 Deus
3519 5532 3799 5587 secundum

2215 5648 2304 5687 vos
2339 5631 2510 5686 nudus
2535 5632 2825 5700 cruciﬁxus
2854 5639 2954 5696 est,
2989 5629 3094 5683 nisi
3132 5638 3451 5682 naturarum
3498 5635 3625 5680 esset
3665 5621 3798 5672 drc-

2216 5742 2334 5779 rum
2357 5724 2626 5790 Christus,
2653 5722 3081 5794 quandoquidem
3132 5739 3223 5776 nec
3264 5724 3493 5792 angelus
3537 5713 3794 5772 merit"?

2215 5819 2282 5877 Et
2316 5820 2392 5876 ita
2417 5836 2542 5878 cum
2577 5818 2901 5877 confusione
2928 5815 3114 5875 Severi
3148 5826 3500 5873 recesserunt
3531 5803 3786 5884 episcopi.
