3950 6234
91 256 228 323 1Ξ49

902 224 1269 315 HISTORIA
1302 248 1876 311 ECCLESIASTICA
1910 247 2012 308 EX
2044 249 2526 311 THEOPHANE.

3197 252 3332 320 19.50

85 378 255 430 Porro
299 371 546 428 Cabadcs
599 367 867 438 quosdam
918 368 1264 424 Christianos
1292 405 1309 434 ,
1362 367 1455 436 qui
1508 372 1664 418 crant
1697 369 1736 423 Α
1768 361 2096 418 Theodorus
2132 373 2314 420 autem
2354 365 2574 435 quidam
2602 380 2665 420 ex
2698 365 2782 421 his
2811 365 3058 436 quicum
3096 383 3162 424 eo
3178 379 3338 425 erant

87 462 145 515 iu
184 459 434 523 Perside,
473 458 678 528 p0plite
703 457 1020 520 enervavit,
1055 457 1151 528 qui
1187 465 1370 512 tamen
1412 464 1656 514 postmo-

83 557 217 608 dum
243 551 681 608 ambulaverunt.

163 641 428 697 Vicesimo
459 641 621 697 tertio
651 639 867 710 imperii
889 641 1164 696 Anastasii
1194 654 1340 694 anno
1364 635 1659 693 llormisda

88 750 230 804 papa
253 734 531 788 Romanus
556 732 897 802 pontificium
929 733 1088 802 gerit.
1118 731 1428 786 Vitalianus
1451 737 1656 794 autem,

89 843 252 897 quem
287 825 519 896 populus
583 825 971 894 imperatorem
1032 824 1395 895 expetiverat,
1437 828 1662 890 accepta

92 927 208 971 tota
238 916 490 980 Thracia,
525 913 750 986 Scythia
782 922 838 969 et
896 913 1089 984 Mysia,
1126 912 1393 982 Volgares
1451 909 1662 964 habens

90 1027 277 1068 secum
301 1019 352 1065 et
369 1008 777 1063 multitudinem
804 1006 1151 1073 Hunnorum,
1169 1006 1315 1076 cepit
1333 1001 1663 1058 Anchialum

92 1114 152 1160 ct
189 1101 585 1173 Odyssopolim.
625 1097 1054 1170 Comprehendit
1077 1107 1258 1152 autem
1297 1104 1354 1151 et
1396 1093 1662 1165 Cyrillum

97 1196 414 1266 magistrum
458 1193 693 1247 militum
746 1191 1021 1255 Thraciae,
1069 1197 1124 1244 et
1174 1187 1424 1258 pervenit
1454 1186 1665 1258 praedas

101 1287 335 1359 gerendo
380 1299 554 1353 usque
601 1283 949 1353 Byzantium,
976 1296 1211 1352 parcens
1265 1295 1395 1336 vero
1456 1277 1666 1333 civitati

104 1378 244 1448 apud
288 1376 638 1432 Sosthenium
674 1383 856 1430 castra
915 1382 1153 1430 metatus
1193 1383 1298 1427 est.
1336 1372 1667 1428 Anastasius

107 1478 281 1523 autem
315 1468 702 1538 desperatione
750 1475 1140 1523 consternatus
1173 1467 1340 1520 mittit
1372 1481 1437 1520 ex
1472 1472 1666 1520 senatu

105 1560 387 1630 quosdam,
443 1573 646 1630 rogans
673 1573 798 1613 eum
830 1557 1035 1627 pacisci
1063 1567 1118 1612 et
1144 1557 1334 1627 jurare
1398 1571 1505 1609 una
1541 1569 1665 1608 cum

103 1659 317 1715 senatu,
349 1648 495 1720 quod
547 1650 614 1703 ab
655 1647 851 1704 exsilio
883 1648 1173 1718 episcopos
1207 1651 1491 1702 revocaret
1523 1643 1667 1714 apud

1761 455 2036 511 viditeum
2065 457 2118 510 in
2138 459 2353 514 somnis
2378 459 2480 512 sibi
2501 459 2804 513 dicentem:
2835 458 3114 527 Excipe,“
3151 462 3333 517 abiens

1762 549 2189 618 legeAnastasio,
2203 560 2251 605 et
2267 551 2382 603 dic:
2402 554 2512 621 Ego
2529 550 2738 618 quidem
2755 551 2887 604 vado
2905 553 2972 604 ad
2984 562 3159 621 patres
3174 571 3336 620 meos,

1762 655 1985 708 quorum
2008 641 2168 708 [idem
2189 641 2416 708 servavi,
2437 658 2542 695 non
2589 641 2802 696 cessabo
2826 651 2998 696 autem
3048 644 3338 698 increscens

1767 729 2294 802 Domino,usquequo
2317 733 2492 786 venias
2515 743 2564 786 et
2587 733 2639 786 in
2657 733 2924 802 judicium
2955 733 3338 803 ingrediantur.

1762 819 1965 876 Eodem
1983 835 2128 877 anno
2143 823 2489 878 Alexandria:
2505 825 2660 879 mu‘lti
2681 826 2783 881 viri
2798 832 2852 880 et
2873 826 3130 883 mulieres
3145 839 3197 882 et
3220 844 3343 897 pue«

1765 911 1812 965 ri
1836 917 2098 969 atrociter
2115 929 2144 968 a
2169 915 2508 971 dzemonibus
2523 916 2738 972 obsessi
2775 928 2998 988 repente
3046 921 3340 975 latrabant.

1767 1004 1820 1058 In
1844 1008 2052 1061 somnis
2081 1018 2261 1062 autem
2289 1007 2512 1078 quidam
2550 1008 2685 1064 vidit
2717 1011 3010 1080 quemdam
3071 1013 3340 1069 dicentem

1764 1099 1891 1170 quia
1951 1109 2176 1170 prepter
2235 1101 2726 1159 anathematismos
2785 1103 2981 1174 synodi
3059 1106 3346 1174 patiuntur

1767 1192 1895 1247 ista.
1920 1193 2090 1248 Porro
2121 1194 2370 1249 monachi
2401 1199 2567 1250 eremi
2597 1197 2712 1250 zelo
2734 1196 2920 1250 divino
2936 1197 3088 1259 moti,
3107 1206 3348 1266 quatuor

1766 1289 2199 1342 contestationes
2247 1294 2665 1356 componentes,
2693 1286 2830 1342 duas
2858 1287 3078 1356 quidem
3136 1302 3200 1341 cx
3258 1288 3346 1342 his

1770 1377 1971 1434 misero
1994 1378 2335 1448 imperatori,
2356 1393 2520 1432 unam
2554 1392 2682 1433 vero
2702 1377 3046 1448 principibus
3097 1377 3344 1448 regionis

1769 1476 1823 1522 et
1851 1485 2016 1523 unam
2039 1470 2304 1541 episcopo
2363 1469 2862 1542 llierosolymitano
2909 1468 3128 1534 Joanui,
3158 1477 3344 1539 prote—

1771 1568 1979 1616 stantes
2009 1577 2185 1631 neque
2203 1569 2449 1617 sanctam
2468 1576 2527 1616 se
2548 1560 3052 1616 Chalcedonensem
3072 1559 3344 1630 synodum

1770 1653 2228 1722 prrevaricaturos
2259 1668 2438 1723 neque
2465 1653 2633 1723 impio
2669 1653 2870 1708 Severo
2909 1651 3348 1706 communicatu-

107 1715 405 1799 Ileracliam
465 1739 715 1794 Thracae.
777 1715 948 1795 Porro
997 1715 1304 1794 Vitalianus
1353 1737 1564 1794 addidit
1609 1747 1670 1792 ut
1701 1715 1744 1770 Β
1773 1715 1886 1802 ros,
1910 1742 2042 1810 quin
2073 1748 2126 1796 et
2159 1756 2220 1796 se
2245 1715 2560 1811 promptam
2608 1741 2809 1796 habere
2843 1749 3094 1805 mortem,
3155 1743 3343 1796 incen-

103 1840 159 1888 et
183 1830 446 1902 principes
489 1829 925 1899 uniuScujusque
955 1828 1437 1898 scholazjurarcnt
1481 1827 1667 1895 istud;

103 1925 202 1981 sed
232 1933 281 1980 et
301 1923 655 1979 Macedonius
679 1930 732 1978 et
758 1921 1075 1987 Flavianus,
1128 1922 1220 1992 qui
1246 1921 1498 1991 nequiter
1529 1921 1670 1991 pulsi

103 2017 342 2084 fuerant,
373 2031 505 2071 suos
537 2015 848 2086 reciperent
875 2015 1128 2081 thronos,
1185 2015 1442 2069 similiter
1489 2021 1545 2067 et
1587 2027 1671 2067 re-

101 2109 240 2180 liqui
293 2123 480 2162 omnes
501 2106 765 2177 episcopi,
793 2113 848 2160 et
891 2107 967 2161 ita
1005 2105 1378 2162 celebraretur
1401 2104 1668 2176 synodus,

102 2202 348 2255 Romano
394 2207 449 2254 et
481 2197 697 2252 cunctis
746 2196 1022 2268 episcopis
1075 2197 1564 2260 convenientibus,
1617 2205 1671 2250 ct

103 2289 388 2346 communi
421 2288 630 2359 judicio
664 2290 1031 2359 probarentur
1087 2302 1210 2358 qua!
1261 2286 1529 2343 adversus
1578 2302 1670 2341 or-

106 2381 370 2438 thodoxos
393 2389 523 2437 sunt
566 2388 920 2452 praesumpta.
972 2381 1165 2450 Itaque
1188 2395 1312 2436 cum
1340 2380 1456 2436 haec
1497 2380 1672 2450 impe-

108 2486 278 2544 rator,
310 2481 536 2530 senatus
556 2483 612 2529 et
645 2474 842 2545 reliqui
871 2474 1152 2545 principes
1181 2473 1478 2544 populique
1502 2473 1669 2531 iuras-

107 2581 233 2628 sent
265 2578 316 2626 et
347 2569 764 2625 confirmassent
814 2568 888 2623 ita
935 2568 1172 2624 fiendum
1229 2567 1365 2638 (21),
1423 2569 1563 2623 facta
1593 2576 1678 2623 est

107 2679 239 2735 pax,
259 2672 308 2718 et
333 2662 400 2717 ad
432 2661 652 2733 propria
686 2659 867 2714 rediit.
908 2661 1204 2715 [Iormisda
1235 2675 1368 2715 vero
1395 2658 1678 2715 Romanus

105 2755 423 2824 cpiscopus,
460 2751 732 2808 molestiis
778 2751 1040 2822 fatigatus
1076 2767 1106 2805 a
1142 2750 1490 2806 Theoderico
1525 2749 1678 2805 Vita-

109 2847 258 2901 liano
285 2846 521 2907 favente,
554 2841 870 2898 Ennodium
920 2843 1238 2912 episcopum
1267 2842 1415 2897 misit
1447 2850 1501 2896 et
1525 2841 1680 2895 Vita-

111 2941 312 2994 lianum
350 2936 801 2992 archidiaconum
849 2934 916 2988 ad
976 2933 1247 3004 synodum
1299 2934 1679 2989 celebrandam

104 3029 255 3100 apud
289 3027 616 3083 Heracliam.
676 3025 888 3080 Venere
920 3033 1102 3079 autem
1137 3036 1192 3079 ct
1243 3025 1488 3094 cpiscOpi
1513 3039 1578 3079 ex
1601 3025 1681 3076 di-

105 3121 288 3176 versis
320 3120 458 3176 locis
505 3118 619 3174 fere
647 3117 894 3183 ducenti,
925 3117 1018 3186 qui
1067 3116 1212 3171 illusi
1241 3116 1310 3171 ab
1342 3116 1535 3186 iniquo
1581 3117 1684 3171 im-

104 3225 360 3287 peratore
412 3229 478 3271 ac
527 3212 822 3269 Timotheo
889 3213 1150 3283 episcopo
1216 3211 1684 3282 Constantinopo-

105 3313 286 3368 litano
336 3323 617 3366 recessere
656 3306 989 3363 inefficaces.
1064 3305 1270 3376 Impius
1313 3305 1534 3375 quidem
1581 3305 1686 3357 im-

105 3409 335 3473 perator
426 3406 585 3469 pacta
669 3396 1084 3468 transgrediens
1189 3395 1328 3450 clam
1411 3394 1688 3449 iutimavit

106 3494 364 3548 Romano
393 3505 549 3561 papre
573 3503 644 3543 ne
674 3486 924 3544 veniret:
973 3485 1199 3540 miserat
1232 3483 1379 3538 enim
1413 3481 1689 3539 Vitaliano

106 3598 328 3642 sacram
375 3596 486 3653 quo
538 3580 938 3636 transmitteret
993 3592 1113 3634 eam
1163 3576 1414 3641 Romam,
1468 3584 1527 3630 ut
1551 3587 1688 3645 papa

109 3677 558 3749 proficisceretur
589 3672 656 3727 ad
685 3670 1071 3726 celebrandam
1104 3667 1569 3739 apudlleracliam
1595 3682 1688 3738 sy-

111 3768 344 3825 nodum.
399 3765 597 3823 Omnis
642 3773 826 3819 autem
875 3762 1113 3834 populus
1139 3771 1307 3831 atque
1357 3769 1589 3816 senatus
1635 3761 1691 3814 in

107 3861 407 3933 praesentia
435 3857 800 3914 maledicebat
838 3855 1133 3911 Anastasio
1157 3862 1418 3924 tanquam
1445 3849 1690 3922 perjuro.

100 3954 298 4009 Porro
333 3949 645 4005 Vitalianus
667 3945 986 4018 indignatus
1029 3945 1292 3999 adversus
1335 3941 1692 3996 Anastasium

105 4039 190 4096 ob
224 4037 527 4109 periurium
557 4034 728 4089 multa
775 4035 918 4089 mala
949 4033 1288 4089 exercitibus
1328 4031 1611 4087 Anastasii
1641 4037 1696 4086 et

104 4132 344 4201 reliquae
367 4129 444 4184 rei
475 4127 705 4198 publicae
721 4123 1138 4189 demonstravit,
1157 4123 1438 4189 occidens,
1453 4123 1696 4194 rapiens,

99 4222 288 4278 armis
328 4235 557 4282 exuens.
596 4227 649 4274 et
671 4217 1030 4288 postremoad
1052 4216 1310 4286 injuriam
1334 4215 1454 4285 ejus
1496 4229 1698 4269 unum-

96 4328 397 4386 quemque
431 4311 660 4365 militem
685 4326 796 4365 uno
819 4324 964 4364 aereo
1003 4322 1230 4362 nummo
1254 4306 1522 4364 vendens.

1774 1831 1966 1886 dentes
1989 1841 2044 1886 et
2065 1840 2256 1888 sancta
2277 1833 2419 1887 loca.
2435 1832 2579 1889 Sane
2596 1833 3073 1889 Thessalonicensi
3091 1833 3348 1902 episcopo

1774 1923 2214 1980 communicante
2275 1926 2344 1979 ob
2381 1936 2583 1979 metum
2650 1926 2998 1996 imperatoris
3065 1927 3350 1982 Timetheo

1773 2013 2386 2084 Constantinopolitano
2410 2017 2689 2086 episcopo,
2725 2017 3087 2090 quadraginta
3106 2019 3352 2091 episcopi

1777 2104 1975 2176 Illyrici
1999 2105 2286 2162 etGrzecize
2307 2109 2696 2164 convenientes
2721 2109 2774 2164 in
2799 2126 2965 2165 unum
3001 2126 3100 2181 pcr
3138 2111 3351 2182 profes-

1777 2197 1986 2254 sionem
2001 2200 2055 2254 in
2077 2201 2302 2271 scriptis
2322 2200 2544 2265 factam,
2564 2210 2620 2256 ut
2641 2218 2671 2256 a
2687 2203 2908 2272 proprio
2928 2205 3354 2274 metropolitano

1775 2288 2080 2348 discessere
2112 2293 2360 2359 abeo;et
2375 2292 2602 2348 Romam
2640 2293 2917 2350 mittentes
2941 2293 3188 2352 Romano
3208 2311 3356 2350 com-

1779 2381 2058 2438 municare
2073 2383 2368 2454 inscriptis
2383 2384 2616 2455 professi
2647 2396 2794 2440 sunt.
2816 2385 3147 2456 EpiscOpum
3172 2397 3353 2442 autem

1779 2473 2322 2530 Thessalonicensem
2341 2475 2662 2532 Theodorus
2676 2477 2973 2534 historicus
2987 2479 3356 2548 patriarcham

1780 2567 2028 2620 nominat
2063 2565 2533 2628 irrationabiliter,
2569 2568 2820 2622 nesciens
2848 2583 2951 2637 qua
2982 2584 3081 2638 pro
3110 2584 3299 2624 causa.

1853 2657 2129 2714 Vicesimo
2146 2658 2357 2728 imperii
2382 2658 2656 2713 Anastasii
2676 2673 2842 2724 anno,
2868 2659 3079 2716 Joanne
3113 2660 3356 2716 Nicaeote

1780 2749 2155 2804 Alexandrino
2181 2749 2429 2805 antistite
2477 2750 2737 2807 haeretico
2781 2759 3024 2817 mortuo,
3061 2751 3361 2809 Dioscorus

1776 2841 1987 2910 junior,
2015 2840 2291 2908 Timothei
2345 2840 2535 2898 Heluri
2563 2842 2955 2908 consobrinus,
2987 2844 3248 2914 prmlatus
3276 2856 3364 2902 est

1784 2932 2078 3002 episcopus
2122 2932 2494 2988 Alexandriae.
2547 2932 2686 2989 Cum
2734 2943 2919 2989 autem
2957 2935 3202 2992 venisset
3257 2934 3365 3007 By-

1713 3051 1756 3109 c
1789 3026 2054 3093 zantium,
2087 3043 2186 3098 pro
2234 3028 2626 3085 Alexandrinis
2657 3030 2799 3099 apud
2848 3031 3234 3100 imperatorem
3280 3033 3364 3086 in—

1789 3125 2138 3173 tercessurus
2191 3127 2419 3188 propter
2457 3119 2805 3174 occasionem
2833 3120 2924 3175 lilii
2955 3121 3211 3191 Calliopii
3242 3127 3362 3176 An-

1781 3207 2043 3284 Vgustalis,
2079 3209 2147 3264 ab
2179 3208 2507 3264 orthodoxis
2529 3209 2748 3279 publice
2773 3212 3044 3282 conviciis
3070 3213 3367 3283 appeteba-

1786 3304 1899 3362 tur,
1933 3311 2059 3352 cum
2095 3296 2442 3368 procederet,
2505 3299 2954 3357 existimantibus
2991 3317 3114 3357 eum
3168 3313 3366 3358 contra

1789 3398 1939 3447 recta
1965 3390 2224 3461 dogmata
2277 3391 2594 3447 advenisse.
2642 3392 2784 3462 Ergo
2833 3409 2958 3448 cum
3009 3395 3081 3448 ob
3132 3395 3367 3450 homici-

1790 3482 1941 3537 dium
1997 3483 2445 3547 intercessisset,
2506 3499 2630 3538 cum
2693 3483 3046 3539 festinatione
3085 3485 3365 3542 discessit.

1791 3572 1968 3628 Causa
1997 3587 2126 3628 vero
2152 3572 2319 3627 caedis
2357 3573 2459 3626 ista
2493 3573 2614 3628 fuit.
2659 3573 2796 3627 Cum
2853 3573 3151 3631 Dioscorus
3171 3591 3371 3632 manus

1792 3665 2196 3732 impositionem
2255 3664 2581 3734 accepisset,
2640 3679 2922 3720 recessere
2977 3667 3364 3723 multitudines

1794 3756 2156 3822 rusticorum,
2209 3755 2460 3810 dicentes
2521 3754 2652 3824 quia
2706 3755 2813 3809 nisi
2868 3757 3169 3812 secundum
3224 3759 3372 3828 quod

1795 3855 2111 3903 sanctorum
2167 3846 2460 3902 continent
2509 3847 2887 3916 apostolorum
2945 3861 3190 3904 canones
3255 3849 3371 3915 flat,
3469 3896 3474 3903 ,

1798 3955 1906 3995 non
1967 3938 2270 4010 recipietur
2307 3938 2638 4010 episcopus:
2692 3937 2949 4009 princeps
2978 3938 3124 3994 enim
3161 3940 3377 3997 inthro-

1797 4031 2078 4088 nizaverat
2112 4046 2260 4089 eum.
2321 4030 2620 4086 Dioscorus
2645 4037 2828 4085 autem
2862 4032 3009 4087 venit
3039 4033 3106 4088 ad
3143 4031 3204 4086 S.
3235 4033 3377 4088 Mar-

1799 4137 1949 4189 cum,
1988 4130 2046 4178 et
2070 4123 2354 4178 venientes
2381 4121 2566 4177 clerici
2595 4120 2895 4176 induerunt
2944 4137 3069 4177 eum
3103 4123 3374 4190 secundo,

1799 4224 1856 4272 et
1884 4215 2082 4272 iterum
2129 4223 2618 4271 consecraverunt.
2691 4213 2760 4268 Et
2795 4213 2870 4270 ita
2911 4215 3140 4272 veniens
3188 4217 3256 4272 ad
3313 4217 3373 4272 S.

1800 4308 2068 4366 Joannem
2119 4309 2354 4382 perfecit
2387 4308 2701 4365 collectam.
2770 4306 2909 4362 Cum
2983 4315 3164 4363 autem
3229 4315 3378 4364 esset

185 4405 375 4462 Mundi
400 4417 544 4457 anno
578 4400 736 4468 6008,
767 4400 970 4456 divina:
990 4399 1389 4456 incarnationis
1406 4413 1552 4454 anno
1569 4397 1694 4467 508,
1723 4385 1775 4445 ι)
1802 4405 1914 4461 illic
1943 4403 2297 4460 Theodosius
2329 4401 2480 4459 filius
2507 4400 2764 4472 Calliopii
2796 4400 3116 4470 Augustalis
3161 4409 3218 4457 et
3241 4402 3380 4457 Aca-

100 4499 332 4565 llunni,
365 4495 459 4570 qui
516 4493 775 4553 dicuntur
806 4494 1002 4559 Saber,
1059 4499 1412 4547 transeuntes
1462 4490 1694 4562 Caspias

97 4601 337 4667 portas,
356 4592 670 4648 Armeniam
688 4596 740 4645 et
754 4585 1176 4660 Cappadociam,
1195 4584 1463 4639 Galatiam
1488 4594 1541 4640 et
1557 4582 1702 4639 Pon—

99 4700 237 4744 tum
289 4683 605 4754 depopulati
679 4687 831 4744 sunt,
879 4678 953 4733 ita
988 4685 1047 4732 ut
1101 4674 1427 4732 Euchaitam
1480 4690 1700 4747 quoque

98 4775 509 4854 pervaderent.
537 4772 696 4830 Unde
727 4779 784 4828 et
820 4769 1036 4840 fugiens
1094 4766 1472 4835 Macedonius,
1504 4783 1700 4839 propc-

100 4874 349 4933 rnodum
377 4871 810 4945 periclitaturus,
849 4867 1094 4922 salvatus
1125 4871 1211 4920 est
1241 4863 1388 4935 apud
1425 4863 1696 4936 Gangras.

38 5033 40 5036 ν
95 4969 240 5036 Quo
298 4973 585 5037 comperto
620 4959 951 5017 Anastasius
999 4972 1184 5012 amare
1213 4956 1329 5012 illic
1359 4972 1487 5012 eum
1517 4969 1703 5014 custo-

94 5061 222 5120 diri
265 5053 822 5128 praacepit.'_mittens,
849 5058 908 5104 ut
933 5047 1107 5113 aiunt,
1131 5045 1225 5118 qui
1249 5062 1374 5102 eum
1407 5047 1704 5106 occideret.

96 5153 428 5210 Defunctus
482 5155 663 5202 autem
717 5142 862 5214 apud
933 5140 1181 5210 Gangras
1237 5140 1453 5210 positus
1511 5149 1596 5198 est
1653 5143 1707 5199 in

93 5241 330 5312 templo
373 5239 548 5296 sancti
575 5234 831 5307 Martyris
848 5231 1095 5288 Callinici
1113 5229 1268 5300 juxta
1285 5229 1548 5301 reliquias
1565 5233 1708 5303 ejus,

94 5336 332 5394 multas
363 5332 628 5387 sanitates
655 5327 928 5390 efﬁciens;
974 5323 1068 5393 qui
1099 5337 1224 5377 cum
1257 5323 1526 5377 exanimis
1555 5323 1711 5392 jace-

96 5441 217 5495 ret,
285 5441 457 5482 manu
509 5424 685 5478 fertur
731 5435 790 5476 se
843 5415 1127 5490 signaculo
1179 5415 1367 5471 crucis
1434 5415 1708 5485 signasse.

1801 4496 1922 4552 cius
1951 4495 2219 4565 magister
2263 4495 2524 4558 militum,
2553 4492 2730 4549 turba
2758 4491 2991 4547 turbatae
3035 4507 3254 4561 cmpere
3289 4491 3378 4545 in-

1795 4588 1962 4659 juriis
1993 4587 2208 4642 allicere
2232 4586 2639 4658 Augustalium,
2663 4600 2729 4640 eo
2749 4583 2894 4654 quod
2924 4583 3174 4638 laudaret
3209 4584 3380 4653 impc-

1803 4690 2044 4738 ratorem
2092 4681 2467 4736 Anastasium.
2542 4679 2678 4734 Cum
2708 4692 2838 4732 vero
2872 4676 3117 4746 iurgium
3170 4687 3375 4732 motum

1807 4774 2028 4841 fuisset,
2058 4773 2366 4829 insilientes
2391 4771 2614 4841 quidam
2645 4783 2677 4824 a
2701 4769 2834 4824 sede
2859 4768 3030 4822 lilium
3061 4767 3378 4838 Augustalis

1808 4867 2202 4938 deposuerunt,
2241 4873 2296 4922 et
2330 4866 2729 4920 interemerunt
2761 4873 2928 4916 eum.
2965 4859 3032 4914 At
3060 4874 3192 4916 vero
3238 4860 3381 4914 Aca-

1809 4961 1929 5017 cius
1977 4961 2240 5031 magister
2295 4947 2555 5022 militum,
2610 4961 2885 5028 quotquot
2936 4968 3136 5025 capere
3179 4954 3379 5024 potuit,

1808 5048 2107 5106 interfecit.
2170 5049 2298 5102 Hmc
2353 5045 2584 5102 audiens
2619 5044 2920 5114 imperator
2946 5043 3121 5100 iratus
3153 5051 3237 5099 est
3284 5043 3383 5098 ad-

1807 5157 2004 5199 versus
2035 5155 2154 5197 eos.
2214 5138 2386 5195 Porro
2415 5136 2717 5192 Dioscorus
2750 5134 3118 5191 interveniens
3165 5133 3382 5204 mitiga-

1809 5235 1888 5290 vit
1915 5247 2065 5289 eum.
2129 5231 2276 5286 Inter
2309 5227 2474 5285 ludos
2520 5242 2654 5283 vero
2686 5235 2740 5282 et
2759 5224 2964 5282 Persas
3013 5233 3260 5280 castrum
3296 5230 3382 5280 est

1809 5325 2037 5380 nomine
2065 5323 2378 5384 Zubdaher,
2405 5319 2498 5374 ubi
2553 5317 2756 5373 multas
2782 5315 3046 5387 pecunias
3084 5322 3140 5368 et
3172 5313 3382 5382 lapides

1811 5417 2084 5487 pretiosos
2148 5428 2270 5470 esse
2307 5411 2562 5472 Cabades
2603 5424 2697 5465 rex
2755 5408 3050 5464 Persarum
3104 5405 3381 5494 ediscens,

1628 5530 1864 5588 NOTAE.

184 5642 346 5713 (2|),
373 5637 657 5713 Fie_n_d_um.
707 5630 1080 5713 Flodoardusn
1112 5627 1270 5713 Hist.
1311 5625 1458 5713 item.
1503 5627 1700 5713 l,"13:
1748 5647 1766 5681 ι
1810 5629 2187 5701 Ficndumque
2213 5642 2272 5685 se
2310 5617 2983 5693 Christianumgvovisset.
3026 5635 3043 5668 ι
3090 5615 3221 5673 Vide
3249 5613 3390 5674 Vos.

91 5697 268 5775 siu‘rn
298 5697 396 5767 ὀε
427 5710 569 5764 vitiis
614 5705 892 5769 sermonis,
927 5703 982 5768 4,
1015 5702 1106 5768 '50,
1138 5700 1283 5756 circa
1317 5699 1501 5754 tinem.
1535 5697 1697 5753 Fsua.
