3906 6226
558 256 693 324 teat
1648 252 2053 312 ANASTASII
2109 250 2742 312 BIBLIOTIIECARII
3710 247 3820 316 1252

553 375 830 446 qumrchat
853 374 954 426 hoc
984 370 1468 442 comprehendere.
1499 369 1782 425 Dzumones
1811 378 1991 424 autem
2027 370 2146 423 loco
2176 374 2219 429 Α
2248 378 2609 425 consecratus
2643 377 2727 423 cst
2787 367 3114 431 Antiochiae,
3150 375 3204 423 et
3233 367 3468 422 donavit
3539 367 3811 437 imperator

560 469 863 525 insidentes
911 464 1276 534 prohibebant
1321 464 1469 516 illum
1512 463 1755 532 aggredi.
1809 461 1973 517 Omni
2015 476 2145 533 ergo
2249 462 2461 515 civitati
2493 460 2846 515 Antiocheme
2875 461 3024 514 mille
3055 460 3227 515 libras
3255 460 3404 514 auri.
3442 458 3557 513 Sed
3609 467 3812 515 cleate-

561 570 706 616 mota
757 556 1161 626 exeogitatione
1210 569 1493 625 magorum
1546 569 1794 620 suorum,
1841 554 2148 625 dcindeque
2249 554 2326 607 ris
2356 554 2587 607 urbibus
2615 552 3052 607 benevolentiam
3081 550 3365 621 prmstitit,
3400 549 3669 604 inhibens
3706 566 3811 620 quo.

550 650 862 706 Judteorum
910 647 1142 703 consilio
1183 646 1504 708 frustratus,
1557 646 1791 701 credidit
1825 661 1924 715 per
1955 647 2148 700 oratio-
2245 652 2354 714 ‘que
2392 653 2446 699 et
2474 643 2723 712 publicas
2751 642 3220 713 perturbationes.
3262 641 3544 698 Xenaiam
3576 645 3808 714 γεω.ςηί

552 757 675 797 nem
721 740 1325 809 Christianorum,quae
1344 738 1401 791 fit
1422 738 1488 791 ad
1520 737 1713 804 Deum,
1744 738 1873 792 huic
1898 738 2144 792 domina-
2247 744 2301 789 et
2362 735 2692 791 Philoxenus
2744 734 3048 800 dicebatur,
3098 734 3424 805 episcopum
3463 733 3813 806 Hicrapoleos,

558 839 1055 908 ri;etepiscopum
1084 836 1373 906 quemdam
1399 834 1970 904 Christianorum,qui
2003 833 2145 902 apud
2246 844 2371 883 cum
2426 836 2575 884 esset
2625 828 2976 895 Manichacus,
3009 837 3065 884 et
3127 829 3352 885 Petrum
3405 829 3668 900 Apamia:
3718 848 3813 887 cun

551 930 750 987 Persas
769 942 946 995 erant,
973 931 1255 999 superhoc
1301 927 1630 997 deprecatus
1648 935 1755 982 est.
1777 927 1879 992 Qui
1905 926 2134 980 collecta
2247 920 2505 974 cautibus
2537 919 2714 989 ipsius
2749 919 2975 974 macula:
3004 919 3377 990 participibus
3406 921 3627 974 exsilio
3649 922 3818 992 relega-

558 1023 834 1078 celebrata
854 1023 1167 1077 divinorqu
1187 1019 1576 1091 mysteriorum
1592 1018 2071 1088 participatuscst,
2092 1022 2147 1070 et
2246 1011 2344 1063 Vit.
2378 1008 2675 1065 RcvocaVil
2709 1018 2892 1066 autem
2926 1025 3121 1065 omnes
3168 1018 3451 1082 quotquot
3481 1012 3701 1082 illius"!
3730 1011 3814 1066 fue-

555 1114 822 1170 accedens
860 1114 927 1167 ad
996 1113 1173 1167 locum
1199 1112 1496 1178 daemones,
1534 1110 1628 1180 qui
1668 1109 1745 1163 illi
1776 1109 2010 1173 inerant,
2054 1122 2143 1177 pe-
2246 1112 2372 1154 rant
2431 1100 2500 1155 ab
2529 1102 2827 1156 Anastasio
2852 1103 3073 1157 exsules
3124 1103 3444 1157 constituti.
3484 1103 3609 1159 Sed
3642 1114 3699 1159 el.
3744 1106 3821 1174 Αρ-

558 1207 713 1275 pulit,
738 1214 793 1259 et
821 1204 1143 1259 sinelabore
1164 1213 1403 1258 castrum
1423 1200 1628 1256 Cabadi
1671 1198 1913 1254 tradidit.
1936 1197 2140 1268 Stupe—
2248 1195 2465 1262 pionem
2528 1194 2869 1263 patricium,,
2900 1209 3065 1264 quem
3128 1195 3185 1249 in
3225 1194 3455 1250 Nicena
3522 1199 3750 1253 civitate
3785 1201 3823 1253 in

561 1297 743 1350 factus
781 1304 963 1349 autem
995 1308 1160 1363 super
1188 1293 1295 1347 hoc
1347 1293 1508 1362 signo
1539 1290 1787 1346 Cabades
1834 1290 2009 1360 prima
2051 1305 2147 1342 ea-
2244 1286 2629 1357 presbyterum
2691 1295 3131 1353 consecraverat,
3179 1303 3460 1360 quemque
3530 1290 3831 1362 imperator,

558 1388 751 1441 thedra
788 1386 1108 1455 episcopum
1162 1383 1472 1449 honoravit,
1502 1398 1625 1437 cum
1675 1397 1852 1453 usque
1885 1382 1952 1434 ad
2005 1380 2141 1434 illud
2248 1385 2309 1432 ut
2337 1392 2525 1433 revera
2548 1378 2896 1450 prudentem,
2922 1379 3241 1449 praal'eetum
3269 1379 3401 1438 fecit
3423 1384 3831 1452 prator-iorem.

560 1488 781 1550 tempus
815 1476 1101 1532 Manichaei
1130 1483 1295 1546 atque
1321 1474 1491 1530 Judaei
1529 1474 1920 1544 praesiderent;
1977 1486 2140 1543 porro
2250 1470 2510 1540 Sequenti
2543 1479 2727 1527 autem
2767 1488 2915 1529 anno
2943 1471 3156 1529 Joanne
3182 1473 3560 1544 Cappadocia
3582 1475 3841 1532 Constan-

557 1573 871 1627 voleutibus
904 1570 1169 1641 baptizari
1203 1570 1478 1626 licentiam
1508 1569 1760 1640 praebuit.
2249 1565 2619 1634 tinopolitano
2657 1566 2920 1637 episcopo
2971 1566 3255 1633 defuncto,
3317 1566 3682 1640 Epiphanius
3733 1587 3841 1642 pre-

637 1662 913 1718 Vicesimo
961 1663 1199 1732 septimo
1275 1662 1492 1732 imperii
1554 1661 1838 1716 Anastasii
1874 1674 2019 1715 anno
2056 1661 2143 1715 vi-
2178 1725 2211 1732 _
2250 1657 2438 1728 shyter
2461 1656 2635 1727 ipsius
2656 1658 2907 1714 ecclesia
2933 1665 3098 1728 atque
3122 1659 3403 1730 syncellus
3429 1669 3728 1730 promotus
3748 1670 3840 1730 est;

559 1744 641 1809 alit
721 1754 866 1810 idem
945 1725 1254 1825 imperator
1322 1725 1377 1808 in
1462 1754 1583 1808 visu
1651 1754 1829 1808 virum
1912 1752 2140 1807 terribi-
2176 1725 2217 1778 Β
2248 1748 2508 1805 similiter
2546 1760 2603 1805 et
2632 1748 2923 1806 Hormisda
2961 1749 3212 1808 Romano
3241 1753 3572 1809 dormiente
3607 1753 3839 1810 Joannes

572 1847 704 1910 lem,
756 1851 1065 1917 portantem
1117 1846 1404 1913 codicem;
1443 1845 1534 1915 qui
1591 1845 1737 1899 hunc
1774 1844 2053 1916 aperiens,
2088 1850 2142 1899 ct
2243 1842 2625 1914 episcopatum
2668 1844 2932 1914 suscepit.

562 1936 852 1991 inveniens
887 1950 1086 1990 nomen
1143 1936 1518 2006 imperatoris,
1548 1934 1684 1990 dicit
1714 1936 1802 1991 ei:
1850 1936 1985 1990 Ecce
2014 1950 2141 2004 pro~
2315 1933 2504 1990 Tertio
2561 1934 2761 1991 Justini
2802 1935 3074 2007 principis
3107 1953 3281 2004 anno,
3312 1938 3467 1994 bello
3505 1950 3673 1996 moto
3707 1942 3832 1997 inter

559 2040 673 2097 pter
707 2028 909 2084 malam
949 2029 1110 2099 ﬁdem
1142 2037 1289 2081 tuam
1313 2027 1462 2081 deleo
1495 2027 1920 2099 quatuordecim,
1953 2036 2009 2081 et
2041 2027 2139 2082 de-
2244 2025 2527 2081 Romanos
2552 2034 2606 2082 et
2632 2026 2851 2093 Persas,
2884 2027 3035 2082 misit
3054 2027 3211 2083 idem
3236 2026 3501 2085 Justinus
3551 2031 3769 2102 legatos
3796 2042 3847 2087 et

564 2122 694 2177 levit
723 2136 841 2178 eos.
870 2121 1302 2194 Expergefactus
1345 2127 1553 2188 autem,
1582 2129 1638 2176 et
1689 2120 1961 2176 advocato
1992 2119 2141 2175 Ada-
2246 2134 2475 2176 munera
2503 2119 2571 2175 ad
2605 2119 2859 2175 Zelicben
2910 2135 3094 2190 regem
3152 2119 3485 2177 Hunnorum
3513 2166 3531 2189 ,
3569 2132 3628 2180 et
3664 2140 3856 2195 repro.

563 2217 771 2268 mantio
805 2214 1123 2285 praeposito,
1161 2213 1304 2267 dixit
1340 2213 1389 2267 ei
1431 2212 1720 2268 visionem.
1777 2212 1844 2266 Et
1875 2229 1989 2283 ego,
2028 2214 2141 2278 ait,
2247 2206 2398 2262 misit
2427 2220 2553 2261 cum
2581 2206 2913 2278 iuramentis
2946 2224 3006 2264 se
3042 2211 3369 2280 imperatori
3400 2222 3608 2269 contra
3647 2213 3854 2273 Persas

562 2306 671 2359 ridi
694 2306 806 2360 lucc
836 2309 940 2360 ista
972 2312 1142 2369 nocte,
1173 2305 1297 2375 quia
1343 2306 1616 2360 asaistenti
1647 2304 1774 2358 mihi
1813 2305 2028 2372 imperio
2057 2315 2145 2358 tuo
2247 2298 2512 2353 auxilium
2552 2307 2963 2370 praestaturum.
2997 2300 3253 2359 Hittente
3304 2314 3492 2361 autem
3525 2318 3585 2362 et
3636 2308 3857 2364 Cabadc

561 2412 752 2465 porcus
776 2413 999 2468 magnus
1022 2398 1305 2462 ueniens,et
1330 2397 1704 2465 comprehensa
1728 2406 1985 2466 prwtcxta
2009 2412 2145 2463 mea,
2248 2390 2565 2460 repromisit
2591 2399 2645 2446 et
2673 2391 2803 2460 ipsi.
2834 2391 2948 2448 Hoc
2974 2408 3109 2450 sane
3138 2392 3400 2451 Justinus
3435 2398 3719 2456 ediscens
3762 2402 3857 2455 tri-

563 2488 785 2557 projecit
834 2504 914 2542 me
944 2489 999 2541 in
1033 2497 1229 2542 terram
1259 2497 1308 2541 et
1344 2488 1636 2541 interemit.
1663 2486 1984 2542 Convocato
2013 2500 2148 2555 ergo
2249 2488 2429 2538 status
2458 2488 2545 2538 est
2572 2481 2753 2538 valde.
2784 2482 2960 2538 Porro
3013 2485 3219 2541 direxit
3249 2487 3316 2541 ad
3348 2486 3561 2543 Persas
3597 2488 3858 2546 Zelicbes

568 2577 806 2633 Proculo
830 2579 1143 2647 coniectore
1185 2580 1295 2650 (Ἡ)
1326 2578 1500 2632 edixit
1526 2578 1575 2634 ei
1604 2594 1727 2648 quae
1755 2578 1975 2633 fuerant
2006 2579 2147 2645 visa;
2249 2574 2446 2645 viginti
2481 2576 2654 2630 millia
2690 2577 2756 2631 ad
2781 2578 3203 2649 expugnandum
3238 2578 3545 2636 Romanos.
3587 2582 3675 2636 At
3739 2600 3859 2639 vero

567 2672 662 2739 qui
703 2671 848 2739 quod
877 2670 1040 2723 ambo
1071 2670 1250 2724 forent
1277 2677 1402 2739 post
1428 2671 1707 2739 paululum
1730 2668 1981 2723 morituri
2010 2684 2152 2739 prte-
2248 2666 2504 2725 Justinus
2526 2671 2825 2727 destinavit
2858 2671 3066 2727 Cahadi
3099 2674 3210 2742 regi
3236 2672 3537 2729 Persarum
3600 2677 3856 2749 legatio-

567 2763 728 2818 dixit.
766 2763 1055 2817 Timotheo
1108 2778 1243 2817 vero
1292 2763 1851 2833 Constantinopoleos
1891 2764 2151 2832 episcopo
2250 2775 2375 2816 nem
2404 2776 2503 2832 pro
2534 2777 2690 2833 pace,
2712 2770 2763 2818 ct
2796 2765 2958 2834 quasi
2992 2779 3147 2835 super
3169 2765 3273 2820 alio
3303 2766 3560 2838 quodam
3594 2774 3866 2828 scribens

566 2863 806 2920 mortuo,
841 2854 1112 2911 Joannem
1151 2854 1527 2926 Cappadocem
1558 2856 1882 2927 episcopum
1913 2863 1967 2910 et
2016 2870 2147 2928 syn-
2249 2856 2415 2909 etiam
2467 2854 2535 2909 de
2593 2854 2815 2910 Zelicbe
2873 2856 3218 2926 signiﬁcavit,
3250 2859 3383 2929 quia
3435 2861 3856 2929 epitulationis

567 2948 770 3002 collum
830 2947 1395 3019 ConstantinOpoleos
1443 2948 1763 3018 episcOpum
1796 2956 2145 3003 creaverunt.
2247 2944 2562 3014 iuramenta
2607 2963 2728 3003 cum
2783 2946 3052 3004 Romanis
3080 2949 3262 3013 habet,
3300 2951 3432 3021 quia
3495 2962 3559 3009 et
3622 2971 3869 3011 nrunera

570 3039 676 3092 Hie
694 3047 1066 3096 consecratus
1105 3039 1270 3095 tertio
1299 3039 1387 3094 die
1417 3038 1640 3095 Paschae
1668 3039 2026 3109 apostolicam
2060 3040 2147 3095 in-
2177 3067 2220 3127 ο
2254 3038 2466 3107 accepit
2494 3037 2685 3104 multa,
2714 3047 2768 3093 et
2797 3039 2911 3093 vult
2942 3039 3189 3109 proditor
3246 3040 3546 3097 Persarum
3607 3044 3765 3109 ﬁeri,
3814 3054 3869 3101 et

571 3131 744 3187 dutus
774 3141 860 3189 est
887 3135 1108 3188 stolam.
1143 3133 1390 3204 Populus
1430 3138 1614 3189 autem
1641 3134 1964 3190 instantiam
2004 3136 2113 3190 mul

2336 3131 2388 3182 ia
2426 3138 2642 3200 oportet
2701 3143 2825 3196 nos,
2858 3145 2983 3185 cum
3015 3131 3193 3187 simus
3232 3130 3456 3197 fratres,
3523 3135 3601 3191 ad
3666 3139 3874 3192 amici-

572 3235 683 3277 tam
719 3224 916 3294 agebat
956 3236 1014 3279 ut
1040 3223 1284 3280 Joannes
1314 3224 1805 3280 anathematizaret
1861 3225 2147 3283 Severum.
2255 3219 2387 3275 liam
2442 3220 2631 3276 venire
2684 3228 2741 3276 ei
2771 3235 2878 3275 non
2937 3235 2968 3274 δ
3002 3221 3237 3277 canibus
3292 3223 3415 3279 istis
3474 3224 3675 3281 illudi.
3710 3226 3865 3282 Tuae

567 3312 743 3367 Porro
761 3313 952 3368 eodem
977 3327 1122 3368 anno
1135 3321 1386 3369 mortuus
1406 3314 1578 3369 estim
1588 3316 1707 3385 pius
1725 3316 2073 3385 Anastasius,
2096 3326 2153 3374 et
2255 3308 2507 3366 Cabades
2561 3324 2855 3366 accersens
2910 3321 3129 3367 secreto
3180 3311 3462 3378 Zelicben,
3522 3314 3857 3373 sciscitatus

566 3401 854 3471 imperavit
877 3402 1002 3472 pius
1023 3401 1272 3458 Justinus
1295 3417 1393 3472 pro
1415 3418 1502 3471 eo,
1520 3405 1605 3459 vir
1632 3406 1817 3461 senior
1831 3415 1886 3462 et
1920 3406 2149 3461 multum
2259 3413 2343 3460 est
2376 3404 2424 3461 si
2453 3404 2763 3474 accepisset
2788 3419 2818 3458 a
2861 3403 3128 3460 Romanis
3155 3418 3409 3472 munera,
3447 3407 3728 3465 hortatus
3756 3409 3852 3464 ad-

565 3492 799 3561 peritus,
819 3494 948 3562 quia
996 3507 1025 3547 a
1071 3493 1337 3550 militibus
1358 3494 1624 3566 incipiens
1674 3511 1852 3568 usque
1886 3499 1954 3553 ad
1989 3512 2152 3554 sena-
2253 3512 2450 3553 versus
2482 3496 2715 3564 Persas;
2747 3496 2839 3568 qui
2869 3496 3051 3553 dixit:
3099 3495 3304 3553 Etiam.
3345 3498 3414 3554 Et
3442 3501 3635 3559 iratus
3664 3503 3849 3559 Caba-

564 3591 683 3638 tum
705 3584 961 3655 proiecit,
983 3585 1234 3656 lllyrieus
1264 3601 1486 3657 genere.
1522 3587 1757 3654 Quidam
1789 3595 1972 3645 autem
1994 3590 2152 3644 aiunt
2253 3588 2351 3646 des
2390 3589 2596 3645 occidit
2632 3604 2781 3655 eum,
2810 3599 2865 3645 et
2893 3605 2990 3661 per
3023 3600 3242 3647 noctem
3283 3592 3455 3647 missa
3489 3593 3865 3650 multitudine

564 3675 1474 3748 quoddivinol‘ulminepercussus
1523 3681 2148 3753 Anastasiusperiisset.
2252 3679 2544 3737 Persarum
2609 3681 2890 3737 interiecit
2949 3682 3218 3753 populum
3284 3682 3408 3753 ejus
3443 3725 3460 3750 ,
3528 3687 3869 3757 suspicatus

636 3766 825 3822 Mundi
876 3783 1024 3824 anno
1076 3768 1241 3836 60H,
1292 3770 1494 3826 divinae
1546 3771 1949 3828 incarnationis
2001 3789 2148 3829 anno
2250 3771 2397 3842 quod
2423 3772 2550 3828 dolo
2577 3775 2858 3829 venissent
2895 3774 2962 3827 ad
2997 3773 3149 3828 illum
3177 3791 3193 3840 ;
3222 3782 3503 3846 quotquot
3529 3786 3728 3832 autem
3765 3793 3877 3848 po—

563 3855 691 3921 511.
736 3871 883 3913 anno
935 3860 1151 3929 imperii
1181 3858 1386 3915 Justini
1435 3860 1633 3931 primo,
1682 3861 1990 3919 Vitalianus
2024 3872 2148 3934 post
2248 3873 2478 3921 tuerunt
2536 3864 2745 3934 fugere,
2808 3864 3090 3921 redierunt
3142 3864 3212 3920 ad
3267 3869 3523 3938 propria.
3573 3867 3870 3926 Phalerea

571 3956 805 4004 mortem
838 3948 1116 4007 Anastasii
1149 3950 1328 4006 eidem
1359 3952 1677 4022 imperatori
1711 3952 1868 4007 valde
1903 3952 2145 4009 l‘amilia-
2247 3956 2589 4028 Euphrasius
2619 3958 3000 4014 Antiochenus
3023 3957 3541 4017 Chalcedonensem
3564 3964 3867 4033 synodum

564 4038 645 4093 ris
669 4036 897 4096 effectus
930 4047 1039 4105 est,
1073 4041 1148 4095 ita
1180 4047 1267 4108 [ut
1318 4042 1512 4097 consul
1578 4044 1964 4113 appellaretur,
2004 4043 2145 4100 ﬁdu-
2244 4042 2485 4102 exclusit
2506 4062 2536 4101 a
2557 4046 2857 4118 diptychis,
2894 4048 2989 4104 sed
3019 4056 3075 4104 et
3105 4062 3306 4104 nomen
3338 4047 3667 4107 Horruisdc
3692 4069 3858 4123 papa!

567 4127 824 4197 ciamque
885 4136 1097 4183 tantam
1137 4129 1283 4200 apud
1341 4129 1730 4200 imperatorem
1798 4133 2026 4190 haberet
2084 4145 2144 4190 ut
2244 4136 2503 4193 Romani.
2541 4138 2671 4193 Post
2724 4139 2840 4194 lucc
2876 4153 3008 4195 vero
3062 4139 3269 4196 timens
3313 4148 3572 4211 quatuor
3601 4145 3851 4199 mntiri:

563 4220 733 4274 etiam
765 4218 1031 4276 Severum
1060 4223 1385 4293 praeciperet
1411 4224 1538 4295 ejiei
1567 4233 1623 4281 et
1652 4225 1891 4282 interimi
1921 4250 1933 4284 :
1976 4229 2140 4286 nimis
2246 4231 2616 4285 conﬁrmavit.

563 4312 709 4368 enim
740 4321 861 4368 erat
891 4314 1238 4371 orthodoxus
1299 4314 1625 4374 Vitalianus.
1661 4319 1782 4385 Quo
1820 4320 2009 4375 audito
2040 4320 2140 4375 Se-
2313 4323 2520 4390 Quinto
2552 4338 2698 4377 anno
2730 4324 2942 4391 imperii
2996 4322 3201 4380 Justini
3231 4323 3445 4380 Zethus
3511 4342 3609 4381 rex
3658 4326 3839 4381 Laru-

562 4418 729 4459 verus
786 4403 947 4474 fugit,
1002 4414 1056 4459 et
1108 4405 1361 4463 Julianus
1415 4408 1785 4467 Halicarnassi
1818 4412 2132 4483 episcopus.
2176 4432 2220 4489 ι)
2250 4432 2396 4481 rum,
2435 4417 2699 4474 recedens
2733 4433 2764 4472 a
2786 4433 2955 4489 regno
2980 4415 3275 4474 Persarum
3307 4428 3583 4490 regnante
3612 4418 3840 4473 Cabde

562 4495 863 4569 Egyptum
894 4497 1185 4564 abeuntes,
1219 4498 1363 4555 hanc
1390 4501 1893 4568 conturbaverunt,
1931 4519 2142 4560 sermo-
2248 4520 2304 4567 et
2342 4511 2572 4566 Zathum
2616 4519 2857 4575 amante,
2893 4512 2990 4581 qui
3028 4512 3198 4566 etiam
3227 4512 3387 4572 illum
3422 4513 3479 4567 in
3508 4527 3699 4582 regem
3724 4508 3838 4564 La-

561 4605 687 4644 nem
717 4590 787 4646 de
807 4589 1153 4661 corruptibili
1180 4598 1237 4645 et
1263 4590 1675 4662 incorruptibili
1705 4605 2140 4663 commoventes,
2248 4620 2437 4660 zornm
2471 4612 2823 4674 provexerat,
2853 4604 3001 4658 venit
3032 4602 3362 4675 Byzantium
3410 4603 3479 4659 ad
3520 4604 3837 4663 hstium.

560 4681 691 4737 dum
726 4682 1072 4739 Alexandriae
1103 4681 1399 4740 Dioscorus
1431 4692 1580 4741 esset
1641 4685 1957 4759 episeOpus.
2008 4687 2102 4760 Epi

2296 4738 2301 4751 .
2333 4698 2542 4768 rogavit
2573 4712 2698 4753 eum
2734 4705 2793 4752 ut
2820 4697 2971 4752 ﬁeret
2994 4697 3344 4754 CltriStianus
3389 4706 3442 4752 et
3480 4698 3554 4752 ab
3586 4698 3700 4766 ipso
3724 4710 3838 4759 ap-

561 4775 715 4845 scopi
744 4787 925 4830 autem
951 4782 1008 4830 et
1041 4774 1227 4831 clerici
1281 4774 1507 4833 Romam
1563 4778 1863 4845 venientes,
1901 4781 2140 4835 auctori-
2248 4790 2542 4861 pellammr
2578 4791 2875 4861 imperator
2901 4787 3194 4844 Lazarum.
3234 4791 3307 4844 At
3363 4790 3667 4861 imperator
3695 4805 3849 4844 cm:

561 4872 674 4920 tate
713 4866 783 4920 ab
809 4867 1105 4922 Hormisda
1136 4867 1386 4923 Romano
1439 4869 1701 4942 episcopo
1766 4872 1952 4929 studio
1986 4872 2141 4930 Vita-
2248 4882 2449 4952 gaudio
2477 4883 2571 4936 illo
2611 4882 2895 4952 suSCepto,
2948 4882 3283 4936 illuminavit
3329 4883 3447 4953 (2‘5)
3496 4896 3617 4938 cura
3648 4886 3707 4935 es
3772 4882 3852 4933 Ε-

560 4954 690 5009 “alii
719 4966 1001 5026 βθτοθρῐαο
1026 4972 1152 5023 cum
1183 4959 1366 5015 adhuc
1395 4960 1599 5017 Vi'el‘el
1626 4960 1888 5034 Joannes
1920 4964 2138 5037 (Ἀψινθ-
2246 4975 2377 5029 lium
2409 4972 2721 5044 appellavit.
2751 4973 3050 5028 Provectus
3085 4981 3268 5028 autem
3299 4974 3604 5045 imperator
3644 4971 3861 5026 Lar.»

559 5048 669 5104 dox
694 5050 988 5121 episcopus
1017 5052 1688 5129 Constantinopolitanus,
1708 5066 1956 5115 sanctam
1980 5061 2140 5116 Chal-
2243 5080 2365 5120 rum
2393 5080 2422 5118 a
2453 5062 2669 5120 Justino
2701 5065 2937 5134 portavit
2966 5078 3225 5119 coronam
3254 5070 3308 5119 et
3336 5060 3672 5136 chlamydem
3714 5066 3857 5115 im—

559 5141 924 5198 codononsem
950 5144 1234 5215 synodum
1270 5150 1327 5203 in
1391 5149 1671 5222 diptychis
1721 5150 2138 5218 ordinaverunt,
2241 5159 2572 5227 peratoriam
2632 5158 2835 5212 albam.
2902 5154 3023 5224 Quo
3078 5166 3365 5227 comperto
3424 5154 3658 5213 Cabadcs
3726 5169 3855 5208 rex

560 5250 670 5292 una
699 5248 824 5291 cum
880 5236 1005 5293 aliis
1057 5240 1233 5295 sacris
1277 5241 1457 5297 tribus
1508 5243 1780 5299 conciliis.
1816 5243 1950 5299 Cum
2006 5260 2139 5300 vero
2243 5248 2535 5305 Persarth
2594 5249 2925 5319 signiﬁcavit
2959 5250 3278 5318 imperatori
3337 5248 3587 5311 Justino,
3619 5245 3851 5300 dicens

561 5330 797 5388 Severus
845 5329 1052 5402 impius
1099 5330 1222 5404 iuga
1260 5333 1444 5405 lapsus
1466 5344 1613 5393 esset
1640 5336 1887 5404 effectus,
1935 5337 2137 5395 Paulus
2243 5342 2371 5412 quia
2425 5342 2562 5394 Cum
2591 5342 2831 5395 amicitia
2860 5352 2911 5396 ct
2943 5354 3041 5411 pax
3071 5340 3143 5395 sit
3172 5340 3317 5396 inter
3345 5355 3464 5404 nos,
3489 5354 3605 5410 qua:
3625 5338 3855 5389 animi.

2097 5482 2328 5539 NOTAS.

626 5570 737 5653 (ἳὲ)
762 5569 1091 5653 conjectare.
1123 5572 1331 5653 Glossae
1358 5592 1381 5653 :_
1407 5574 2092 5653 ova:poxpirphcoujeetor
2114 5619 2128 5641 ,

2319 5578 2432 5651 ('25)
2481 5578 2835 5653 Illuntinauit,
2892 5576 3181 5653 sedatior).
3204 5574 3469 5653 Φςιρτίὲειν
3503 5577 3556 5628 in

556 5641 966 5719 sortirtisolutor,
999 5646 1337 5719 somniorum
1369 5641 1660 5716 interpres.
1691 5641 1754 5705 V,
1783 5641 1958 5701 Plaut.
1996 5647 2133 5701 (ἴηνα
2242 5641 2463 5704 Patrum
2495 5651 2761 5718 accipitur
2792 5641 2891 5718 pro
2921 5641 3223 5719 baptizare.
3254 5648 3316 5702 γ.
3344 5647 3560 5717 Gregnr.
3583 5641 3831 5701 δασύς

555 5708 658 5761 cui.
692 5721 797 5765 act.
839 5712 903 5779 ιι,
943 5728 1023 5768 sc.
1065 5724 1160 5768 tet
1187 5731 1242 5769 ιι.
1294 5714 1459 5772 Fasti.
1519 5708 1528 5716 ’

1388 5731 1459 5772 iR.
1519 5708 1528 5716 ’
2242 5720 2300 5773 τὸ
2336 5723 2487 5787 ἅγιον
2514 5708 2816 5789 βάτξτισμσί.
2853 5720 2930 5773 In.
