3950 6234
179 269 319 333 1253

996 272 1362 334 HISTORIA
1392 272 1975 335 ECCLESIASTICA
2017 272 2117 333 EX
2162 270 2641 333 ΤΗΕΟΡΠΑΝΕ.

3302 271 3441 339 125i

172 398 371 439 corqu
406 393 536 437 sunt
568 383 707 453 agis,
738 391 792 437 et
827 399 922 440 eos
963 388 1054 456 qui
1092 389 1196 443 sub
1248 397 1518 458 potestate
1556 389 1752 444 Persa-
1782 390 1833 446 A
1860 395 2008 439 mutu
2038 394 2091 441 cl
2121 394 2176 439 et
2210 396 2463 445 IIIOrluus
2490 372 2597 450 est,
2629 395 2685 440 et
2715 385 2896 441 omnis
2944 386 3140 445 domus
3170 399 3225 447 et
3260 395 3443 450 eccle-

172 490 303 530 rum
338 489 370 527 a
427 475 632 530 sarculo
659 487 818 531 erant
871 480 1245 549 assumpsisti.
1278 479 1384 547 Qui
1421 481 1633 536 remisit
1662 482 1710 535 ei
1742 500 1755 535 :

177 567 301 622 Nos
321 583 638 638 quemquam
664 568 1024 639 subjectorum
1057 572 1278 643 imperio
1333 582 1423 627 tuo
1464 590 1625 642 neque
1677 592 1766 627 as—

175 660 527 727 sumpsimus,
552 675 715 729 neque
735 659 1220 717 subvertimus.Scd
1244 663 1533 718 ascendens
1561 663 1764 717 Zatlius

176 751 251 804 ad
278 751 581 819 imperialiu
603 761 787 806 nostra
813 752 1092 823 procidens
1142 757 1455 824 deprecatus
1488 766 1566 810 est
1613 766 1670 808 ut
1699 755 1764 810 ab

180 843 400 897 scelesto
428 852 478 896 et
509 859 719 913 pagano
744 843 992 914 dogmate
1013 847 1291 916 impiisque
1311 848 1592 917 sacrificiis
1615 856 1663 901 et
1685 863 1767 902 er-

178 953 304 992 rore
333 935 631 991 daemonum
661 935 1003 1003 liberaretur,
1020 949 1071 991 et
1094 938 1363 993 accederet
1412 942 1481 993 ad
1522 940 1764 996 condito-

179 1045 292 1084 rem
334 1030 571 1082 omnium
598 1028 793 1095 Deum,
820 1037 870 1082 et
899 1028 1049 1097 [teret
1077 1028 1436 1086 Christianus.
1474 1030 1631 1086 Ilunc
1669 1049 1764 1088 nos

181 1121 513 1186 baptizantes
548 1121 869 1176 absolvimus
922 1121 992 1177 ad
1036 1122 1309 1191 propriam
1354 1124 1636 1194 regionem.
1686 1124 1762 1179 Es

184 1222 322 1269 tunc
381 1228 513 1283 ergo
572 1212 713 1268 facta
764 1222 849 1268 cst
877 1213 1168 1270 inimicitia
1219 1215 1362 1270 inter
1396 1215 1673 1279 Romanos
1712 1227 1768 1274 et

184 1304 402 1369 Persas.
443 1304 647 1360 Eodem
686 1320 903 1376 quoque
932 1320 1077 1362 anno
1105 1316 1262 1378 gesta
1295 1317 1426 1363 sunt
1457 1325 1579 1380 quae
1616 1312 1764 1367 circa

187 1395 247 1449 S.
279 1396 524 1451 Arethan
563 1407 955 1466 provenerunt.

258 1485 427 1542 Sexto
464 1487 677 1557 imperii
729 1486 933 1543 Justini
990 1505 1136 1545 anno
1171 1490 1612 1562 Thcudcrichus,
1653 1492 1765 1549 Ro-

185 1596 330 1635 mam
359 1589 553 1636 tenens
582 1591 632 1636 et
687 1596 748 1636 ea
786 1598 910 1652 quae
961 1580 1080 1638 Arii
1109 1593 1239 1639 sunt
1274 1586 1495 1656 sapiens
1520 1627 1535 1652 ,
1586 1590 1767 1658 coegit

182 1670 448 1726 Joannem
485 1686 675 1742 papam
708 1675 894 1727 venire
919 1674 1241 1745 Byzantium
1273 1676 1341 1729 ad
1378 1677 1762 1746 imperatorem

183 1761 463 1818 Iustinum
494 1772 549 1818 et
579 1764 927 1821 intercedere
960 1782 1059 1837 pro
1085 1766 1331 1833 Arionis,
1369 1774 1432 1822 ut
1463 1783 1572 1823 non
1613 1784 1764 1824 com-

184 1858 411 1926 pelleret
444 1858 692 1917 illoseab
747 1858 940 1914 haeresi
996 1873 1097 1915 sua
1158 1860 1463 1917 discedere.
1515 1859 1653 1928 Nam
1709 1871 1764 1916 et

186 1948 607 2006 Theudorichus
661 1950 766 2005 hoc
824 1950 875 2004 in
941 1953 1299 2018 orthodoxos,
1352 1953 1447 2024 qui
1500 1954 1556 2008 in
1611 1952 1765 2010 Italia

184 2047 370 2106 erant,
407 2042 587 2098 facere
626 2042 963 2097 minabatur.
1005 2040 1246 2100 Joannes
1279 2060 1409 2101 vero
1441 2046 1762 2117 Byzantium

188 2132 435 2194 veniens.
466 2143 519 2187 et
546 2133 812 2190 invitatus
842 2134 911 2189 ab
942 2132 1249 2206 Epiphanio
1281 2137 1622 2205 patriarcha,
1655 2153 1765 2194 non

184 2221 487 2287 consentit,
513 2237 803 2293 usquequo
832 2224 1157 2294 ,Epiphanio
1204 2225 1524 2293 praesideret
1579 2236 1767 2296 utpote

188 2328 327 2384 papa
387 2313 692 2370 Romanus.
730 2316 831 2380 Qui
888 2317 1148 2372 omnibus
1200 2317 1424 2387 quidem
1491 2319 1766 2389 episcopis

188 2409 633 2476 communicavit,
689 2407 980 2464 Timotheo
1044 2424 1174 2464 vero
1226 2410 1603 2467 Alexandrino
1655 2427 1764 2468 non

190 2501 637 2557 communicmtit.
689 2500 937 2556 (labades
992 2513 1173 2556 autem
1211 2501 1500 2557 Persarum
1558 2519 1674 2568 rex,
1704 2504 1766 2558 ii-

191 2591 300 2646 lius
334 2591 544 2656 Perosi,
585 2592 754 2646 multa
788 2591 961 2646 millia
995 2592 1418 2648 Manichaeorum
1471 2610 1595 2649 cum
1647 2596 1765 2666 epi-

192 2697 359 2753 scopo
390 2698 578 2737 eorum
612 2682 878 2737 Indazaro
936 2696 1046 2737 una
1075 2683 1164 2738 die
1219 2684 1468 2753 peremit,
1501 2700 1607 2739 una
1639 2702 1765 2741 cum

191 2774 541 2831 senatoribus
572 2773 778 2840 Persis,
803 2774 898 2845 qui
924 2790 1122 2830 sensus
1152 2791 1343 2832 eorum
1369 2785 1548 2833 erant.
1569 2776 1764 2834 Filium

191 2867 337 2923 enim
370 2867 511 2939 ejus,
544 2869 768 2925 nomine
796 2866 1190 2936 Pthasuarsan,
1218 2869 1504 2926 Manichaei
1532 2887 1563 2926 a
1596 2887 1768 2942 puero

193 2955 526 3013 instruentes
562 2966 616 3012 et
640 2959 723 3013 sui
753 2974 951 3016 sensus
983 2958 1282 3015 efﬁcientes
1312 2964 1770 3030 repromittchant

1814 534 1818 541 ,
1868 479 1950 534 sia
1979 477 2200 540 cecidit,
2252 488 2310 532 et
2367 478 2723 548 pulchritudo
2782 480 3025 537 civitatis
3079 486 3443 543 exterminata

1867 580 1989 626 est:
2027 586 2135 626 non
2168 570 2314 626 enim
2350 570 2492 626 facta
2526 579 2611 627 est
2646 572 2774 627 talis
2800 572 3066 627 divinitus
3093 574 3230 631 ultio
3259 578 3314 632 in
3336 580 3443 634 alia

1867 662 2092 717 civitate
2149 677 2246 731 per
2300 676 2494 718 omnes
2535 663 2939 732 generationes.
3001 666 3102 721 Ast
3161 668 3445 737 piissimus

1868 755 2167 825 imperator
2191 754 2446 811 Justinus
2503 755 2590 811 his
2645 756 2881 825 cognitis
2927 757 3222 827 plurimum
3264 763 3447 818 animo

1866 846 2062 914 doluit,
2098 848 2171 901 ita
2208 854 2266 901 ut
2296 847 2479 902 ablato
2501 847 2811 903 diademate
2842 863 2877 901 at
2904 851 3083 920 capite
3105 867 3209 907 suo
3240 860 3292 908 et
3319 871 3448 925 pur-

1868 953 2004 1008 pura
2035 939 2242 1009 lugeret
2274 940 2326 994 in
2367 954 2531 996 sacco
2560 941 2759 997 sedens
2785 957 2882 1011 per
2908 943 3027 998 dies
3058 945 3284 1011 multos,
3310 948 3448 1003 adeo

1867 1039 1928 1085 ut
1958 1031 2013 1086 in
2051 1032 2138 1085 die
2168 1032 2311 1086 festo
2339 1032 2649 1101 procedens
2677 1033 2745 1088 ad
2774 1035 3068 1091 ecclesiam
3104 1051 3214 1093 non
3243 1053 3447 1108 passus

1867 1124 1943 1179 sit
1968 1133 2191 1193 portare
2221 1138 2484 1180 coronam
2514 1126 2601 1181 vel
2634 1126 3002 1199 chlamydem.
3040 1126 3214 1185 Porro
3260 1146 3447 1187 mense

1864 1214 2071 1285 Aprilis
2110 1216 2357 1286 ejusdem
2388 1217 2594 1287 quintae
2625 1218 2947 1275 indictionis
2981 1229 3224 1289 aegrotus
3270 1223 3446 1293 impc-

1866 1315 2022 1362 rator
2049 1307 2302 1364 Justinus
2330 1309 2563 1367 effectus
2590 1312 2860 1381 provexit,
2891 1311 3022 1366 dum
3061 1312 3244 1368 adhuc
3293 1316 3446 1371 vive-

1867 1409 1971 1467 ret,
2029 1400 2083 1455 in
2141 1401 2532 1471 imperatorem
2592 1401 2969 1458 Justinianum
3028 1413 3281 1475 nepotem
3333 1406 3446 1475 (24)

1866 1508 2046 1558 suum,
2083 1494 2178 1564 qui
2213 1502 2269 1550 et
2318 1494 2681 1566 eoimperavit
2734 1495 2785 1550 ei
2843 1495 3130 1552 mensibus
3173 1497 3227 1551 4.
3263 1498 3447 1554 Mense

1866 1593 2048 1640 autem
2078 1585 2328 1656 Augusto
2372 1585 2622 1657 ejusdem
2656 1585 2871 1655 quinta:
2921 1585 3240 1644 indictionis
3279 1588 3450 1644 Justi-

1866 1692 1974 1732 nus
2006 1676 2160 1732 obiit.
2189 1677 2392 1734 Eodem
2428 1689 2613 1733 autem
2659 1693 2806 1733 anno
2840 1679 3122 1748 singulare
3155 1681 3445 1751 imperium

1865 1770 2212 1825 Justinianus
2245 1770 2506 1826 obtinuit.
2543 1771 2661 1826 Rex
2690 1782 2870 1827 autem
2903 1770 3259 1837 llelurorum,
3289 1771 3446 1828 Grae-

1868 1871 1951 1918 tes
1984 1863 2230 1927 nomine,
2259 1862 2328 1917 ad
2364 1861 2644 1917 Romanos
2671 1863 2957 1929 conﬂuxit,
3006 1874 3064 1918 et
3102 1865 3254 1918 venit
3295 1864 3446 1919 Con-

1866 1953 2283 2023 stantinopolim
2321 1967 2450 2008 cum
2479 1953 2680 2023 populo
2713 1968 2837 2018 suo,
2867 1963 2920 2008 et
2969 1954 3125 2024 petiit
3152 1953 3448 2023 imperato-

1868 2058 1984 2098 rem
2044 2059 2155 2114 quo
2216 2043 2373 2098 ﬁeret
2399 2042 2797 2107 Christianus;
2848 2036 2942 2113 qui
3001 2043 3338 2115 baptizatum
3393 2042 3448 2097 in

1868 2132 2242 2204 Theophaniis
2289 2133 2536 2202 suscepit
2573 2148 2697 2187 eum
2747 2148 2811 2188 ex
2874 2132 3226 2202 baptismate,
3260 2147 3451 2203 repro-

1867 2228 2175 2280 mittentem
2230 2224 2485 2279 auxiliari
2512 2225 2563 2280 ei
2599 2225 2656 2279 in
2710 2224 3131 2296 quibuscunque
3160 2225 3446 2280 voluisset.

1868 2318 2072 2374 Eodem
2111 2332 2257 2373 anno
2284 2318 2519 2372 adhaesit
2567 2316 2836 2372 Romanis
2867 2316 3068 2372 mulier
3102 2317 3351 2387 quaedam
3380 2328 3448 2371 ex

1868 2410 2106 2476 Hunnis,
2131 2411 2224 2481 qui
2251 2410 2513 2464 dicuntur
2544 2408 2739 2471 Saber,
2772 2409 3027 2473 barbara,
3055 2410 3280 2464 nomine
3316 2407 3451 2463 Boa-

1869 2518 1982 2567 zer,
2001 2502 2411 2569 vidua,habens
2436 2517 2625 2557 secum
2652 2501 2978 2556 Hunnorum
3005 2501 3174 2555 millia
3204 2508 3446 2554 centum.

1869 2595 2008 2650 Tum
2048 2603 2101 2649 et
2132 2611 2227 2650 rex
2257 2594 2583 2650 Hunnorum
2614 2595 2707 2665 qui
2746 2603 2878 2651 sunt
2903 2594 3059 2663 juxta
3082 2593 3449 2664 Bosphorum.

1870 2685 2092 2739 nomine
2122 2684 2330 2751 Gorda,
2365 2685 2600 2740 accessit
2629 2685 2698 2739 ad
2746 2685 3157 2755 imperatorem,
3187 2692 3241 2738 ct
3273 2682 3453 2738 factus

1870 2773 2219 2830 Christianus
2241 2782 2533 2845 susceptus
2563 2783 2646 2829 est
2679 2775 2747 2828 ab
2774 2775 3144 2844 imperatore:
3177 2782 3232 2829 et
3263 2774 3452 2828 multis

1870 2864 1920 2919 ci
1952 2865 2214 2934 praestitis
2240 2865 2403 2922 donis
2436 2867 2585 2922 misit
2611 2882 2739 2921 eum
2768 2867 2822 2921 in
2855 2867 3132 2937 regionem
3164 2866 3340 2936 ipsius
3383 2868 3453 2921 ad

1872 2955 2147 3012 Romanas
2175 2972 2263 3013 res
2290 2959 2679 3014 custodiendas
2698 2968 2753 3013 et
2779 2958 3119 3029 Bosphorum
3154 2960 3452 3025 civitatem,

191 3048 264 3117 ei,
289 3048 538 3104 dicentes
571 3049 699 3119 quia
728 3049 893 3103 Pater
922 3058 1050 3105 tuus
1079 3051 1285 3115 senuit,
1313 3059 1367 3106 et
1399 3053 1446 3107 si
1474 3054 1768 3125 contigerit
1794 3065 1839 3122 (ι
1873 3062 1996 3117 qua:
2037 3063 2134 3116 pro
2165 3063 2233 3103 eo
2261 3050 2408 3117 quod
2441 3049 2709 3104 Romanis
2747 3051 2917 3106 boves
2953 3068 3051 3121 per
3076 3054 3327 3123 singulos
3353 3070 3454 3109 an-

191 3156 316 3195 eum
343 3142 502 3208 mori,
530 3140 811 3212 principes
844 3156 1128 3213 magorum
1162 3158 1330 3197 unum
1359 3143 1593 3203 fratrum
1646 3156 1771 3202 tuo-

191 3248 315 3288 rum
348 3234 557 3287 facient
606 3233 1019 3303 imperatorem,
1071 3248 1138 3289 eo
1176 3235 1322 3305 quod
1361 3245 1543 3291 teneat
1575 3237 1769 3309 dogma

193 3328 461 3397 ipsorum.
503 3325 612 3382 Nos
651 3333 834 3380 autem
862 3339 1161 3396 possumus
1207 3342 1303 3398 per
1334 3330 1617 3387 orationes
1673 3347 1773 3387 no—

192 3426 340 3475 stras
369 3417 600 3473 suadere
633 3417 775 3488 patri
810 3425 905 3471 tuo
936 3418 1327 3476 abrenuntiare
1356 3421 1608 3491 imperio,
1641 3432 1696 3479 et
1720 3436 1772 3482 te

191 3526 541 3583 promovere,
569 3518 627 3565 ut
662 3510 865 3580 ubique
890 3510 1181 3565 confirmes
1209 3512 1405 3583 dogma
1446 3514 1773 3573 Manichaeo—

193 3620 340 3659 rum.
371 3603 474 3669 Qui
515 3603 834 3675 repromisit
889 3604 993 3658 hoc
1048 3602 1250 3671 facere,
1316 3610 1362 3660 si
1418 3606 1771 3677 imperasset.

193 3694 330 3749 Cum
360 3706 543 3750 autem
575 3695 693 3750 haec
721 3694 974 3751 Cabades
1012 3698 1385 3766 cognovisset,
1414 3699 1586 3767 jussit
1634 3715 1771 3756 con-

199 3799 420 3844 ventum
451 3788 568 3844 fieri
596 3789 755 3859 quasi
787 3788 1038 3845 facturus
1065 3790 1238 3845 filium
1281 3806 1440 3845 suum
1473 3790 1774 3849 Pthasuar-

192 3899 290 3937 san
322 3884 733 3954 imperatorem,
766 3892 823 3937 et
855 3898 1045 3938 omnes
1065 3883 1271 3953 jubens
1304 3883 1633 3941 Manichacus
1663 3903 1771 3942 uua

194 3991 319 4030 cum
350 3976 610 4047 episcopo
631 3992 820 4031 eorum
850 3984 905 4031 et
930 3976 1255 4032 mulieribus
1277 3986 1331 4033 et
1359 3977 1548 4035 liberis
1575 3978 1772 4036 adesse

192 4070 512 4133 conventui,
544 4069 799 4127 similiter
825 4078 879 4124 et
911 4069 1215 4141 principem
1247 4084 1529 4141 magorum
1570 4070 1770 4127 Glona-

190 4178 293 4219 zen
325 4174 380 4218 et
409 4178 618 4232 magos,
649 4176 703 4218 et
727 4162 1171 4218 Christianorum
1204 4164 1523 4235 episcopum
1558 4163 1765 4220 Boazao

193 4270 326 4320 nen,
351 4255 608 4311 dilectum
639 4270 670 4309 a
698 4254 921 4310 Cabade
957 4262 1144 4326 utpote
1170 4256 1443 4312 medicum
1475 4259 1767 4328 optimum.

189 4346 262 4401 Et
283 4346 600 4402 convocatis
623 4345 939 4403 Manichaeis
972 4347 1071 4401 ait:
1093 4346 1309 4401 Gaudeo
1337 4363 1494 4416 super
1519 4352 1769 4420 dogmate

1876 3154 1979 3195 nos
2037 3154 2139 3210 pro
2205 3140 2455 3209 pecuniis
2503 3141 2795 3206 inferebat,
2828 3142 3147 3213 Bosphorus
3180 3147 3453 3216 appellata

1872 3241 1977 3289 est.
2011 3232 2237 3288 Locavit
2273 3242 2457 3289 autem
2507 3241 2563 3289 et
2622 3250 2913 3290 numerum
2969 3237 3202 3292 militum
3252 3239 3455 3294 Romae

1874 3341 2071 3381 norum
2105 3335 2160 3381 et
2213 3326 2560 3381 tribunorum
2600 3328 2881 3383 cuStodire
2914 3328 3192 3385 civitatem
3227 3342 3455 3403 propter

1874 3420 2126 3485 Hunnus,
2162 3425 2217 3474 ct
2250 3420 2469 3490 exigere
2504 3420 2709 3476 tributa
2736 3420 2926 3476 boum.
2951 3422 3329 3495 Promulgavit
3355 3439 3454 3479 au-

1875 3518 1982 3566 tem
2019 3510 2253 3566 fortnam
2291 3512 2593 3582 imperator
2627 3511 2696 3568 de
2725 3514 3005 3584 episcopis
3041 3521 3097 3570 et
3145 3517 3454 3572 meonomis

1872 3591 2426 3673 et'orphanotrophis
2465 3614 2520 3659 et
2574 3606 2935 3671 xenoalochis,
2993 3622 3060 3662 ne
3106 3609 3454 3668 liaereditutes

1872 3695 2219 3763 possiderent
2252 3695 2356 3750 nisi
2391 3710 2515 3765 quae
2541 3696 2866 3767 priusquam
2904 3698 3335 3776 proveherpntur
3356 3700 3456 3755 Ita-

1871 3785 2059 3842 buisse
2125 3786 2512 3856 probarentur,
2578 3788 2648 3843 de
2693 3788 2895 3856 quibus
2949 3797 3004 3843 et
3058 3796 3450 3845 testamentum

1872 3879 2125 3935 emittere
2180 3877 2515 3948 potuissent.
2545 3879 2628 3935 Ah
2681 3880 2813 3933 hora
2844 3896 2971 3936 vero
3001 3896 3107 3951 qua
3162 3897 3452 3952 promove-

1873 3978 2087 4039 rentur,
2117 3972 2394 4028 neminem
2431 3972 2632 4029 habere
2661 3973 2939 4028 licentiam
2971 3974 3324 4046 disponendi,
3354 3977 3451 4032 sed

1871 4069 2056 4125 omnia
2085 4069 2260 4139 ipsius
2309 4069 2675 4124 venerabilem
2731 4070 2955 4125 domqu
3017 4070 3352 4126 haereditari.
3386 4072 3453 4127 Et

1870 4163 2127 4234 exposuit
2155 4162 2452 4232 imperator
2478 4162 2627 4232 leges
2652 4162 2873 4222 validas
2887 4169 3078 4217 contra
3106 4163 3448 4228 libidinosus,

1872 4262 1927 4310 et
1960 4255 2116 4309 multi
2149 4255 2323 4326 puniti
2353 4263 2504 4319 sunt,
2530 4268 2587 4311 et
2616 4255 2794 4310 factus
2824 4265 2910 4311 est
2944 4256 3111 4310 timor
3141 4258 3350 4312 multus
3396 4267 3452 4314 et

1873 4346 2110 4402 cautela.
2140 4345 2447 4401 Renovavit
2475 4347 2643 4401 etiam
2682 4346 2995 4402 contrarias
3029 4347 3198 4416 leges,
3241 4347 3451 4402 faciens

189 4448 381 4504 vestro,
413 4445 464 4491 et
513 4437 628 4491 volo
656 4437 806 4504 dare,
853 4439 979 4492 dum
1011 4441 1145 4503 vivo,
1176 4438 1349 4509 filium
1395 4456 1565 4495 meum
1597 4441 1767 4496 Ptha-
1798 4413 1843 4469 θ
1871 4437 2210 4510 singularem
2272 4438 2521 4495 codicem
2546 4477 2563 4504 ,
2621 4449 2677 4495 et
2739 4454 2944 4495 vocans
3007 4453 3132 4494 eum
3190 4436 3446 4494 Novellas

187 4545 422 4587 suarsan
475 4538 526 4583 et
571 4542 979 4586 consentaneum
1044 4540 1294 4587 vestrum.
1349 4530 1454 4588 Sed
1503 4544 1770 4606 segregate

186 4623 531 4692 nosmetipsos
585 4621 655 4676 ad
689 4623 1044 4694 recipiendum
1081 4639 1224 4678 eum.
1262 4622 1369 4690 Qui
1410 4624 1537 4680 freti
1569 4626 1767 4683 ﬁducia

185 4715 516 4785 semetipsos
565 4724 1016 4786 segregaverunt.
1047 4715 1296 4773 Cabadcs
1331 4727 1516 4773 autem
1569 4721 1766 4789 praci-

186 4807 346 4877 piens
378 4807 657 4863 exercitus
680 4823 812 4863 suos
842 4806 1077 4879 ingredi.
1125 4824 1317 4865 omnes
1353 4811 1599 4866 concidit
1646 4814 1764 4883 gla-

182 4900 292 4955 diis
320 4913 442 4953 cum
482 4900 748 4971 episcopo
771 4915 985 4967 eorum,
1016 4900 1121 4956 sub
1158 4910 1463 4973 conspectu
1494 4904 1764 4975 principis

185 5007 472 5063 magorum
504 5003 558 5049 et
586 4993 1028 5049 Christianorum
1061 4995 1349 5051 antistitis.

256 5082 440 5139 Mundi
505 5100 653 5140 anno
683 5085 847 5150 60W,
898 5086 1099 5142 divinae
1156 5088 1561 5147 incarnationis
1619 5105 1762 5147 anno

180 5173 310 5243 519,
341 5190 465 5232 cum
500 5184 664 5233 terrae
690 5188 872 5234 motus
896 5177 1042 5245 apud
1080 5178 1430 5235 Antiochiam
1467 5181 1647 5237 adhuc
1677 5190 1763 5237 te-

179 5275 431 5335 neretur,
460 5267 806 5339 Euphrasius
832 5268 1126 5340 episcopus
1157 5270 1392 5327 obrutus
1414 5280 1499 5328 cst
1528 5287 1559 5325 a
1597 5282 1760 5328 terrae

1869 4532 2318 4598 constitutiones,
2362 4532 2418 4587 in
2443 4532 2645 4604 quibus
2698 4547 2806 4587 non
2840 4532 3111 4603 permittit
3144 4531 3448 4603 principem

1868 4622 1924 4677 in
1951 4621 2107 4687 locis,
2151 4623 2359 4693 quibus
2415 4633 2636 4693 praeest,
2674 4639 2860 4680 emere
2894 4625 3299 4694 possessionem
3355 4636 3451 4682 aut

1866 4713 2140 4770 aediﬁcare
2170 4714 2394 4770 domum
2448 4724 2546 4770 aut
2595 4715 2924 4770 haereditare
2982 4714 3098 4786 (‘25)
3131 4725 3448 4774 extraneum

1869 4822 2180 4878 personam,
2200 4807 2304 4863 nisi
2330 4808 2458 4878 quis
2481 4806 2585 4863 sibi
2615 4816 2880 4876 cognatus
2908 4807 3161 4862 exsisrat.

1942 4897 2144 4955 Eodem
2204 4913 2352 4954 anno
2417 4910 2580 4968 passa
2633 4907 2716 4953 est
2761 4913 2792 4952 a
2831 4897 3014 4953 divina
3068 4899 3450 4970 indignatione

1871 5006 2065 5047 rursus
2096 4991 2407 5055 Antiochia,
2443 4997 2567 5060 post
2599 4989 2741 5045 duos
2783 5003 2962 5046 annos
3001 4991 3200 5062 prioris
3232 4995 3450 5063 passio-

1871 5085 1978 5151 nis,
2005 5097 2061 5140 et
2090 5084 2270 5140 factus
2300 5090 2387 5138 est
2415 5090 2581 5139 terrae
2609 5089 2792 5139 motus
2819 5098 3049 5156 magnus
3071 5091 3125 5140 et
3146 5090 3447 5155 tempestas

1868 5178 2217 5250 gravissima.
2271 5178 2340 5232 Et
2393 5176 2638 5232 litaniam
2682 5176 2955 5233 faciebant
3011 5179 3103 5248 qui
3162 5192 3445 5235 remanse-

1865 5282 1989 5332 rant
2023 5285 2237 5335 omnes,
2272 5269 2613 5335 discalceati,
2642 5270 2961 5337 clamantes,
3003 5268 3186 5341 Hyrie,
3220 5269 3443 5333 eteison,

1722 5368 1959 5429 NOTAE.

253 5462 680 5537 (‘24)‘Nepotem,
712 5457 1075 5537 ἐγεψιόνέυι
1129 5465 1262 5537 tunc
1297 5457 1689 5537 ipquebantur,
1719 5462 1758 5518 i.

176 5555 233 5592 e.
260 5527 502 5592 ’δός-οτξέ
535 5548 651 5590 suae
702 5527 898 5586 tilium.
961 5527 1261 5598 Gregorius
1297 5527 1506 5584 Turon.
1539 5532 1687 5585 Hist.
1721 5548 1761 5599 ι,

179 5608 294 5665 f8:
342 5624 363 5659 ς
400 5604 737 5661 Octavianus
779 5600 910 5657 Julii
959 5600 1192 5655 Caesaris
1219 5614 1409 5669 nepos.
1443 5615 1603 5669 quem
1652 5604 1765 5656 Au.

174 5688 400 5749 gustum
446 5680 669 5749 _vocant.
724 5692 743 5726 ι
786 5671 1058 5749 Etm,_18
1098 5688 1129 5749 ε.
1168 5688 1187 5720 ι
1231 5668 1640 5749 Parv‘ipendens
1697 5674 1766 5749 de

178 5739 569 5805 interiectione
593 5752 871 5815 nepotum.
903 5762 922 5796 ι
957 5740 1227 5813 Loquitur
1254 5741 1320 5798 de
1342 5739 1645 5811 Chlotario,
1671 5745 1764 5812 qui

1871 5461 2011 5515 filios
2043 5456 2232 5512 fratris
2267 5456 2562 5512 occiderat.
2590 5452 2727 5511 Vide
2758 5453 3011 5509 Vossium
3053 5452 3130 5507 De
3154 5452 3298 5507 vitiis
3334 5467 3445 5506 ser-

1871 5531 2066 5595 monis,
2099 5543 2139 5593 l,
2168 5528 2261 5580 27.
2295 5525 2457 5583 Fsen.

1948 5591 2065 5671 (25)
2104 5591 2474 5671 ⁸Ηανιτάὶίιινε.
2507 5595 2695 5671 Yetus
2736 5596 3010 5671 interpres
3065 5592 3311 5671 epistplae
3373 5591 3440 5647 ad

1875 5663 2218 5738 Philadelph.
2253 5685 2377 5738 qum
2409 5671 2468 5723 s.
2526 5666 2734 5738 lguatio
2766 5663 3061 5723 ascribitur
3092 5663 3113 5720 ξ
3140 5685 3158 5716 ι
3195 5663 3439 5738 Regnum

1878 5745 1971 5802 Dei
2005 5737 2513 5797 nonlucreditabit.
2554 5757 2573 5790 ι
2615 5737 2692 5792 in.
