3906 6226
558 263 698 332 1255

1649 266 2050 328 ANASTASII
2103 263 2727 328 BIBLIOTHECARII
3607 273 3690 335 131.5

559 391 614 434 et
642 379 996 450 projicientes
1031 392 1089 431 se
1122 391 1326 448 pronos
1354 389 1520 446 super
1550 377 1724 434 nives.
1751 378 2016 448 Apparuit
2041 392 2131 430 au-
2161 386 2205 441 Α
2234 379 2300 434 ad
2333 377 2644 432 Caueanam
2682 370 2998 444 properavit
3061 367 3258 434 villam,
3308 364 3406 420 9.00
3432 381 3456 420 a
3502 367 3692 438 Syrticus:

565 485 668 527 tem
707 473 760 526 in
797 471 912 526 visu
953 468 1170 524 cuidam
1211 469 1306 523 Dei
1339 470 1535 524 cultori
1571 469 1804 532 homini,
1835 478 1894 524 ut
1928 469 2136 523 diceret

563 563 816 617 omnibus
849 561 1087 616 residuis
1117 563 1262 631 quod
1306 562 1780 631 superscribcrent
1821 561 1873 614 in
1907 561 2139 630 superli-

565 655 870 710 minaribns
895 655 1039 720 suis,
1070 654 1310 709 Christus
1351 655 1641 719 nobiscum,
1671 664 1824 709 state.
1853 654 1974 719 Quo
1995 652 2140 707 facto

563 747 716 801 stetit
746 746 824 800 ira
849 746 967 801 Dei.
999 747 1066 800 Et
1099 761 1294 800 rursus
1321 745 1618 815 imperator
1647 755 1700 801 et
1729 747 1976 816 Augusta
2009 747 2142 801 ntul-

562 846 644 892 tas
679 838 944 908 pecunias
963 837 1309 891 donaverunt
1338 835 1390 890 in
1427 837 1896 905 recuperationem
1931 847 1984 892 et
2009 839 2144 892 aedi-

565 930 875 983 ﬁcationem
935 927 1394 982 Antiochensium
1435 926 1696 992 civitatis,
1751 941 1914 996 quam
1964 935 2017 981 et
2056 941 2143 981 co-

563 1019 904 1090 gnominavit
933 1019 1279 1088 Theopolim.
1311 1016 1482 1071 Porro
1530 1032 1606 1070 xu
1656 1017 1775 1071 Kal.
1807 1017 2141 1087 Apriliarutn

567 1111 938 1165 7indietionis
1013 1109 1178 1162 irruit
1233 1107 1642 1162 Alamundarus
1674 1107 1889 1174 Zeeins,
1922 1108 2144 1177 regulus

566 1202 992 1265 Saracenorum,
1019 1212 1073 1254 et
1111 1200 1457 1269 depranlatns
1501 1206 1585 1252 est
1639 1200 1868 1266 primam
1928 1198 2141 1270 Syriam

568 1309 744 1363 usque
777 1294 844 1346 ad
882 1293 1146 1346 terminos
1202 1291 1506 1344 Antiochiae
1536 1291 1589 1343 in
1629 1292 1807 1344 locmn
1843 1291 1936 1360 qui
1993 1291 2146 1346 dice-

567 1388 729 1440 batur
760 1384 1066 1454 Litargnm,
1098 1392 1152 1436 et
1187 1384 1388 1437 occidit
1429 1385 1656 1447 multos,
1684 1392 1741 1437 et
1781 1383 2023 1437 incendit
2048 1398 2145 1437 cx-

568 1477 773 1531 teriora
802 1474 1185 1529 Chalcedonis.
1217 1473 1291 1527 Et
1317 1474 1605 1529 audientes
1634 1475 1906 1543 primores
1950 1472 2148 1526 Roma-

567 1583 788 1632 norum,
815 1566 1068 1622 exierunt
1092 1566 1359 1620 adversus
1388 1580 1536 1620 eum.
1575 1565 1695 1631 Quo
1725 1574 2008 1633 comperto
2045 1565 2147 1619 Sa-

569 1661 755 1714 raceni
797 1673 902 1714 una
958 1674 1083 1714 cum
1125 1658 1331 1724 Persis,
1377 1665 1596 1726 sumpta
1633 1657 1818 1727 prteda
1850 1671 1978 1711 cum
2045 1670 2142 1710 ca-

572 1752 758 1819 ptivis,
802 1750 1082 1821 fugerunt.
1114 1749 1384 1806 Prteterea
1451 1748 1736 1804 Samaritae
1769 1757 1825 1804 et
1879 1747 2052 1804 Judaei
2089 1748 2144 1802 in
2177 1741 2220 1797 Β

570 1839 864 1895 Palaesuna
916 1841 1298 1909 imperatorem
1329 1839 1620 1909 quemdam
1659 1837 1938 1892 Julianum
1991 1852 2148 1892 coro—

569 1939 791 1996 nantes,
815 1938 869 1984 et
908 1944 1061 1983 arma
1096 1940 1288 1984 contra
1337 1928 1684 1984 Christianos
1727 1933 2027 1992 moventes,
2059 1941 2148 1980 ra-

571 2021 732 2089 pinas
755 2031 810 2075 et
841 2020 1139 2075 homicidia
1164 2029 1219 2076 et
1251 2019 1502 2074 incendia
1537 2019 1747 2089 operati
1795 2025 1967 2083 sunt;
2007 2033 2148 2088 quos

571 2114 717 2170 Deus
769 2114 994 2168 tradidit
1033 2115 1086 2168 in
1134 2129 1334 2168 manus
1385 2112 1706 2178 Iustiniani,
1762 2120 1816 2167 et
1874 2112 2152 2167 interemit

571 2219 789 2271 omnes,
821 2211 876 2259 et
898 2202 1192 2259 decollavit
1237 2201 1514 2258 Iulianum
1567 2214 1888 2274 tyrannum.
1934 2203 2152 2258 Interea

571 2297 737 2350 tertio
765 2295 979 2366 imperii
1015 2294 1101 2351 sui
1127 2310 1274 2349 anno
1296 2294 1645 2350 Justinianus
1681 2295 1978 2365 imperator
2021 2310 2149 2365 pro-

573 2390 839 2459 mulgavit
867 2405 935 2444 ne
979 2390 1280 2444 militarent
1331 2390 1529 2460 pagani
1577 2404 1680 2444 nec
1730 2390 1994 2456 lueretici,
2042 2389 2150 2445 nisi

574 2483 678 2536 soli
731 2481 1026 2535 orthodoxi
1079 2481 1402 2548 Christiani,
1443 2482 1582 2537 dans
1638 2481 1747 2536 illis
1794 2490 1849 2536 et
1903 2481 2153 2536 inducias

576 2588 752 2642 usque
789 2573 858 2627 ad
890 2589 1106 2628 menses
1138 2581 1250 2627 tres
1290 2572 1356 2626 ad
1396 2574 1832 2628 conversionem.

650 2665 896 2734 Septimo
928 2664 1146 2733 imperii
1169 2663 1471 2719 Justiniani
1498 2679 1644 2719 anno
1675 2664 1822 2721 facta
1858 2675 1988 2720 sunt
2009 2664 2155 2720 Van-

575 2757 755 2812 dalica
792 2757 958 2821 bella,
1009 2765 1066 2812 et
1103 2757 1312 2826 recepit
1349 2756 1653 2812 Belisarius
1687 2758 1956 2813 Africam.
1987 2759 2154 2813 Deni-

575 2864 683 2918 que
709 2847 941 2904 Vandali
978 2849 1081 2904 sub
1115 2848 1350 2904 Arcadio
1379 2857 1434 2904 et
1461 2849 1702 2905 Honorio
1732 2849 1798 2904 ad
1827 2849 2149 2920 Hispaniam

575 2943 864 2998 venientes
920 2958 1045 2998 cum
1081 2941 1400 3013 Godigisclo
1436 2959 1568 3014 rege
1625 2958 1750 3008 suo,
1795 2952 1850 2999 et
1879 2959 1945 2998 ex
1984 2958 2047 2998 ea
2095 2943 2152 2998 in

2239 471 2436 528 stadiis
2481 468 2842 526 diil'erentem.
2902 465 3202 533 Procopius
3271 475 3395 532 ergo
3457 461 3694 532 Syracusani

2241 567 2526 637 ingressus
2559 578 2719 620 escas
2745 561 2873 618 emit
2901 559 3046 630 apud
3079 555 3521 620 Amalasuntbam,
3542 571 3696 611 uxorem

2241 656 2630 723 Tlteudericlii,
2664 663 2896 709 matrem
2934 659 3118 706 autem
3166 648 3455 703 Atalaricbi
3481 649 3594 718 regis
3629 649 3697 704 lti-

2243 750 2352 814 liaa,
2409 748 2710 802 amicitiam
2745 760 2872 816 erga
2895 742 3270 799 Justinianum
3315 739 3699 796 habentem.Con-

2245 849 2472 898 secutus
2490 855 2710 910 quoque
2741 847 2826 894 est
2849 837 3131 907 inopinate
3161 835 3339 888 virum
3368 834 3454 903 qui
3480 835 3565 888 sibi
3586 833 3702 888 inerat

2246 934 2458 990 amicus
2511 949 2541 987 a
2572 947 2746 1003 puero
2773 973 2787 998 ,
2841 933 3050 1002 quique
3108 928 3520 999 experimentum
3561 929 3706 984 habeas

2245 1025 2427 1096 Libyae
2449 1026 2694 1080 locorum
2724 1034 2781 1080 et
2813 1026 3003 1088 maris,
3033 1033 3142 1078 tres
3200 1030 3402 1077 tantum
3448 1022 3546 1078 dies
3591 1033 3710 1078 trans-

2247 1118 2427 1173 ierant
2455 1133 2519 1172 ex
2549 1133 2660 1188 quo
2715 1117 3050 1187 Carthagine
3076 1123 3321 1171 venerat.
3365 1115 3424 1169 Et
3452 1117 3715 1172 asseverabat

2247 1227 2468 1267 omnem
2497 1212 2850 1267 securitatem
2884 1211 3087 1264 habere
3124 1209 3274 1273 illos,
3307 1218 3359 1264 et
3386 1209 3508 1263 haud
3544 1219 3718 1263 metuere

2247 1318 2582 1374 quemquam
2629 1303 2847 1357 illorum
2889 1301 3037 1370 quod
3076 1300 3346 1355 adversus
3395 1315 3445 1354 se
3489 1307 3720 1353 moreretur

2246 1396 2544 1458 exercitus,
2580 1396 2653 1448 ita
2689 1404 2800 1448 uta
2830 1401 3069 1464 quatuor
3097 1392 3465 1448 mansionibus
3486 1391 3575 1460 (9.7)
3598 1393 3719 1445 maris

2249 1487 2486 1544 Gelimer
2541 1496 2870 1542 moraretur.
2915 1485 3071 1541 Hunc
3119 1501 3258 1556 ergo
3301 1493 3595 1554 assumptum
3621 1481 3722 1537 Pro-

2249 1579 2442 1648 copius
2476 1579 2544 1633 ad
2595 1577 2854 1633 Caucana
2882 1577 3216 1648 perveniens
3253 1577 3501 1632 Belisario
3542 1590 3716 1644 praesen-

2252 1670 2408 1722 tat-it.
2463 1666 2675 1733 Quibus
2723 1667 3024 1736 compertis
3076 1667 3378 1721 Belisarius
3428 1666 3722 1730 transmeavit,

2251 1770 2306 1814 et
2355 1761 2489 1815 exiit
2545 1759 2600 1813 in
2665 1759 2943 1829 quoddam
2997 1757 3309 1830 przedium;
3348 1772 3645 1828 aggeremque
3679 1771 3724 1810 ac
3802 1778 3821 1794 ιι

2249 1852 2450 1906 vallum
2480 1850 2813 1921 profundum
2838 1850 3103 1906 facientes
3132 1850 3490 1906 castrametati
3515 1858 3630 1904 sunt.
3651 1846 3728 1902 Ubi

2249 1958 2304 2004 et
2339 1963 2462 2002 cum
2519 1949 2675 2002 locus
2741 1949 3039 2016 inaquosus
3063 1955 3250 2012 esset,
3279 1946 3414 2001 vallo
3443 1944 3606 2001 etl‘osso
3627 1950 3732 1997 tetra

2251 2041 2476 2110 protulit
2508 2055 2707 2111 aquam
2740 2041 2807 2093 ad
2828 2055 3046 2095 omnem
3074 2039 3387 2103 utilitatem,
3425 2047 3518 2092 tam
3544 2037 3736 2090 animan-

2254 2132 2402 2188 tibus
2429 2146 2596 2202 qnam
2627 2132 2981 2188 exercitibus.
3021 2129 3289 2201 Sequenti
3339 2145 3455 2185 vero
3499 2129 3572 2184 die
3605 2143 3738 2197 papa.

2253 2226 2342 2281 lus
2368 2226 2433 2280 ad
2467 2225 2706 2296 praedam
2759 2226 3028 2297 prorupit.
3062 2223 3472 2279 Prtetorautem
3497 2221 3570 2276 bis
3596 2235 3737 2273 accer-

2254 2317 2378 2372 sitis
2409 2317 2526 2372 hzec
2578 2317 2645 2371 ad
2703 2332 2799 2372 eos
2841 2318 3054 2372 locutus
3081 2325 3168 2371 est
3203 2332 3218 2369 :
3272 2313 3556 2370 Violentiam
3579 2311 3738 2381 quidem

2254 2407 2449 2478 inferre
2476 2408 2765 2477 alienisque
2814 2409 2964 2476 pasci
2994 2407 3266 2476 injustitia
3296 2416 3366 2460 est
3395 2407 3442 2458 in
3494 2405 3614 2458 onmi
3643 2411 3740 2455 tem-

2251 2516 2396 2568 pore,
2436 2501 2766 2570 maximeque
2794 2499 3021 2553 nobisin
3050 2499 3298 2567 periculis
3342 2495 3630 2551 constitutis.
3655 2493 3742 2563 Ego

2253 2593 2393 2646 enim
2433 2593 2485 2645 in
2517 2592 2611 2646 hoc
2639 2591 2770 2660 ﬁsus
2793 2591 2847 2644 in
2890 2591 3028 2643 hanc
3076 2607 3164 2644 eos
3190 2599 3371 2643 terram
3414 2587 3668 2648 transteri,
3705 2594 3747 2636 ut

2247 2683 2458 2752 justitia
2514 2692 2565 2737 et
2611 2697 2761 2751 apere
2797 2683 2929 2735 bono
2961 2691 3070 2736 tam
3128 2681 3286 2736 Deum
3337 2680 3578 2747 placemus
3614 2692 3749 2746 quam

2253 2774 2410 2843 Afros
2455 2775 2524 2828 ad
2557 2783 2755 2828 nasmet
2785 2775 3053 2828 attrahere
3076 2789 3412 2842 procaretnus.
3446 2769 3562 2823 Πιεο
3607 2778 3750 2820 autem

2255 2876 2425 2921 vestra
2452 2867 2859 2936 intemperantia
2897 2867 2951 2920 in
2976 2866 3292 2920 contrarium
3341 2862 3477 2916 vobis
3511 2860 3749 2930 prouenirt,

2253 2968 2305 3013 et
2359 2970 2474 3030 aget
2508 2969 2566 3012 ut
2605 2959 2722 3028 Afri
2764 2959 3022 3013 Vandaiis
3075 2958 3413 3012 auxiiientur.
3469 2955 3562 3009 Sed
3589 2955 3751 3022 acquie—

576 3035 802 3107 Libyam
831 3045 1203 3099 ιτίίηεθυιηθεν
1260 3035 1403 3127 [mm
1432 3035 1994 3127 comprehenderunt
2045 3033 2153 3089 GO'
2180 3066 2226 3127 α
2257 3064 2457 3107 scentes
2483 3053 2634 3106 verbo
2680 3069 2814 3117 meo,
2844 3061 3070 3106 ementes
3093 3067 3247 3105 escas
3280 3058 3546 3119 asportata,
3571 3057 3613 3102 et
3632 3061 3752 3116 neque

575 3127 808 3198 digisclo
841 3141 974 3181 vero
1004 3136 1224 3182 mortuo
1253 3125 1579 3182 Gizerichus
1634 3126 1756 3197 ejus
1788 3127 2156 3198 principatum

576 3223 842 3294 suscepit.
872 3222 972 3277 Cui
1003 3219 1274 3276 successit
1303 3217 1652 3274 ilonorichus
1671 3218 1819 3272 [ilius
1849 3219 1974 3288 ejus
1994 3257 2010 3282 ,
2067 3234 2158 3274 re-

581 3330 750 3388 gnum
791 3313 1025 3384 adeptus
1055 3328 1070 3378 ;
1103 3309 1199 3380 qui
1239 3310 1411 3363 multa
1436 3309 1578 3363 mala
1609 3307 1945 3364 Christianis
1973 3310 2069 3380 qui
2102 3310 2158 3365 in

578 3409 748 3478 Libya
778 3415 937 3460 erant
964 3403 1232 3468 ostendit,
1256 3410 1312 3456 et
1340 3401 1654 3456 arianizare
1679 3403 1884 3473 coegit,
1909 3411 1965 3458 et
2010 3403 2156 3457 tnui-

580 3510 664 3554 tos
699 3497 924 3560 occidit,
967 3505 1022 3550 et
1051 3496 1292 3563 linguam
1320 3507 1350 3548 a
1379 3501 1596 3564 gutture
1637 3494 2004 3564 quorumdam
2029 3493 2158 3550 abs-

582 3588 755 3654 cidit,
790 3588 885 3657 qui
945 3587 1113 3642 etiam
1155 3584 1249 3641 Dei
1293 3585 1472 3656 gratia
1541 3595 1727 3656 postea
1765 3566 2155 3657 loquebantur.

581 3681 891 3750 Episcopus
929 3689 1110 3734 autem
1143 3677 1366 3748 quidam
1395 3676 1695 3734 Orientalis
1715 3679 1888 3748 partis
1917 3681 2156 3751 impera-

581 3785 752 3829 torem
785 3770 1158 3827 .lustiniannm
1205 3771 1496 3835 deterruit,
1526 3771 1722 3827 dicens
1775 3787 1843 3827 ex
1892 3771 2002 3827 Deo
2050 3773 2160 3829 sibi

579 3866 853 3922 visionem
900 3865 1124 3926 factam,
1182 3863 1464 3933 jubentem
1499 3863 1606 3918 sibi
1660 3862 1730 3918 ad
1763 3864 2153 3934 imperatorem

581 3957 866 4022 accedere,
901 3965 958 4010 et
1021 3956 1302 4025 postulare
1357 3961 1418 4008 ut
1472 3954 1822 4011 Christianos
1869 3957 1963 4026 qui
2001 3967 2157 4012 erant

581 4052 637 4106 in
672 4050 840 4122 Libya
869 4048 1128 4104 liberaret
1175 4062 1206 4102 a
1237 4051 1508 4119 tyrannis.
1579 4047 1792 4115 Quibus
1853 4049 2153 4120 imperator

581 4142 787 4199 auditis
831 4142 1070 4196 retinere
1093 4151 1331 4196 mentem
1362 4141 1506 4195 ultra
1539 4157 1653 4197 non
1677 4143 1882 4212 potuit,
1915 4143 2011 4198 sed
2041 4152 2153 4197 tam

581 4235 885 4290 exercitum
938 4241 995 4289 et
1027 4249 1196 4290 naves
1230 4234 1405 4290 armis
1451 4235 1824 4292 circumdedit
1857 4244 1912 4292 et
1941 4237 2157 4291 vietua-

579 4329 655 4384 lia
687 4326 802 4398 (9.6)
835 4326 1167 4396 praeparavit
1201 4365 1216 4392 ,
1261 4326 1706 4398 Belisariumque
1761 4327 1818 4382 in
1866 4327 2154 4398 procinctu

2260 3143 2448 3206 iniusti
2477 3159 2591 3197 esse
2624 3143 2908 3196 videamini
2955 3159 3116 3213 neque
3155 3143 3442 3196 amicitiam
3485 3140 3694 3208 Afrorum
3714 3138 3750 3188 in

2260 3231 2598 3286 inimicitiam
2621 3233 2976 3303 :convertatis,
3037 3232 3131 3286 sed
3181 3231 3355 3287 Deum
3391 3231 3545 3300 potius
3590 3232 3750 3298 placare

2260 3326 2482 3380 studete.
2500 3324 2714 3380 Cessate
2731 3327 2932 3380 insilire
2951 3326 3005 3380 in
3043 3325 3309 3390 alienum,
3344 3335 3392 3380 et
3419 3326 3599 3378 luerunt
3636 3337 3747 3375 em-

2263 3417 2354 3472 tite
2405 3417 2651 3485 periculis
2706 3418 2938 3486 plenum.
2991 3415 3220 3474 Mittens
3295 3427 3470 3471 autem
3523 3412 3746 3470 Belisarius

2260 3510 2496 3565 electum
2531 3509 2834 3565 exercitum
2881 3509 3070 3564 urbem
3103 3509 3231 3565 sine
3262 3510 3448 3567 labore
3471 3507 3748 3578 comprehen-

2261 3601 2378 3670 di;t;
2408 3611 2572 3656 noctu
2607 3603 2752 3657 enim
2775 3603 2840 3656 ad
2874 3617 2994 3657 eam
3028 3601 3452 3669 accedentes,et
3475 3616 3568 3655 una
3583 3613 3674 3653 cum
3697 3596 3748 3648 in-

2259 3695 2612 3750 troeuntibus
2680 3694 2944 3763 plaustris
3017 3694 3367 3750 rusticorum
3443 3693 3752 3764 ingredientes.

2260 3782 2405 3838 hanc
2433 3783 2793 3839 obtinuerunt
2818 3803 2832 3851 ;
2865 3793 2920 3840 et
2950 3799 3076 3840 eum
3103 3786 3228 3841 dies
3257 3786 3442 3842 factus
3463 3785 3643 3844 inisset,
3677 3790 3754 3833 tam

2259 3875 2599 3931 sacerdotem
2643 3892 2808 3947 quam
2840 3876 3005 3947 hujus
3046 3877 3263 3948 primos
3284 3885 3576 3949 captantes,
3595 3873 3646 3929 ad
3664 3887 3760 3942 prs:-

2262 3975 2438 4022 torem
2467 3967 2912 4022 destinaverunt.

2331 4056 2635 4114 Belisarius
2664 4059 2864 4128 itaque,
2902 4058 3249 4130 Carthagine
3279 4069 3440 4132 capta
3463 4051 3760 4116 commonebat

2262 4146 2486 4213 milites,
2506 4147 2700 4204 dicens
2732 4165 2746 4202 :
2784 4148 2961 4204 Videte
2989 4160 3191 4218 quanta
3243 4168 3498 4222 prospera
3541 4149 3658 4218 facta
3682 4151 3756 4196 sint

2261 4239 2435 4301 nobis,
2479 4240 2729 4308 quoniam
2783 4240 3121 4296 sobrietatem
3145 4259 3279 4314 erga
3312 4245 3472 4314 Afros
3497 4239 3755 4296 ostendistis.

2273 4328 2454 4383 Videte
2491 4330 2818 4384 honestatem
2849 4336 2905 4385 in
2942 4332 3274 4403 Carthagine
3326 4349 3615 4388 conservare
3662 4337 3696 4381 et
3719 4341 3754 4374 ιε

580 4436 705 4477 esse
757 4419 1020 4490 praecepit
1070 4416 1125 4472 in
1173 4416 1403 4488 Libyam
1467 4428 1756 4489 praetorem
1806 4420 2159 4488 mittendum,
2193 4406 2236 4462 υ
2264 4420 2382 4491 quis
2419 4436 2731 4491 quemquam
2761 4423 3043 4490 opprimat,
3069 4439 3162 4477 nec
3191 4427 3490 4497 quidquam
3517 4424 3652 4494 ipsis:
3682 4420 3755 4472 sab-

580 4527 745 4583 quem
777 4521 833 4566 et
871 4518 1162 4582 praetorem
1228 4509 1531 4579 imperator
1581 4511 1985 4581 principaliter,
2024 4513 2161 4568 etin

581 4605 840 4660 omnibus
869 4602 1084 4659 statuit.
1107 4601 1240 4656 Erat
1279 4610 1464 4658 autem
1495 4617 1622 4657 cum
1651 4617 1716 4658 eo
1743 4615 1798 4657 et
1835 4604 2159 4678 ProcOpius,

584 4697 780 4752 harum
819 4711 1007 4751 rerum
1031 4695 1378 4765 conscriptor
1411 4712 1426 4761 ;
1463 4693 1877 4765 proficiscentes
1907 4706 2090 4754 autem
2131 4714 2162 4752 a

587 4789 738 4858 regia
771 4788 910 4844 urbe
934 4787 1196 4842 adierunt
1222 4786 1500 4856 Abydum.
1546 4786 1846 4842 Belisarius
1879 4803 2012 4843 vero
2065 4805 2164 4845 cu-

582 4883 746 4937 rabat
789 4893 1066 4950 quatenus
1095 4881 1394 4936 universus
1427 4878 1606 4934 stolus
1659 4879 1825 4934 simul
1875 4879 2160 4951 navigaret
2209 4893 2244 4950 λ
2267 4881 2405 4936 dens
2438 4881 2697 4952 palatium
2729 4881 2786 4936 in
2835 4882 3128 4937 Gelimeris
3165 4883 3318 4938 solio
3358 4885 3520 4940 sedit.
3547 4882 3616 4936 Ad
3657 4887 3764 4946 quem

581 4982 637 5027 et
673 4973 726 5025 in
756 4971 1018 5041 pnedium
1049 4971 1192 5025 idem
1220 4971 1399 5042 ipsum
1433 4969 1764 5037 diverteret;
1801 4985 2039 5041 cumque
2089 4972 2157 5025 ad

586 5060 836 5119 Siciliam
871 5059 1236 5130 pervenisset,
1272 5061 1423 5115 misit
1445 5059 1776 5130 Procopium
1818 5061 2162 5131 conscripto-

585 5171 702 5212 rem
744 5152 1112 5226 Syracusam,
1175 5154 1221 5207 si
1261 5153 1403 5208 forte
1433 5155 1709 5210 inveniret
1757 5155 2026 5225 quosdam
2065 5156 2160 5226 qui

585 5266 646 5308 se
687 5250 744 5306 in
774 5247 1002 5320 Libyam
1036 5247 1328 5302 ducerent.
1373 5248 1496 5317 Ipse
1558 5263 1688 5305 vero
1745 5249 1888 5305 stolo
1937 5256 2163 5319 accepto

2260 4514 2444 4582 ripiat.
2483 4512 2621 4568 Cum
2646 4515 2786 4568 enim
2817 4515 2987 4567 multa
3036 4515 3180 4568 mala
3229 4518 3464 4584 fuissent
3491 4533 3519 4569 a
3577 4509 3756 4566 Vandale

2261 4605 2507 4659 barbaris
2538 4605 2666 4659 viris
2711 4607 2962 4675 perpessi,
3003 4607 3305 4676 imperator
3355 4617 3528 4663 noster
3554 4605 3609 4658 ad
3655 4597 3758 4654 auri-

2263 4698 2505 4752 iiandum
2534 4699 2609 4752 eis
2637 4714 2732 4752 nos
2787 4699 2932 4752 misit
2958 4707 3007 4752 et
3038 4699 3106 4752 ad
3160 4699 3470 4756 libertatem
3519 4695 3760 4754 donanda!!-

2263 4789 2390 4845 Hatc
2422 4805 2780 4846 commoneas
2817 4790 3202 4863 Carthaginem
3243 4794 3518 4858 introivit,
3559 4799 3606 4846 et
3630 4798 3763 4841 ast‘tﬂ'

2271 4979 2624 5026 accesserunt
2661 4972 3036 5042 negatiatores
3063 4972 3453 5046 Carthaginis,
3484 4983 3534 5030 et
3571 4968 3766 5042 quotquot

2261 5063 2419 5132 juxta
2452 5078 2604 5118 mare
2654 5065 2972 5131 manebant,
3022 5066 3376 5136 queritantes
3429 5084 3488 5124 se
3525 5067 3718 5134 rapinam
3746 5069 3765 5104 ε

2268 5158 2546 5214 classibus
2583 5159 2904 5228 pertulisse.
2957 5163 3029 5214 At
3050 5176 3180 5215 rero
3207 5161 3592 5234 Calonymnm,
3613 5155 3764 5210 navium

2267 5250 2600 5322 principem,
2651 5249 2970 5320 juramento
3009 5254 3356 5309 constrinxit
3413 5267 3655 5326 quatenus
3691 5258 3769 5296 οω-

2101 5383 2336 5442 NOTAE.

660 5506 774 5577 (26)
841 5504 1565 5573 Victualia.Commeatum,
1601 5505 1770 5560 victui
1817 5503 2154 5577 necessaria.

583 5573 791 5632 Glossa:
831 5579 1073 5634 Dosithei
1103 5596 1115 5631 :
1157 5597 1174 5630 ι
1204 5577 1483 5641 alimonia,
1515 5577 1797 5632 victnalia.
1834 5593 1851 5624 ι
1883 5573 2152 5630 Flodoar-

583 5650 707 5710 dus,
736 5645 879 5702 Hist.
918 5649 1048 5702 eccl.
1075 5647 1222 5702 Rem.
1252 5689 1266 5714 ,
1291 5665 1348 5714 ιι,
1376 5648 1436 5704 il
1473 5665 1484 5700 :
1524 5665 1543 5700 ι
1571 5645 1907 5704 Suﬂicientia
1935 5645 2154 5702 victus-

583 5717 655 5770 lia
686 5719 992 5774 constituit.
1025 5737 1043 5768 ι
1079 5717 1238 5788 Finit.

2337 5507 2450 5580 (Ξῖ)
2471 5507 2858 5580 Mansionibus.
2887 5509 3168 5580 Sulpicius
3201 5506 3453 5580 Severus
3484 5510 3534 5562 in
3564 5499 3763 5580 Martini"?

2269 5597 2286 5629 ι
2325 5579 2578 5633 Sedecim
2610 5577 3010 5635 mansionibus
3033 5582 3208 5635 abest.
3234 5598 3253 5629 ι
3297 5578 3467 5634 Plura
3489 5580 3555 5633 de
3595 5577 3768 5630 mansW'

2266 5650 2431 5705 nibus
2459 5650 2584 5706 dico
2619 5650 2685 5705 ad
2713 5650 2795 5706 tit.
2835 5666 2893 5706 ιιι
2923 5651 3084 5712 dicta:
3102 5649 3488 5708 Collectionis.
3542 5649 3607 5703 lo.
