3906 6226
288 257 424 324 1257

1117 256 1483 320 HISTORIA
1520 258 2095 322 ECCLESIASTICA
2138 264 2236 324 EX
2282 266 2765 332 ΤΠΕΟΡΗΑΝΕ.

3397 277 3531 343 1258

284 370 379 424 nia
408 382 529 439 qurc
561 375 717 440 rapta
760 367 976 425 fuerant
1009 379 1320 442 asportaret
1346 381 1399 428 et
1422 375 1662 444 propriis
1682 374 1862 429 domi-
1895 384 1937 440 Α
1975 379 2205 448 spongia
2239 378 2450 444 reddat,
2480 394 2647 450 porro
2686 381 2975 449 citharam,
3007 393 3068 439 ut
3092 384 3455 447 calamitatem
3476 400 3536 449 et

282 461 375 517 nis
396 460 692 527 redderet;
726 462 820 532 qui
853 461 1188 521 defraudans
1228 480 1294 520 ex
1343 464 1427 522 eis
1484 475 1537 520 et
1564 466 1858 537 perjurans

283 566 394 608 non
432 560 555 624 post
594 555 825 608 multum
868 554 1167 612 vindictam
1195 555 1471 613 exsolvit:
1523 573 1649 613 nam
1705 566 1861 614 extra

282 663 506 705 sensmn
539 646 771 704 t-ll'cetus
820 663 975 704 suam
1038 649 1212 719 ipsius
1270 649 1513 720 linguam
1566 651 1863 706 comedetis

280 742 439 797 obiit.
466 742 543 797 ita
580 756 710 797 vero
740 754 944 811 praetor
983 743 1105 799 sine
1163 743 1402 798 tumultu
1442 742 1643 798 urbem
1680 743 1865 813 possi-

280 835 470 897 debat.
506 841 566 889 ut
596 849 699 891 nec
731 834 987 904 injuriam
1011 835 1327 906 quampiam
1357 834 1597 891 inferret
1619 834 1858 901 homini,

283 942 385 984 nec
418 926 473 981 in
511 924 634 980 foro
667 927 956 996 quospiam
1002 927 1262 983 obserare
1294 926 1521 983 domum
1570 929 1865 1000 continge—

282 1028 391 1081 ret,
424 1019 520 1072 sed
547 1024 791 1073 ementes
843 1018 1046 1075 milites
1076 1020 1484 1076 mandueabant
1511 1028 1567 1077 et
1599 1021 1866 1077 iretaban-

281 1123 392 1166 tur.
416 1107 527 1166 Eos
558 1125 690 1166 vero
716 1109 995 1167 Vandalos
1025 1113 1119 1183 qui
1175 1112 1244 1167 ad
1272 1127 1432 1168 saera
1466 1113 1859 1185 confugerant,

282 1204 391 1260 ﬁde
441 1204 684 1275 praestita
708 1204 996 1259 educebat.
1044 1205 1322 1261 Mororum
1373 1214 1558 1261 autem
1612 1206 1862 1261 civitatis

278 1295 624 1368 diligentiam
650 1297 967 1362 exhibebat,
999 1313 1125 1353 cum
1155 1309 1316 1354 antea
1343 1299 1674 1370 negligentia
1733 1313 1862 1354 rue-

279 1398 425 1445 rent.
452 1388 623 1445 Porro
640 1389 899 1445 dicebant
914 1398 968 1446 et
989 1400 1144 1446 vetus
1161 1392 1388 1448 verbum
1414 1390 1746 1462 Carthagine
1776 1391 1864 1446 di-

278 1488 454 1544 ctum,
473 1481 730 1537 videlicet
751 1481 980 1538 Gamma
1001 1496 1361 1555 persequetur
1378 1484 1532 1550 Beta,
1561 1500 1711 1541 nunc
1740 1499 1865 1543 esse

290 1574 594 1644 perfectum
620 1591 635 1628 :
657 1573 811 1646 prius
827 1575 972 1631 enim
996 1575 1330 1633 Gezerichus
1355 1576 1696 1633 Bonifacium
1714 1577 1867 1634 inse-

276 1678 441 1724 cutus
466 1678 571 1734 e5t,
590 1683 734 1724 nunc
752 1684 886 1724 vero
902 1668 1199 1725 Belisarius
1221 1669 1568 1726 Gelimerem.
1599 1669 1866 1726 Praeterea

1966 468 2298 526 lamentetur
2325 480 2382 526 et
2402 471 2621 528 deﬂeat.
2665 470 2762 529 liis
2785 474 2988 531 auditis
3019 474 3190 535 Faras
3207 481 3535 549 condoletts,

1961 564 2017 612 et
2051 556 2324 659 fortunam
2350 559 2654 659 humanam
2684 561 3002 634 deplorans,
3052 568 3367 639 secundum
3412 572 3538 643 ejus
3558 615 3603 659 α.

1965 649 2173 719 scripta
2203 649 2461 713 faciebat,
2480 661 2534 708 et
2559 655 2746 709 omnia
2776 655 3036 713 mittebat
3056 674 3400 733 quaecunque
3419 664 3533 737 (28)

1963 738 2204 794 Gelimer
2228 740 2441 810 egebat.
2474 741 2751 801 Praeterea
2806 761 2933 801 cum
2978 747 3155 805 hiems
3197 753 3534 819 transiisset,

1964 836 2214 886 metuens
2240 831 2481 889 Gelimer
2513 835 2858 892 obsidionem
2922 838 3322 911 Romanorum,
3357 853 3411 901 et
3435 861 3532 903 eoo

1963 927 2250 990 gnatorum
2300 924 2562 981 misertus
2597 926 2851 994 filiorum,
2880 932 2974 1000 qui
3007 947 3223 991 vermes
3247 936 3302 990 in
3347 938 3537 995 eadem

1965 1012 2185 1068 miseria
2227 1013 2495 1084 fceerant,
2525 1017 2831 1077 dissolutus
2864 1033 2949 1077 est
2989 1034 3193 1092 mente,
3224 1036 3282 1083 et
3310 1028 3381 1082 ad
3422 1016 3539 1085 'Fa-

1964 1117 2063 1158 ran
2113 1106 2401 1177 rescripsit
2462 1109 2607 1178 quod
2666 1110 2793 1167 ﬁdei
2840 1114 3010 1170 verbo
3054 1130 3275 1188 recepto
3308 1120 3538 1190 ipse,et

1964 1194 2060 1265 qui
2122 1210 2308 1251 secum
2383 1208 2578 1267 erant,
2636 1201 2705 1256 ad
2759 1203 3088 1260 Belisarium
3149 1220 3536 1280 properarent.

1966 1286 2088 1353 Quo
2116 1289 2263 1343 hunc
2286 1299 2496 1346 certum
2525 1292 2889 1365 jurejurando
2909 1297 3190 1363 reddente.
3233 1304 3537 1375 assumptis

1965 1381 2223 1437 omnibus
2244 1381 2628 1455 Carthaginem
2660 1388 2831 1443 venit.
2857 1389 3161 1447 Beiisarius
3185 1403 3366 1450 autem
3390 1398 3539 1453 hunc

1966 1482 2249 1546 gratanter
2276 1479 2502 1544 recepit.
2539 1480 2608 1535 At
2634 1496 2766 1538 vero
2792 1480 3035 1539 Gclimer
3064 1485 3294 1543 ridendo
3328 1489 3396 1544 ad
3436 1491 3538 1545 Be-

1968 1566 2216 1622 lisarium
2250 1569 2519 1626 introivit.
2550 1573 2724 1638 Quem
2780 1574 2873 1629 alii
2898 1576 3118 1646 quidem
3160 1580 3541 1649 superﬂuitate

1969 1660 2248 1729 passionis
2278 1664 2591 1721 excessisse
2607 1681 2728 1736 qua:
2760 1676 2893 1722 sunt
2914 1677 3127 1725 naturae
3148 1711 3163 1737 ,
3191 1671 3539 1747 delirumque

276 1754 359 1812 ιοι
401 1758 668 1829 pecunias
710 1758 1005 1814 multitudo
1050 1756 1253 1830 reperit
1291 1769 1426 1831 quot
1470 1762 1526 1818 in
1558 1762 1711 1817 nullo
1747 1761 1856 1817 iocc

1970 1749 2398 1819 suspicabantur
2426 1753 2681 1811 eﬂ‘ectum
2718 1775 2733 1812 :
2771 1759 2935 1816 amici
2977 1776 3111 1816 vero
3154 1763 3320 1833 hujus
3365 1779 3419 1822 et
3448 1781 3539 1822 sa-

275 1862 654 1917 unquamessc
668 1848 991 1918 contigerat.
1015 1848 1255 1918 Denique
1272 1847 1642 1915 Romanorum
1663 1850 1872 1921 princi-

275 1948 462 2010 patum
479 1940 875 2010 dcpopulantes
894 1941 1154 2011 pecunias
1171 1941 1372 1997 multas
1385 1924 1668 2014 iuLibyam
1687 1954 1869 1999 trans-

274 2032 543 2092 tulerunt.
608 2029 671 2085 Et
719 2048 843 2086 cum
876 2033 994 2101 ipsa
1025 2033 1174 2103 regio
1194 2032 1399 2103 optima
1433 2043 1488 2088 et
1513 2033 1751 2089 fecunda
1774 2050 1866 2092 es-

275 2133 382 2189 set,
402 2124 761 2195 pecuuiarum
782 2123 993 2180 reditus
1020 2124 1101 2181 eis
1125 2123 1301 2180 eil'ecti
1330 2134 1459 2180 sunt
1486 2126 1664 2182 multi.
1681 2126 1867 2182 Nona-

272 2216 425 2288 ginta
475 2217 676 2287 quippe
726 2224 781 2271 et
843 2217 1088 2289 quinque
1141 2218 1303 2272 annis
1356 2212 1588 2273 Vandali
1638 2217 1865 2290 Libyam

274 2317 624 2376 tenuerunt;
660 2318 714 2365 et
762 2324 887 2364 eum
942 2309 1146 2367 multas
1195 2310 1423 2366 divitias
1483 2312 1863 2383 collegissent,

275 2406 330 2459 iu
366 2403 590 2459 illa‘die
640 2402 694 2457 in
727 2401 1112 2458 Romanorum
1169 2417 1369 2460 manus
1424 2417 1621 2461 omnes
1661 2404 1868 2461 divitia:

277 2495 673 2553 rcdierunt.ln
720 2495 900 2551 tribus
953 2496 1099 2552 enim
1136 2498 1424 2553 mensibus
1456 2512 1580 2551 cum
1628 2514 1868 2569 pugnas-

273 2596 358 2647 set
395 2589 715 2652 Bclisarius,
746 2589 798 2644 id
832 2598 915 2644 est
936 2605 962 2642 a
993 2589 1252 2646 Kalendis
1325 2590 1657 2648 Octobribus
1689 2608 1867 2663 usque

272 2681 341 2736 ad
382 2679 652 2735 Kalendas
678 2678 1049 2745 Decembrias,
1075 2692 1245 2737 totam
1296 2682 1525 2754 Libyam
1589 2684 1861 2761 subdidit.

272 2774 422 2828 Misit
448 2781 627 2828 autem
659 2773 925 2829 Joannem
953 2774 1268 2830 Armenium
1293 2791 1419 2831 cum
1446 2775 1700 2831 ducentis
1748 2778 1867 2832 ele-

270 2869 381 2922 ctis
424 2867 680 2936 persequi
743 2865 1097 2934 Gelimerem,
1128 2867 1332 2943 donec
1375 2884 1498 2923 eum
1557 2869 1864 2923 vivumaut

272 2969 552 3015 mortuum
579 2957 1070 3029 comprehenderet
1101 2975 1116 3024 ;
1148 2958 1241 3027 qui
1271 2973 1663 3029 praeoccupans
1711 2957 1861 3014 Geli-

272 3067 480 3108 merem
540 3051 1048 3121 comprehensurus
1082 3060 1224 3116 erat,
1262 3051 1367 3105 nisi
1399 3065 1488 3105 res
1529 3051 1854 3121 contigisset

1968 1855 2154 1909 gacem
2198 1841 2476 1904 hominem
2536 1846 2695 1902 hunc:
2736 1864 2858 1906 esse
2898 1852 3234 1922 cogitabant,
3292 1864 3350 1910 et
3411 1872 3537 1913 eum

1968 1930 2137 1988 fuerit
2164 1950 2258 1990 rex
2301 1947 2358 1991 et
2384 1938 2520 2008 regii
2577 1940 2820 2009 generis,
2881 1950 2936 1997 et
2988 1944 3247 2002 virtutem
3299 1947 3534 2004 validam

1967 2024 2343 2095 pecuniasque
2373 2040 2603 2098 magnas
2637 2029 2915 2098 habuerit,
2948 2036 3213 2104 quoniam
3239 2036 3294 2091 in
3350 2036 3534 2107 fugam

1968 2131 2163 2172 versus
2182 2127 2269 2174 est
2321 2126 2378 2173 et
2412 2121 2553 2176 maia
2578 2174 2583 2179 ,
2609 2123 2666 2177 in
2703 2121 2888 2194 Papua
2934 2127 3157 2195 pertulit
3190 2139 3247 2184 et
3299 2145 3447 2186 nunc
3480 2141 3536 2185 ut

1966 2210 2218 2278 captivus
2246 2210 2448 2269 ductus
2470 2222 2577 2279 est,
2619 2214 2751 2269 nihil
2776 2226 2974 2285 praeter
2999 2220 3174 2275 multo
3201 2221 3314 2276 risu
3344 2221 3537 2293 digna,

1965 2315 2088 2368 quae
2114 2299 2394 2357 hominum
2429 2314 2578 2371 sunt,
2628 2306 2954 2362 arbitratum
2988 2324 3113 2365 eum
3139 2326 3261 2367 esse
3283 2313 3540 2383 perhibec

1966 2391 2120 2447 baut.
2156 2391 2456 2451 Bclisarius
2495 2405 2677 2453 autem
2719 2397 2865 2453 hunc
2894 2415 3021 2456 cum
3053 2404 3396 2475 principibus
3420 2422 3540 2461 om—

1966 2484 2131 2540 nibus
2172 2483 2547 2542 Vaudaiorum
2575 2504 2684 2544 non
2721 2490 2777 2545 in
2827 2490 3408 2568 dehonorationeﬂii)
3445 2513 3537 2553 cttv

1966 2578 2257 2644 stodicbat,
2279 2589 2338 2633 ut
2373 2579 2438 2633 ad
2472 2581 2860 2650 imperatorem
2890 2583 3263 2643 Justiuianum
3318 2588 3528 2660 Byzan-

1966 2668 2100 2723 tium
2128 2669 2374 2724 duceret.
2418 2668 2627 2741 Cyrillo
2656 2686 2789 2726 vero
2828 2674 3019 2729 statim
3049 2674 3356 2734 Belisarius
3406 2694 3532 2734 cum

1964 2759 2144 2831 capite
2193 2758 2452 2819 Zatzouis
2480 2760 2672 2817 fratris
2698 2761 2989 2820 Gelimeris
3022 2765 3076 2820 in
3114 2765 3351 2823 Sardum
3380 2770 3539 2827 insu-

1964 2852 2071 2905 lam
2103 2852 2297 2918 misso,
2329 2867 2451 2922 quae
2489 2852 2708 2924 Kyrnus
2756 2856 3083 2925 vocabatur,
3114 2860 3352 2928 priurum
3390 2863 3537 2921 hanc

1963 2943 2230 3000 Romanis
2260 2944 2500 3015 subegit.
2541 2945 2599 2999 In
2634 2946 2939 3003 Cmsaream
2966 2960 3177 3019 autem,
3211 2969 3333 3024 qua:
3357 2964 3442 3010 est
3476 2955 3536 3012 in

1966 3035 2316 3103 Mauritania,
2364 3037 2633 3093 Joannem
2702 3040 2870 3095 alium
2930 3041 3253 3111 destinavit,
3288 3061 3411 3116 quae
3463 3047 3536 3104 50

272 3101 1852 3212 ig;;,‘.;.;‘.‘,,;.;3;..{,;;;;gigni;'.;{;;;,.gg.;..i}'5.73;;
1875 3101 1922 3163 C
1952 3128 2167 3185 dierum
2195 3101 2392 3187 itinere
2427 3145 2459 3185 a
2501 3130 2831 3202 Carthagine
2877 3133 3096 3192 distans
3126 3101 3533 3210 penes'cadtia

274 3232 357 3288 ria
385 3240 508 3288 erat
540 3248 665 3289 cum
698 3230 953 3301 Joanne;
988 3235 1080 3305 qui
1120 3233 1250 3288 vino
1275 3232 1606 3299 inebriatus,
1659 3233 1850 3290 videns

272 3337 428 3379 avem
463 3338 631 3395 super
658 3324 913 3380 arborem
949 3324 1302 3391 insidentem,
1355 3332 1518 3381 tenso
1577 3340 1710 3381 arcu
1759 3326 1848 3397 je-

271 3416 353 3472 cit
384 3415 647 3473 adversus
702 3432 883 3472 avem.
937 3416 1005 3471 Et
1053 3430 1207 3472 avem
1237 3415 1461 3488 quidem
1511 3426 1847 3475 consecutus

273 3523 387 3565 non
429 3518 536 3575 est,
573 3508 840 3567 Joannem
865 3523 998 3564 vero
1023 3516 1173 3563 retro
1196 3509 1251 3563 in
1290 3510 1509 3566 cervice
1535 3509 1846 3582 percussit;

270 3601 370 3672 qui
394 3601 642 3674 plagatus
679 3610 931 3656 mortuus
960 3612 1065 3668 est,
1103 3602 1331 3656 multum
1358 3602 1568 3658 luctum
1603 3609 1713 3659 tam
1748 3601 1851 3658 itu-

272 3696 516 3767 peratori
539 3693 850 3750 Justiuiano
885 3701 944 3749 et
970 3694 1440 3764 Belisario,’quam
1461 3694 1679 3749 cunctis
1734 3692 1846 3747 Bo-

271 3787 456 3841 tnanls
505 3793 559 3838 et
602 3783 1132 3856 Carthaginensihus
1177 3783 1589 3854 derelinquens.
1644 3781 1850 3840 Taliter

268 3875 519 3932 Geiimer
554 3874 822 3945 ellugiens
853 3876 944 3930 illa
977 3876 1066 3930 die
1117 3871 1185 3929 ad
1213 3873 1526 3929 Maurusios
1585 3887 1850 3945 propera-

270 3967 357 4022 vii.
384 3983 401 4033 ;
445 3982 608 4037 quem
641 3968 945 4025 Belisarius
971 3975 1298 4039 persecutus
1332 3967 1386 4020 in
1417 3965 1605 4037 Papua
1636 3972 1847 4033 monte,

271 4060 337 4115 in
388 4060 706 4117 novissimis
734 4059 1025 4125 Numidia,
1058 4059 1464 4123 circumclusit,
1498 4060 1643 4117 hunc
1699 4059 1850 4115 obsi-

270 4153 419 4209 dens
442 4166 540 4223 per
557 4152 815 4218 hiemem,
852 4152 1238 4210 deﬁcientibus
1280 4153 1331 4208 ei
1360 4152 1618 4207 omnibus
1651 4166 1847 4208 neces-

270 4242 443 4301 sariis
474 4263 489 4300 :
526 4245 685 4316 panis
719 4245 867 4301 enim
911 4246 1056 4316 apud
1090 4245 1399 4301 Maurusios
1423 4260 1533 4300 non
1568 4244 1627 4299 iit
1669 4258 1848 4314 neque

268 4338 466 4392 viuum
500 4352 677 4409 neque
708 4338 921 4401 oleum,
950 4335 1047 4393 sed
1073 4335 1159 4392 far
1186 4344 1243 4393 et
1290 4337 1556 4393 hordeum
1590 4337 1851 4391 immatu-

1951 3229 2007 3276 et
2033 3221 2174 3279 solis
2197 3222 2638 3292 occasumjacet.
2659 3223 2955 3296 Aliumque
2991 3224 3261 3284 Joannem
3288 3244 3359 3286 ex
3388 3246 3536 3305 pra:-

1950 3313 2168 3371 toribus
2197 3328 2366 3370 unum
2392 3315 2447 3371 in
2476 3314 2676 3375 fretum
2702 3317 2852 3390 quod
2898 3328 2986 3375 est
3015 3320 3068 3374 in
3101 3317 3344 3389 Gadiris,
3377 3331 3433 3379 et
3473 3325 3534 3383 in

1949 3405 2242 3462 castellum
2272 3406 2420 3479 quod
2466 3405 2698 3479 Septum
2732 3416 2958 3478 vocant,
2998 3410 3225 3468 direxit.
3267 3411 3443 3470 Porro
3473 3413 3531 3474 in

1950 3496 2162 3553 insulas
2208 3512 2330 3568 quae
2354 3496 2509 3568 juxta
2540 3496 2824 3556 Oceanum
2870 3510 3022 3569 sunt,
3067 3501 3386 3576 Majoricam
3417 3508 3530 3566 sci—

1949 3585 2079 3643 licet
2108 3595 2166 3643 et
2196 3585 2542 3654 Minoricam,
2564 3590 2973 3660 Apollinarium
3003 3592 3322 3666 destinavit,
3347 3598 3529 3655 virum

1949 3676 2179 3733 bonum.
2220 3675 2373 3732 Misit
2396 3685 2578 3734 autem
2611 3690 2667 3736 et
2696 3681 2752 3735 in
2779 3680 3028 3739 Siciliam
3067 3688 3337 3759 quosdam
3367 3690 3533 3745 Afro-

1947 3783 2096 3834 rum,
2113 3774 2168 3823 et
2192 3778 2437 3824 castrum
2452 3766 2827 3826 Vandalorum
2846 3776 3315 3848 comprehendere
3332 3780 3527 3850 jussit.

1949 3857 2112 3915 Gothi
2147 3873 2274 3915 vero
2304 3859 2398 3930 qui
2436 3858 2539 3917 hoc
2573 3862 2986 3931 custodiebant,
3015 3858 3180 3923 matri
3221 3871 3527 3934 Athalarici

1950 3950 2067 4007 haec
2091 3959 2221 4007 nota
2274 3950 2547 4008 fecerunt.
2599 3953 2732 4020 Quae
2777 3955 3064 4012 scribitad
3091 3957 3414 4017 Belisarium
3461 3981 3532 4024 ne

1949 4042 2092 4099 idem
2108 4055 2347 4100 castrum
2368 4045 2658 4118 tyrannide
2674 4057 2915 4119 caperet,
2931 4052 3531 4125 quousqueimperator

1951 4136 2301 4194 Justinianus
2356 4137 2549 4205 sciret,
2583 4146 2641 4194 et
2682 4137 2830 4209 quod
2862 4140 2969 4196 sibi
2998 4152 3148 4199 esset
3185 4145 3367 4203 visum
3410 4147 3530 4207 eili-

1949 4236 2118 4285 ceret.
2154 4229 2214 4285 in
2242 4230 2327 4285 his
2351 4245 2480 4302 ergo
2499 4229 2862 4289 Vandalicum
2881 4232 3082 4290 bellum
3101 4236 3267 4293 finem
3286 4240 3524 4311 accepit.

1949 4322 2149 4380 Verum
2174 4323 2402 4390 invidia,
2431 4334 2618 4397 utpote
2644 4329 2702 4385 in
2722 4343 2917 4403 magna
2948 4329 3211 4390 felicitate
3233 4334 3348 4390 ﬁeri
3363 4336 3525 4406 solet,
3547 4314 3554 4331 ’

270 4440 424 4488 rum,
484 4432 546 4479 ut
595 4425 1000 4481 irrationabilia
1032 4425 1316 4492 animalia,
1364 4426 1683 4482 comedunt.
1746 4425 1844 4481 llis
1877 4453 1922 4509 υ
1950 4421 2182 4491 contigit
2214 4422 2379 4479 etiam
2407 4424 2461 4479 in
2477 4423 2802 4484 Belisarium
2832 4429 3093 4502 :quidam
3114 4432 3260 4489 enim
3285 4435 3521 4506 deroga-

265 4515 514 4573 Gelimer
553 4516 810 4574 incidens
844 4516 1039 4572 scribit
1080 4516 1146 4572 ad
1191 4516 1393 4582 Faran,
1419 4533 1579 4588 quem
1614 4518 1845 4575 dimise-
1949 4522 2148 4570 verunt
2177 4515 2227 4570 ei
2284 4530 2455 4587 penes
2505 4517 2927 4590 imperatorem,
2975 4523 3121 4593 quod
3176 4525 3524 4596 tyrannidem

268 4616 362 4661 rat
415 4607 715 4664 Belisarius
756 4607 827 4664 ad
872 4607 1297 4664 custodiendum
1334 4624 1484 4673 eum,
1519 4618 1579 4663 ut
1609 4610 1848 4665 mitteret
1949 4606 2327 4663 meditaretur.
2354 4609 2455 4664 Ast
2485 4608 2788 4682 imperator
2821 4614 2997 4669 misso
3029 4613 3324 4672 Salomone
3351 4626 3528 4680 tentat

266 4701 378 4757 sibi
413 4701 679 4757 citharam
708 4710 764 4756 et
802 4716 996 4772 panem
1049 4716 1217 4755 unum
1249 4708 1305 4756 et
1333 4701 1645 4772 spongiam.
1674 4699 1845 4755 Faras
1947 4698 2198 4755 Beiisarii
2229 4701 2596 4766 voluntatem,
2623 4711 2806 4758 utrum
2839 4720 2964 4761 cum
2990 4706 3266 4765 Gelimere
3291 4717 3347 4764 et
3375 4708 3525 4770 Van-

265 4801 457 4846 autem
508 4792 1084 4863 bmsitabatqttidttam
1130 4801 1278 4849 esset
1330 4792 1457 4858 hoc,
1518 4793 1695 4847 donec
1750 4792 1844 4861 qui
1946 4792 2088 4849 dalis
2138 4795 2351 4851 veniret
2415 4793 2765 4866 Byzantium,
2797 4812 2894 4853 san
2952 4814 3184 4858 manens
3248 4802 3381 4860 illuc
3426 4819 3526 4867 eos

263 4884 546 4938 detulerat
574 4885 866 4954 epistolam
898 4866 1037 4939 dixit
1075 4883 1201 4954 quia
1248 4898 1438 4952 panem
1472 4883 1692 4954 quidem
1744 4883 1841 4940 de-

262 4973 478 5032 siderat
503 4975 686 5033 videre
726 4976 982 5042 Gelimer,
1015 4991 1120 5031 non
1150 4974 1344 5030 videns
1389 4990 1584 5046 partem
1611 4991 1677 5031 ex
1728 4991 1839 5047 quo

261 5072 517 5129 ascendit
534 5075 589 5129 in
614 5084 873 5137 montem,
889 5071 1170 5143 spongiam
1185 5079 1364 5127 autem
1385 5082 1608 5142 prepter
1648 5071 1840 5130 oculos

262 5180 383 5221 non
409 5165 551 5223 lotos
582 5182 648 5223 ac
704 5182 802 5237 per
832 5169 936 5222 hnc
966 5166 1145 5232 laesos,
1174 5173 1446 5236 quatenus
1475 5164 1575 5219 bos
1598 5165 1843 5219 sinceras

1945 4886 2366 4943 transmitteret.
2393 4886 2696 4944 Belisarius
2746 4899 2927 4946 autem
2954 4890 3276 4963 Byzantium
3329 4896 3517 4969 profe-

1945 4986 2068 5033 ctus
2093 4987 2197 5044 est,
2238 4977 2531 5034 Salomone
2557 4990 2789 5051 pmtore
2822 4980 3006 5055 Libya:
3044 4985 3324 5045 derelicto.
3351 4989 3522 5045 Cum-

1948 5084 2056 5138 que
2087 5067 2382 5126 Belisarius
2440 5069 2767 5142 Byzantium
2804 5089 2912 5131 una
2975 5093 3101 5133 cum
3160 5077 3433 5137 Geiimere
3465 5087 3523 5136 et

1951 5158 2213 5216 Vandaiis
2275 5162 2634 5230 pervenisset,
2700 5180 2894 5237 magna
2960 5168 3182 5238 praemia
3234 5171 3519 5242 percipere

1783 5323 2017 5381 NOTAE.

341 5448 461 5519 βε)
497 5447 855 5519 aureamque.
886 5443 1023 5519 gnto
1074 5441 1291 5519 ap.__A.
1334 5441 1567 5519 Gellium
1593 5442 1677 5507 15,
1718 5439 1839 5519 22A:

268 5544 291 5577 ι
315 5511 459 5588 Quia
490 5511 657 5573 multa
682 5511 835 5586 egeo.
851 5535 869 5568 ι
893 5511 1123 5588 Plautus
1162 5512 1470 5588 Menccltm.
1492 5520 1599 5569 act.
1628 5527 1668 5577 ι,
1688 5511 1840 5588 sc_._2:

271 5614 292 5646 α
316 5580 428 5647 Nec
460 5580 761 5658 quidquam
793 5601 940 5658 eges.
969 5604 988 5637 ι
1028 5583 1343 5658 Priscianus
1379 5584 1419 5637 i.
1447 5598 1627 5658 svnt;
1677 5600 1696 5634 ι
1739 5580 1847 5635 Νο-

265 5661 399 5722 ςιινί.
464 5651 798 5731 εἴδεθ’ἰιιὶυε
831 5651 918 5710 ’τοὶ
965 5666 1022 5710 et
1075 5654 1227 5709 illam
1292 5669 1407 5710 rem
1447 5660 1503 5710 et
1565 5651 1659 5707 illa
1700 5667 1780 5707 re.
1820 5671 1839 5705 ο

264 5732 437 5790 Fallit.

643 5821 907 5882 PATROL.
942 5821 1055 5882 Gn.
1105 5818 1312 5879 CVII}.

2023 5439 2134 5505 (9.9)
2170 5437 2615 5494 Deltanoratt'one.
2676 5439 3018 5497 Flodoardus
3073 5440 3215 5501 Hist.
3262 5453 3338 5502 lt,
3397 5440 3512 5497 20:

1957 5530 1975 5563 ι
2013 5509 2288 5581 Quidquid
2347 5512 2402 5565 in
2463 5510 2636 5581 ipsius
2684 5511 3033 5579 imperatoris
3082 5509 3516 5581 deltonoratiune

1954 5578 2382 5652 gestumiuerat
2414 5578 2982 5653 ._r'\_t'etus_interpres
3015 5580 3263 5653 epistola;
3291 5578 3369 5653 ad
3391 5580 3517 5637 l‘hi-

1955 5645 2246 5726 lippenses,
2284 5666 2405 5720 quae
2434 5647 2492 5705 S.
2522 5649 2736 5726 lguatio
2767 5645 3064 5725 ascribunt:
3088 5671 3100 5683 -
3144 5670 3162 5703 ι
3197 5645 3318 5707 Dies
3348 5648 3519 5717 festos

1957 5721 2125 5778 nolite
2159 5721 2520 5779 dchnnorare.
2546 5721 2565 5773 r
2596 5721 2673 5780 lo.

3077 5816 3151 5880 to
