3950 6234
368 224 502 289 1259
1464 217 1864 292 ANASTASII
1913 217 1928 277 l

2099 215 2546 278 IOTHECARll
3512 209 3654 274 1260

364 339 587 401 memit,
611 331 880 404 qualibus
910 329 1172 384 nimirum
1202 326 1548 399 temporibus
1581 327 1784 397 priscis
1828 327 1939 380 lio-
1969 340 2015 388 Α
2062 335 2374 396 mergentes
2422 339 2750 395 semetipsos
2802 322 3166 378 interﬁciunt.
3239 325 3459 378 Mortua
3515 338 3656 377 vero

364 443 654 485 manorum
717 431 986 496 praetores
1029 421 1084 476 in
1152 420 1411 476 maximis
1482 419 1736 474 victoriis
1789 418 1939 490 digni
2053 428 2178 473 srmt
2205 418 2258 472 in
2285 418 2391 474 hoc
2417 416 2990 480 bclloMaurusiorutn
3012 416 3417 485 quinquaginta
3445 416 3655 477 millia,

363 518 761 576 efﬁciebantur.
785 509 1081 566 Sescentis
1104 509 1251 565 enim
1267 509 1429 564 annis
1453 509 1752 564 transactis
1779 523 1942 564 nemo
2053 509 2428 566 Romanorum
2493 525 2627 565 vero
2665 509 2886 580 penitus
2909 509 3122 564 nullus.
3151 509 3293 574 Quin
3316 524 3419 564 nec
3475 509 3656 563 ictum

366 612 434 666 ad
471 609 634 664 talem
685 604 938 676 pervenit
1000 602 1266 658 honorem
1316 601 1426 658 nisi
1459 601 1641 668 Titus,
1669 601 1942 672 Traianus
2052 604 2546 673 quisquameorum
2569 603 2739 657 ullum
2760 600 3107 670 accepit,sed
3125 601 3658 658 omnesincolun‘tes

365 711 417 755 et
451 699 543 754 alii
590 698 980 766 imperatores,
1007 693 1103 763 qui
1150 692 1536 763 magistratum
1573 700 1769 749 contra
1816 693 1944 746 Bar-
2052 696 2336 751 victoriam
2366 697 2650 752 consecuti
2682 703 2835 751 sunt.
2881 694 3119 749 Plurimi
3144 709 3274 749 vero
3327 695 3658 764 principum

364 790 583 845 baricas
613 786 874 842 nationes
902 783 1224 840 obtinentes
1270 784 1601 840 mirabiliter
1631 783 1944 854 triumpha-
2053 789 2298 859 ipsorum
2332 789 2599 846 Romanis
2627 787 2877 858 adjuncti
2920 794 3076 843 sunt.
3140 786 3434 843 Mulierum
3481 796 3662 856 atque

365 890 536 948 runt;
586 878 913 948 exuviisque
979 875 1220 933 oslensis
1267 884 1326 932 et
1359 891 1426 932 ex
1467 877 1614 932 bello
1652 876 1945 946 mancipiis
2055 897 2353 950 puerorum
2385 889 2593 936 tantam
2624 878 3039 934 multitudinem
3070 876 3303 933 Romani
3355 893 3562 948 cepere
3596 885 3662 930 ut

364 974 420 1027 in
451 969 630 1027 media
652 969 790 1024 urbe
823 956 1043 1038 pompis
1074 967 1190 1022 haec
1221 967 1725 1038 publicavit,quod
1750 968 1947 1022 "ium-
2055 973 2178 1028 ovis
2215 974 2394 1044 pretio
2444 989 2668 1030 servum
2706 971 3048 1045 Maurusium
3105 986 3291 1027 emere
3322 971 3661 1026 volentibus

365 1073 531 1139 phum
569 1070 771 1120 vocant
797 1060 1054 1118 Romani.
1103 1059 1198 1115 Sic
1237 1059 1414 1116 veleri
1477 1061 1700 1131 quidem
1758 1060 1945 1120 motio.
2055 1066 2458 1123 vcnundareut.
2511 1065 2576 1120 Et
2622 1074 2756 1121 tunc
2798 1066 2882 1122 eis
2930 1075 3086 1122 vetus
3125 1064 3406 1134 eloquium
3455 1063 3661 1134 cujus-

363 1155 461 1214 sed
491 1153 730 1225 pedestri
759 1150 1026 1208 incedens
1051 1164 1121 1206 ex
1149 1150 1316 1207 domo
1350 1165 1452 1206 sua
1503 1166 1678 1221 usque
1709 1153 1777 1207 ad
1815 1151 1947 1221 Hip—
2056 1159 2179 1214 dam
2215 1159 2416 1214 divinae
2431 1161 2542 1231 (50)
2568 1157 2788 1214 feminze
2806 1158 3065 1229 contigit,
3099 1159 3227 1229 quia
3250 1157 3659 1212 maledictionc

363 1247 739 1320 podromium.
792 1245 966 1300 Erant
995 1251 1182 1300 autem
1207 1245 1420 1301 exuviae
1461 1254 1735 1316 quotquot
1769 1245 1923 1300 admit

2098 1252 2354 1308 tultitudo
2388 1268 2581 1308 eorum
2615 1267 2646 1304 a
2697 1251 2819 1306 viro
2853 1252 2974 1306 sine
3023 1250 3193 1305 barba
3237 1249 3402 1319 periit
3433 1267 3448 1302 :
3488 1247 3658 1304 Salo-

365 1341 694 1400 nistratorio
742 1339 1017 1412 principis
1073 1341 1256 1396 ordini
1303 1340 1714 1412 competebant,
1760 1341 1814 1396 id
1861 1351 1948 1398 est
2057 1361 2185 1401 mon
2217 1345 2422 1417 quippe
2459 1361 2489 1400 a
2529 1359 2702 1416 puero
2735 1345 3027 1401 eunuchus
3060 1355 3260 1414 praeter
3295 1344 3658 1399 voluntatem

363 1435 551 1490 throni
583 1432 735 1488 aurei
759 1431 1036 1497 etrhedae,
1057 1432 1264 1504 quibus
1293 1448 1484 1504 regum
1516 1448 1719 1490 uxores
1739 1433 1950 1488 vehun—
2057 1438 2288 1494 ell'cctus
2325 1449 2434 1503 est,
2470 1453 2582 1509 pra:
2622 1438 2884 1508 passione
2935 1437 3206 1508 genitales
3257 1444 3453 1506 partes
3482 1438 3658 1491 amit-

364 1537 476 1590 tur,
509 1531 851 1594 ornatusque
874 1522 944 1578 de
971 1522 1249 1594 lapidibus
1284 1525 1547 1595 pretiosis
1581 1526 1947 1596 compositus,
2059 1538 2198 1586 lens.
2225 1528 2396 1586 Porro
2426 1538 2535 1584 tota
2557 1526 2726 1599 Libya
2751 1537 3007 1598 percepta
3037 1525 3429 1595 Carthaginem
3456 1525 3654 1581 rediit.

363 1616 574 1688 argenti
603 1631 824 1688 quoque
853 1617 1026 1671 multa
1057 1616 1675 1683 miliiatalentbrum,ct
1708 1618 1951 1674 diverso-
2061 1621 2328 1677 Praeterea
2386 1636 2514 1676 vere
2575 1620 2880 1690 incipiente
2938 1618 3146 1674 missus
3198 1623 3283 1673 est
3336 1616 3656 1672 Belisarius

365 1726 491 1766 rum
531 1709 901 1780 impcrialium
932 1723 1219 1776 vasorum,
1276 1725 1400 1780 qua:
1450 1707 1788 1768 Gezeriehus
1841 1711 1951 1766 lto-
1977 1694 2026 1754 Β
2057 1713 2302 1769 Sicilimt
2343 1713 2610 1768 Romanis
2644 1712 2828 1767 facere
2864 1710 3240 1766 tributariam.
3276 1707 3382 1763 Ubi
3415 1723 3486 1764 eo
3533 1709 3657 1764 bie-

363 1819 532 1858 manu
580 1803 892 1874 despoliato
915 1802 1122 1874 palatio
1150 1801 1395 1858 Africam
1441 1806 1591 1872 tulit,
1631 1806 1776 1862 inter
1827 1822 1951 1878 qua:
2053 1813 2239 1861 mante
2293 1805 2523 1861 Romani
2581 1804 2765 1876 Libya:
2799 1813 2992 1859 contra
3046 1801 3400 1857 Salomonetn
3453 1801 3657 1856 simul-

363 1905 418 1952 et
456 1895 775 1952 Judaeorum
828 1911 984 1960 vasa,
1037 1912 1161 1966 quae
1199 1895 1525 1969 Vespasiani
1584 1899 1733 1956 illius
1791 1899 1950 1956 Titus
2055 1907 2196 1954 tates
2233 1897 2505 1965 fecerunt,
2559 1898 2663 1954 hoc
2723 1898 2909 1952 modo.
2969 1895 3226 1965 Acceptis
3289 1894 3441 1948 enim
3477 1893 3660 1948 inter-

363 2000 487 2062 post
516 1997 734 2060 ceptam
752 1987 1191 2059 Hierosolymam
1216 1988 1448 2045 Romam
1468 1992 1761 2048 detulerat.
1796 1993 1948 2049 Man-
2051 2001 2358 2063 etnptorum
2403 1992 2674 2047 uxoribus
2719 1989 3095 2045 Vandalorum
3152 1986 3437 2042 habebant
3482 2001 3659 2058 agros

361 2083 507 2154 cipia
543 2097 676 2138 vero
703 2089 867 2138 erant
913 2096 981 2137 ex
1009 2081 1298 2152 triumpho
1358 2093 1472 2137 tam
1513 2083 1634 2155 ipse
1682 2083 1946 2152 Geiimer,
2049 2099 2240 2142 earum
2275 2093 2334 2139 ut
2372 2099 2527 2151 suos,
2561 2092 2616 2139 et
2645 2082 2860 2139 solvere
2893 2080 3219 2151 imperatori
3256 2093 3359 2150 pro
3394 2080 3488 2135 eis
3549 2082 3659 2134 tri-

361 2177 752 2233 vestimentum
801 2175 1078 2245 quoddam
1143 2183 1374 2246 portans
1443 2193 1786 2249 purpureum
1809 2221 1825 2246 ,
1893 2190 1949 2237 et
2051 2176 2185 2232 buta
2215 2175 2498 2231 nolebant.
2531 2174 2604 2229 At
2635 2188 2766 2230 vero
2800 2171 3070 2228 Salomon
3110 2169 3517 2226 commonebat
3554 2184 3659 2225 eos

361 2270 622 2341 cngnatio
653 2269 776 2340 ejus
811 2268 1089 2336 universa,
1122 2267 1501 2326 Vandalorum
1534 2288 1758 2344 quoque
1786 2281 1948 2344 quot-
2051 2285 2120 2325 ne
2150 2269 2597 2324 contradicerent
2631 2265 2977 2337 imperatori,
3015 2262 3110 2319 sed
3160 2262 3290 2318 huic
3329 2277 3463 2332 quae
3508 2261 3659 2318 de'i-

360 2370 497 2433 quot
525 2360 683 2417 valde
713 2360 944 2432 prolixae
975 2367 1203 2416 staturae
1229 2375 1294 2415 ac
1327 2361 1452 2417 boni
1481 2365 1732 2434 corporis
1767 2376 1944 2422 erant.
2051 2361 2240 2416 berata
2275 2361 2514 2417 fuissent
2537 2359 2764 2430 penitus
2797 2358 3114 2415 redderent.
3147 2355 3491 2412 Ceciderunt
3554 2371 3660 2410 au-

361 2455 613 2526 Cumque
663 2453 908 2509 Gelimer
959 2454 1012 2508 in
1068 2452 1528 2524 llippodromium
1584 2458 1945 2526 pervenisset,
2050 2462 2158 2508 tem
2219 2453 2445 2525 quidam
2502 2468 2742 2519 eorum,
2792 2452 3145 2521 maximeque
3196 2447 3541 2513 Gothorum,
3599 2451 3659 2504 in

361 2556 416 2602 ct
443 2555 552 2600 tam
577 2547 966 2616 imperatorem
994 2559 1162 2615 supra
1186 2547 1430 2601 tribunal
1462 2548 1746 2605 sedentem
1777 2566 1945 2622 quam
2049 2545 2162 2601 Arii
2187 2553 2396 2602 sectam
2418 2560 2590 2615 ;quos
2614 2542 2932 2600 sacerdotes
2954 2540 3218 2597 Ecclesia:
3249 2541 3656 2612 segregabam,

361 2658 424 2698 ex
453 2647 689 2710 utraque
705 2650 860 2709 parte
879 2639 1079 2708 vulgus
1101 2645 1294 2694 astans
1334 2639 1592 2707 vidisset,
1629 2657 1740 2697 non
1791 2645 1946 2713 quie-
2047 2653 2104 2698 et
2125 2657 2226 2698 nec
2257 2641 2464 2697 liberos
2493 2655 2685 2696 eorum
2737 2638 3024 2708 baptizare
3078 2634 3361 2689 volebant.
3390 2632 3563 2688 Unde
3602 2643 3659 2686 et

359 2733 548 2791 scebat
580 2731 831 2788 clamans
861 2747 876 2785 :
912 2729 1136 2785 Vanitas
1159 2731 1554 2798 vanitatum,ct
1587 2735 1768 2788 omnia
1797 2737 1946 2789 vani-
2051 2738 2106 2791 in
2146 2735 2235 2789 die
2257 2733 2400 2791 festo
2459 2732 2718 2790 simultas
2747 2729 2938 2786 eil‘ecta
2996 2735 3104 2785 est.
3146 2726 3443 2782 Cousiliati
3515 2743 3662 2782 vero

359 2836 468 2880 tas.
535 2823 945 2893 Pertingentem
1005 2831 1190 2878 autem
1239 2839 1365 2879 eum
1395 2823 1552 2896 juxta
1594 2826 1945 2898 imperatoris
2047 2836 2178 2886 sunt
2208 2828 2414 2882 milites
2454 2825 2811 2881 Salomonem
2844 2824 2902 2880 in
2933 2824 3140 2895 templo
3167 2822 3448 2892 perimere
3482 2837 3501 2887 ;
3552 2824 3654 2892 qui

360 2918 604 2974 tribunal
668 2930 915 2989 purpura
962 2916 1084 2986 ejus
1133 2916 1316 2971 ablata
1353 2932 1590 2987 pronum
1641 2920 1841 2977 cadere
1890 2929 1946 2977 et
2048 2920 2153 2976 hoc
2184 2919 2376 2974 audito
2405 2918 2641 2976 suadere
2663 2915 2744 2972 eis
2772 2913 3091 2972 rece’derea
3131 2913 3404 2969 seditione
3457 2921 3654 2969 tenta-

360 3013 595 3068 adorare
623 3017 929 3082 coegerunt
979 3009 1392 3080 imperatorem.
1428 3012 1496 3067 At
1528 3027 1660 3069 vero
1704 3015 1944 3085 impera-
1969 3055 2015 3118 C
2048 3013 2164 3079 bat,
2201 3011 2347 3083 quod
2375 3027 2485 3067 non
2523 3018 2649 3083 post
2676 3024 2853 3082 pauca
2895 3009 3156 3065 obtinuit.
3187 3007 3496 3064 Belisarius
3541 3024 3655 3064 au-

361 3117 450 3162 Ior
493 3103 760 3161 Gelimeri
794 3101 996 3174 praedia
1034 3102 1088 3156 in
1144 3101 1358 3157 Galatia
1403 3104 1574 3159 multa
1630 3107 1861 3162 contulit
1889 3115 1945 3162 ct
1972 3101 2015 3118 “’“
2049 3115 2157 3162 ιειιι
2183 3105 2431 3160 Siciliam
2463 3114 2520 3160 et
2544 3102 2778 3159 Romam
2816 3103 2884 3158 ab
2919 3101 3059 3173 Ugio
3115 3101 3400 3164 detentam
3436 3111 3493 3156 et
3526 3103 3654 3156 cir-

360 3212 600 3264 ammna,
637 3202 842 3253 etcum
887 3195 1148 3250 omnibus
1183 3195 1436 3264 cognatis
1473 3197 1592 3252 suis
1627 3196 1681 3251 in
1711 3197 1798 3256 his
1844 3197 1944 3253 ha-
2045 3211 2398 3270 cumquaque
2422 3197 2682 3252 civitates
2713 3196 3020 3267 accipiens,
3057 3193 3256 3265 Ugium
3310 3194 3648 3266 Byzantium

358 3293 539 3346 liitare
569 3288 841 3360 permisit.
876 3285 1079 3342 Verum
1125 3289 1273 3342 hunc
1315 3288 1369 3342 in
1413 3289 1633 3359 patricii
1690 3291 1941 3347 ordinem
2044 3291 2200 3348 duxit
2229 3291 2298 3346 ad
2330 3289 2710 3346 Justinianum
2743 3303 3079 3344 cumuxore
3134 3287 3314 3357 ipsius
3343 3288 3640 3344 etliberis-

360 3399 470 3439 non
497 3382 773 3455 provexit,
811 3397 880 3438 eo
908 3382 1054 3452 quod
1087 3381 1157 3436 ab
1189 3379 1306 3435 Arii
1331 3389 1482 3437 secta
1504 3381 1790 3440 discedere
1837 3384 1943 3439 mi-
2043 3385 2110 3441 Et
2135 3385 2287 3442 misit
2339 3386 2643 3456 imperator
2685 3382 2915 3438 Narsem
2966 3381 3375 3438 cubicularium
3400 3379 3647 3436 Romam

357 3480 509 3531 nime
555 3473 909 3530 consentiret
2043 3491 2168 3533 cum
2199 3477 2381 3532 classe
2417 3475 2642 3531 tenendi
2693 3489 2757 3530 ea
2793 3488 2917 3545 quae
2968 3473 3082 3528 illic
3119 3472 3501 3528 habebantur.
3537 3470 3646 3528 Sa-

433 3563 732 3622 Salomone
795 3574 1061 3636 praeterea
1123 3579 1238 3620 rem
1287 3564 1563 3634 publicam
1620 3567 1942 3627 moderante
2043 3573 2229 3628 lom0n
2287 3579 2470 3626 autem
2531 3570 2708 3624 muris
2765 3567 2952 3640 Libya:
2991 3567 3252 3624 civitates
3279 3567 3545 3622 munivit.
3579 3565 3650 3620 Et

358 3660 623 3716 Maurusii
653 3660 899 3731 praelium
932 3659 1203 3715 adversus
1229 3659 1393 3715 Afros
1428 3671 1741 3717 moverunt.
1768 3662 1942 3720 Porro
2044 3665 2308 3736 quoniam
2369 3662 2635 3718 Maurusii
2673 3661 3057 3717 discesserunt
3091 3675 3120 3714 a
3155 3657 3418 3715 Numidia
3479 3661 3645 3725 victi,

359 3750 626 3807 Maurusii
665 3765 731 3806 ex
761 3749 1020 3822 gentibus
1069 3749 1412 3806 descendunt
1433 3765 1571 3820 quas
1597 3752 1762 3809 Jesus
1791 3753 1941 3811 Nave
2045 3756 2230 3812 Zaben
2274 3753 2556 3827 regionem
2627 3760 2795 3824 atque
2849 3750 3239 3805 Mauritaniam
3271 3761 3329 3806 et
3390 3751 3645 3823 Sitiplliu

357 3861 424 3902 ex
453 3845 676 3916 regione
697 3842 1019 3899 Phtenicum
1049 3857 1078 3897 a
1104 3842 1308 3900 Sidone
1339 3843 1406 3898 ad
1430 3844 1725 3916 ASgyptum
1767 3864 1942 3919 usque
2041 3849 2388 3920 metropolim
2421 3846 2528 3902 sub
2563 3845 2774 3901 tributo
2813 3842 3080 3900 Romanis
3115 3842 3296 3899 effecit
3337 3861 3354 3898 :
3394 3845 3646 3901 alterius

359 3937 674 3994 habitantes
709 3936 915 4008 abegit.
953 3935 1058 4003 Qui
1096 3937 1479 4007 pervenientes
1521 3938 1840 4010 Egyptum.
1887 3950 1941 3997 et
2041 3943 2188 3998 enim
2229 3940 2572 3996 Mauritaniae
2615 3939 2868 3994 Caesarea
2909 3937 3090 4008 prima
3130 3938 3464 4008 metropolis
3533 3951 3644 3995 est.

359 4046 472 4087 non
523 4029 732 4101 recepti
767 4030 836 4094 ab
866 4027 971 4096 eis,
1015 4028 1083 4084 ad
1135 4027 1362 4101 Libyam
1405 4030 1676 4099 veniunt;
1711 4041 1765 4089 et
1796 4033 1939 4089 hanc
2040 4035 2254 4090 Interea
2287 4033 2502 4088 Iberum
2539 4046 2657 4096 rex,
2734 4029 3138 4086 Zamassardus
3176 4033 3425 4094 nomine,
3487 4029 3644 4085 Cou-

357 4121 802 4180 inhabitantibus
865 4123 974 4190 eis,
1021 4121 1331 4177 novissimo
1367 4131 1614 4194 tempore
1639 4126 1939 4197 intperato-
2040 4128 2456 4196 stantinopolim
2476 4124 2727 4180 ascendit
2750 4123 2816 4178 ad
2844 4120 3644 4194 imperatoremJustinianom

355 4232 448 4273 res
474 4214 707 4272 Romani
743 4223 951 4271 terram
980 4213 1299 4270 obtinentes
1328 4213 1474 4270 hanc
1505 4214 1658 4272 l‘loen
1691 4219 1939 4273 nomina-
2040 4235 2165 4276 cum
2199 4218 2429 4273 muliere
2460 4215 2571 4288 (5i)
2606 4230 2672 4271 ac
2717 4215 3078 4271 senatoribus
3107 4214 3248 4278 suis,
3271 4229 3480 4286 rogans
3506 4233 3644 4272 eum

354 4319 590 4377 verunt,
638 4314 947 4365 statuentes
1006 4306 1198 4362 titulos
1263 4307 1402 4362 duos
1452 4323 1620 4380 supra
1677 4327 1936 4382 magnum
2043 4321 2103 4368 ut
2133 4320 2282 4368 esset
2355 4311 2734 4365 Romanorum
2796 4317 3152 4364 cocertator
3213 4316 3270 4362 et
3329 4323 3643 4378 germanus

355 4404 564 4460 fontem
589 4417 653 4458 ex
683 4399 962 4473 lapidibus
1018 4397 1274 4454 candidis
1336 4405 1618 4470 concavis,
1643 4389 1940 4463 'ltabentes
1967 4407 2019 4469 D
2045 4406 2282 4461 amicus.
2314 4405 2414 4460 Ast
2449 4403 2750 4472 imperator
2806 4399 3128 4472 hujusmodi
3185 4402 3474 4472 proposito
3512 4403 3640 4473 ejus

355 4498 573 4551 litteras
596 4492 948 4556 thniceas,
985 4490 1232 4547 dicentes
1264 4491 1380 4545 hate
1417 4511 1430 4547 :
1459 4492 1574 4548 Nos
1609 4511 1794 4550 sumus
1842 4499 1933 4568 qui
2043 4509 2272 4569 accepto
2293 4497 2479 4553 multis
2511 4512 2633 4553 eum
2659 4505 2713 4551 et
2743 4503 3028 4552 senatores
3059 4495 3183 4566 ejus
3227 4496 3640 4553 muniﬁcentiis

355 4590 590 4660 fugimus
624 4603 655 4642 a
680 4586 818 4657 facie
841 4583 973 4640 Iesu
1001 4584 1254 4650 latronis,
1292 4584 1398 4656 ﬁlii
1426 4583 1596 4641 Nave.
1630 4586 1798 4643 Erant
1836 4605 1936 4645 au-
2043 4590 2358 4648 honoravit.
2417 4589 2679 4643 Similiter
2706 4594 2762 4642 ct
2810 4586 3060 4657 Augusta
3105 4601 3246 4642 uxor
3263 4587 3387 4657 ejus
3417 4590 3639 4644 variata

356 4689 462 4734 teni
520 4687 575 4734 et
635 4677 753 4732 alia:
794 4687 983 4747 gentes
1035 4675 1092 4730 in
1131 4674 1314 4730 Africa
1346 4675 1583 4747 primurn
1637 4677 1930 4752 indigenae,
2041 4686 2278 4760 gemmis
2329 4691 2652 4740 ornamenta
2676 4681 2931 4747 donavit,
2965 4689 3019 4736 et
3045 4681 3308 4738 dimisere
3345 4697 3448 4738 eos
3478 4687 3644 4755 paci-

357 4776 624 4830 habentes
662 4790 845 4846 regem
880 4773 1227 4844 Asclepium,
1269 4773 1365 4843 qui
1421 4770 1681 4829 Heraclio
1729 4791 1930 4833 conre-
2042 4782 2145 4837 tice
2174 4779 2241 4834 ad
2281 4777 2562 4850 proprium
2614 4790 2868 4845 regnum.

355 4866 564 4936 guavit,
597 4881 758 4935 quem
804 4872 966 4921 terrae
1000 4865 1170 4920 lilium
1195 4880 1318 4921 esse
1349 4876 1804 4924 asseveraverunt
1837 4873 1930 4941 qui
2115 4871 2324 4929 Octavo
2351 4884 2497 4925 anno
2545 4868 2758 4938 imperii
2796 4866 3101 4923 Justiniani
3143 4883 3306 4938 passa
3341 4879 3428 4925 est
3485 4884 3518 4924 a
3543 4870 3638 4925 di-

352 4955 740 5025 Carthaginem
789 4954 1177 5011 condiderunt.
1217 4955 1475 5011 Salomon
1518 4967 1701 5013 autem
1727 4974 1756 5012 a
1795 4959 1933 5016 Car-
2047 4967 2168 5020 vina
2197 4962 2575 5034 indignatione
2595 4959 3002 5030 Pompeiopolis
3023 4958 3210 5030 Mysia:
3237 4975 3252 5010 :
3277 4961 3458 5017 scissa
3484 4964 3640 5018 enim

355 5038 579 5119 thaginc
601 5047 838 5117 sumptis
869 5047 1209 5103 exercitibus
1245 5055 1444 5102 contra
1469 5047 1782 5106 Maurusios
1802 5069 1928 5123 pro-
2044 5065 2129 5113 est
2160 5065 2304 5110 terra
2359 5062 2520 5108 terra!
2553 5061 2727 5118 motu,
2760 5059 2814 5105 et
2846 5053 3110 5108 obrutum
3141 5059 3229 5107 est
3261 5053 3518 5109 medium
3558 5056 3643 5109 ci-

353 5139 702 5213 peravit,qui
741 5139 792 5193 in
829 5137 1011 5208 fugam
1044 5139 1189 5194 versi
1223 5149 1278 5196 et
1313 5157 1373 5198 se
1404 5141 1459 5197 in
1500 5143 1802 5215 praecipitia
1828 5147 1928 5204 de-
2042 5148 2230 5206 vitatis
2266 5161 2392 5202 cum
2423 5143 2853 5210 habitatoribus,
2889 5153 2944 5198 et
2975 5150 3138 5199 erant
3167 5143 3370 5200 subtus
3400 5155 3637 5231 terram,

1887 5291 2120 5352 NOTAE.

421 5427 532 5498 (50)
556 5425 777 5506 Diniam.
809 5425 1059 5482 Clossze:
1101 5443 1119 5476 ‹
1153 5425 1405 5506 ininum
1433 5430 1683 5506 μάντιν.ι
1704 5432 1918 5506 Petro-

2103 5435 2217 5506 (5i)
2251 5433 2502 5506 Muliere.
2543 5431 2872 5506 Mulier-pro
2921 5441 3215 5506 uxore,__ut
3244 5431 3301 5486 in
3341 5431 3631 5506 Capitulis

421 5447 532 5498 tau}
556 5447 777 5508 υιιξιηω.
809 5447 1059 5482 υιοδδωε
1101 5447 1119 5476 ι
1155 5447 1683 5555 υινιηυηιΧαντιν.»
1720 5447 1918 5491 t’etro-
2103 5447 2217 5506 (5i)
2251 5447 2502 5489 muliere.
2543 5447 2738 5486 Mllllel'
2774 5447 2872 5501 pro
2921 5447 3115 5495 uxore,
3155 5447 3215 5486 ut
3244 5447 3301 5486 In
3341 5447 3632 5502 capitulis

348 5497 509 5573 nius:
545 5495 846 5573 «.Dtviuam
895 5513 995 5567 ego
1046 5498 1376 5573 putabam.)
1474 5510 1632 5557 uctor
1692 5505 1915 5570 Queroli
2031 5506 2220 5560 Caroli
2252 5504 2430 5568 Calvi,
2469 5501 2617 5573 quod
2686 5502 2778 5573 ibi
2807 5503 3067 5558 observat
3108 5501 3468 5573 Sirmondus.
3514 5502 3638 5558 [tuo

351 5567 406 5619 in
440 5564 597 5619 l’rml‘.
631 5584 646 5645 _:
687 5584 705 5618 ι
743 5564 1585 5645 Magum‘mathematicumque
1629 5564 1761 5645 sese
1809 5577 1914 5630 lin-
2025 5586 2075 5632 et
2117 5575 2362 5632 Scaevola
2396 5564 2500 5629 let:
2528 5572 2882 5645 italoquitur
2915 5575 2968 5628 in
3007 5573 3042 5626 i.
3074 5588 3235 5645 rgenti,
3269 5572 3346 5625 De
3369 5574 3633 5644 legans:

350 5643 647 5716 89"53’_,e,‘
714 5631 876 5716 πὶῼίε
916 5631 1207 5716 ξριιεΓοΙ[
1253 5653 1471 5700 secreta
1499 5631 1581 5701 ἐι
1619 5644 1911 5703 latuiliaria
2031 5631 2049 5697 έ
2079 5647 2143 5701 Et
2171 5631 2366 5716 vulgus
2399 5631 2758 5716 Hispanicum
2806 5661 2992 5714 muger
3023 5632 3178 5707 dicit,
3214 5631 3476 5716 vltalicuin
3513 5631 3632 5699 rno-

350 5702 508 5774 Quasi
530 5702 749 5762 divinus
781 5707 1044 5777 loquitur.
1111 5727 1130 5762 ι
1169 5709 1334 5766 Ειιιιι.
1867 5702 1872 5703 ν
2023 5719 2147 5783 qlie,
2189 5702 2535 5774 l’roviuciale
2561 5715 2801 5784 utouille,
2843 5702 2942 5784 pro
2966 5702 3200 5770 uxore.)
3245 5711 3322 5771 In.
