3950 6234
472 309 601 379 1261

1280 308 1643 369 HISTORIA
1688 304 2261 368 ECCIESIASTICA
2295 303 2398 364 EX
2436 303 2923 366 THEOPHANE.

3576 311 3712 376 1262

464 439 522 485 et
573 438 738 479 voces
771 436 958 475 eorum
1021 419 1385 474 audiebantur
1420 419 1777 474 clamantium
1823 425 1881 472 ut
1937 416 2039 473 sibi
2072 421 2116 476 Α
2149 431 2277 471 vero
2322 414 2588 472 Gaianum
2649 415 2989 471 Alexandriae
3032 421 3301 485 promovit
3367 421 3712 494 episcopum.

466 516 844 578 misericordia
880 523 1253 586 praestaretur,
1285 523 1339 570 et
1395 515 1566 568 multa
1602 513 1829 568 donavit
1860 511 2035 580 impe-

465 625 614 670 rator
675 610 743 665 ad
796 609 1108 664 educendos
1169 616 1226 661 et
1266 606 1627 676 adjuvandus,
1685 606 2038 672 viventesque

466 704 763 769 liberaliter
793 700 956 772 juvit.
1006 699 1208 756 Eodem
1255 713 1384 754 vero
1420 712 1564 752 anno
1607 695 1836 750 tradidit
1862 693 2035 749 διιειὶ-

467 799 665 852 nianus
720 795 784 849 ad
817 793 1157 864 psallendum
1205 792 1259 847 in
1301 790 1534 846 ecclesia
1582 788 1712 843 illud
1771 787 1915 858 quod
1948 803 2038 842 ca-

469 890 620 945 nitur
657 885 966 957 Uuigeuitus
1003 883 1175 938 Filius
1205 895 1252 938 et
1290 882 1511 936 Verbum
1538 881 1658 936 Dei.

535 976 719 1032 Mundi
778 991 925 1030 anno
982 973 1145 1039 6029,
1195 973 1395 1029 divina:
1435 967 1832 1024 incarnationis
1894 981 2037 1020 anno

466 1069 588 1134 529,
616 1069 882 1138 Agapitus
904 1062 1163 1122 Romana:
1197 1064 1340 1136 gerit
1371 1061 1630 1118 Ecclesia:
1660 1059 2035 1131 praesulatum,

462 1159 805 1215 Iustinianus
836 1158 1109 1212 decimum
1144 1156 1358 1226 imperii
1394 1155 1508 1226 agit
1558 1168 1788 1216 annum,
1817 1150 2038 1221 quando

464 1262 519 1308 et
554 1252 866 1324 Epiphanio
895 1251 1156 1320 episcopo
1185 1247 1744 1315 Constantinopoleos
1776 1243 2037 1299 defuncto

465 1345 764 1399 Anthimus
818 1343 1114 1412 cpiscopus
1168 1337 1698 1410 Trapezunteusium
1737 1333 2037 1389 translatus

459 1447 546 1492 est
598 1433 1160 1504 Constantinopolim.
1216 1430 1483 1502 Agapitus
1537 1439 1717 1483 autem
1756 1425 2036 1482 Romanus

463 1529 757 1600 episcopus
805 1527 912 1583 hoc
968 1541 1112 1581 anno
1149 1523 1455 1580 ascendens
1503 1520 2035 1590 Constantinopolim

463 1621 730 1692 synodum
761 1620 1057 1676 celebravit
1088 1624 1283 1673 contra
1317 1615 1542 1685 impium
1572 1614 1831 1669 Severum
1863 1623 1915 1668 et
1940 1610 2036 1666 Iu-

465 1712 667 1765 lianum
724 1710 1225 1765 Alicarnassensem
1255 1717 1309 1760 et
1346 1716 1577 1760 caeteros
1595 1703 2034 1774 tbeopaschitas;

2146 508 2212 561 Et
2245 507 2488 563 Caianus
2520 507 2738 579 quidem
2779 508 2953 562 tenuit
2984 509 3357 580 episcopatum
3402 529 3547 570 anno
3583 530 3712 580 uno,

2147 597 2492 655 Theodosius
2549 614 2680 654 vero
2736 600 2970 655 duobus.
3011 599 3121 656 llos
3153 611 3334 657 autem
3369 602 3714 663 Iustinianus

2147 691 2445 761 imperator
2498 691 2717 744 mittens
2767 691 2921 744 duxit
2952 689 3292 762 Byzantium,
3327 705 3379 748 et
3423 703 3717 768 utrumque

2148 795 2460 855 separatum
2498 784 2779 838 custodire
2824 783 3101 854 ρνωοορὶῑ.
3161 782 3226 838 Ει
3265 784 3493 840 Paulum
3523 803 3717 858 quem-

2147 877 2292 938 dam,
2329 877 2421 948 qui
2461 875 2755 946 putabatur
2784 875 3146 940 orthodoxus,
3187 877 3534 934 Alexandria:
3584 896 3713 950 pro-

2146 971 2292 1024 vexit
2344 973 2682 1039 episcopum.
2746 966 2846 1022 llic
2900 970 3216 1023 memoriam
3271 970 3460 1026 Severi
3500 971 3718 1028 scelesti

2147 1061 2354 1115 faciens
2381 1061 2448 1114 ab
2480 1060 2800 1130 episcopatu
2843 1060 2922 1113 ira
2955 1061 3307 1130 imperatoris
3350 1062 3566 1132 ejectus
3607 1074 3714 1128 est,

2147 1163 2199 1211 et
2232 1155 2457 1209 veniens
2492 1152 2891 1225 Hierosolymis
2925 1153 3263 1208 morabatur.

2192 1235 2376 1301 ’Ληηο
2408 1246 2619 1301 decimo
2652 1245 2844 1316 quinto
2903 1245 3113 1314 imperii
3166 1243 3495 1312 Iustiniani,
3531 1263 3719 1306 mense

2147 1339 2428 1403 Octobrio,
2485 1337 2630 1393 facta
2663 1348 2748 1393 est
2779 1338 3022 1410 Byzantii
3058 1339 3403 1407 mortalitas;
3435 1349 3488 1394 et
3520 1343 3713 1398 eodem

2147 1449 2292 1490 anno
2328 1431 2623 1503 bypapanti
2667 1431 2879 1487 Domini
2929 1433 3162 1502 sumpsit
3193 1432 3432 1501 initium,
3470 1443 3528 1488 ut
3569 1437 3713 1490 cele-

2146 1524 2400 1578 braretur
2433 1522 2575 1593 apud
2611 1520 2935 1594 Byzantium
2984 1523 3075 1576 die
3135 1521 3377 1578 secunda
3429 1522 3716 1579 Februarii

2147 1615 2372 1670 mensis.

2215 1711 2373 1760 Anno
2394 1705 2607 1760 decimo
2630 1713 2786 1760 sexto
2815 1704 3026 1775 imperii
3047 1703 3344 1760 Iustiniani
3367 1705 3598 1776 contigit
3620 1705 3716 1762 de-

463 1802 608 1858 inter
635 1817 775 1872 quos
802 1812 856 1857 et
899 1803 1211 1867 Anthimus,
1249 1807 1314 1852 ut
1364 1805 1770 1852 consentaneus
1817 1811 2030 1861 eorum,
2067 1777 2114 1836 Β
2141 1800 2348 1856 bellare
2368 1800 2600 1856 invicem
2631 1814 2815 1869 regem
2851 1799 3293 1854 Azumitensium
3329 1798 3592 1854 Indorum
3626 1798 3718 1854 Iu-

461 1895 744 1964 depositus
774 1910 802 1947 a
853 1893 1050 1948 throno
1108 1896 1391 1962 projectus
1437 1899 1525 1947 est
1571 1897 1628 1946 et
1670 1889 1860 1956 exivit,
1912 1903 2035 1942 cum

463 1987 842 2058 episc0patum
920 1987 1255 2041 obtinuisset
1308 1983 1475 2056 regia:
1531 1983 1689 2037 urbis
1755 1980 2038 2036 mensibus

464 2078 693 2146 decem;
723 2087 776 2133 et
817 2088 1171 2136 consecratus
1203 2085 1288 2134 est
1321 2093 1420 2148 pro
1452 2091 1518 2131 eo
1574 2075 1763 2130 Menas
1809 2073 2039 2146 presby-

466 2180 549 2226 ter
597 2179 654 2226 et
696 2171 1056 2227 xeuodochus
1089 2171 1359 2241 Sampson
1394 2171 1461 2224 ab
1494 2169 1726 2240 Agapito
1754 2157 2039 2239 papaRo-

465 2279 645 2317 mano.
678 2261 852 2318 Porro
883 2263 1147 2335 Agapitus
1180 2262 1441 2318 dormivit
1487 2261 1756 2332 Byzantii,
1814 2269 1866 2316 et
1908 2274 2040 2314 con-

466 2358 718 2404 secratus
743 2361 829 2406 est
859 2366 957 2421 pro
990 2365 1056 2405 eo
1086 2350 1370 2405 Silverius.
1957 2404 1982 2421 κ

535 2439 694 2495 Auno
755 2442 969 2512 imperii
1027 2441 1325 2497 Iustiniani
1379 2442 1671 2497 undecimo
1735 2441 1882 2494 facta
1915 2447 2044 2495 sunt

469 2532 644 2602 prima
675 2534 924 2587 encmnia
971 2535 1184 2606 Magnae
1238 2535 1484 2590 ecclesia:
1542 2533 2039 2604 Constantinolioli,

473 2623 624 2678 Mena
658 2625 971 2694 patriarcha
1010 2627 1062 2680 in
1099 2627 1248 2696 regio
1299 2627 1522 2681 sedente
1552 2625 1828 2691 vehiculo,
1860 2638 1914 2680 et
1943 2624 2042 2680 itu-

469 2724 722 2785 peratore
776 2717 1018 2771 litaniam
1063 2731 1187 2770 eum
1235 2717 1435 2788 populo
1489 2717 1742 2772 faciente.

535 2806 694 2858 Anno
726 2805 1054 2861 duodecimo
1088 2807 1304 2877 imperii
1347 2807 1667 2871 Iustiniani,
1700 2824 1823 2862 eum
1857 2807 2044 2864 Romae

465 2894 702 2967 Vigilius
729 2906 875 2952 esset
905 2902 1222 2968 episc0pus,
1259 2902 1390 2955 moti
1425 2911 1554 2955 sunt
1584 2903 1877 2972 Itulgarum
1930 2901 2042 2958 duo

467 2999 648 3055 reges,
677 2984 878 3056 Vulger
905 2986 1117 3040 scilicet
1156 2994 1210 3040 et
1251 2986 1488 3058 Droggo,
1528 3003 1652 3042 cum
1689 2988 2042 3042 multitudine

466 3077 523 3130 in
550 3074 768 3146 Lyciam
795 3085 850 3131 et
886 3074 1136 3147 Mysiam,
1168 3091 1293 3130 cum
1326 3085 1471 3132 esset
1515 3077 1776 3146 magister
1805 3078 2039 3132 militum

467 3170 652 3242 Mysia!
677 3166 951 3236 Iustinus,
979 3178 1032 3224 et
1058 3168 1296 3241 Scythia:
1335 3169 1664 3234 Baudarius,
1701 3170 1795 3240 qui
1833 3185 2042 3226 exeun-

469 3269 550 3316 tes
581 3271 770 3316 contra
829 3261 1091 3332 Bulgares
1126 3261 1371 3316 inierunt
1400 3262 1669 3332 praelium.
1710 3260 1779 3316 Et
1827 3263 2044 3317 occisus

471 3360 556 3406 est
593 3337 848 3406 Iustinus
886 3351 1148 3420 magister
1179 3352 1414 3406 militum
1457 3352 1512 3405 in
1561 3351 1726 3418 bello,
1768 3359 1822 3406 et
1864 3349 2045 3406 factus

470 3452 554 3497 est
609 3458 708 3512 pro
753 3457 819 3497 eo
867 3443 1266 3499 Constantinus
1326 3441 1610 3499 Florentii.
1656 3442 1720 3496 Et
1778 3451 2045 3498 venerunt

473 3533 732 3604 Bulgares
769 3550 939 3605 usque
968 3535 1033 3588 ad
1066 3547 1249 3604 partes
1297 3533 1546 3600 Thracae,
1577 3542 1630 3589 et
1665 3549 1925 3605 egressus
1959 3542 2042 3589 est

471 3635 662 3683 contra
731 3641 829 3682 eos
893 3627 1155 3696 magister
1219 3627 1453 3680 militum
1506 3626 1735 3697 illyrici,
1797 3625 2041 3680 lloccum

472 3716 725 3783 Hunnus,
762 3733 923 3788 quem
966 3717 1208 3788 suscepit
1241 3719 1538 3788 imperator
1575 3733 1638 3772 ex
1669 3732 1832 3772 sacro
1863 3717 2044 3787 bapti-

473 3819 667 3874 smate,
705 3819 760 3865 et
811 3811 865 3864 in
918 3811 1158 3865 medium
1201 3809 1388 3866 missis
1429 3809 1752 3878 Bulgaribus
1788 3810 2046 3864 concide-

471 3912 603 3958 runt
656 3902 1040 3958 multitudines
1073 3903 1348 3974 copiosas,
1376 3911 1431 3956 et
1463 3912 1790 3972 receperunt
1827 3917 2044 3956 omnem

473 3984 740 4064 pradam,
763 4004 817 4050 et
864 3996 1112 4050 vicerunt
1149 4005 1418 4066 potenter,
1461 3995 1664 4050 occisis
1700 3995 1918 4050 duobus
1950 4010 2046 4049 eo-

470 4101 591 4140 rum
627 4087 868 4158 regibus.

544 4178 748 4237 Eodem
776 4195 922 4235 anno
953 4179 1102 4250 cepit
1141 4179 1414 4235 Chosroes
1464 4195 1558 4235 rex
1605 4179 1892 4235 Persarum
1926 4196 2042 4236 ma-

475 4289 636 4344 gnam
670 4273 1024 4328 Antiochiam
1071 4271 1266 4345 Syriae.

543 4368 702 4421 Anno
730 4367 950 4421 decimo
967 4365 1352 4436 tertioimperii
1373 4363 1672 4420 Iustiniani
1695 4365 2048 4423 sociatus'est

477 4459 739 4516 Romanis
791 4459 1032 4514 Mundus
1073 4473 1140 4512 ex
1194 4473 1394 4528 genere
1449 4455 1715 4527 Gipedum
1753 4458 2057 4516 derivatus.

534 4555 698 4606 Auno
729 4550 944 4606 decimo
974 4557 1173 4621 quarto
1200 4547 1412 4618 imperii
1443 4546 1740 4603 Iustiniani
1771 4549 2050 4606 Chosroes

475 4658 568 4700 rex
631 4642 924 4698 Persarum
988 4649 1247 4714 quartmn
1288 4642 1344 4695 in
1397 4639 1774 4696 Romanorum
1844 4651 2046 4697 terram

475 4735 602 4791 fecit
621 4735 968 4806 ingressum;
999 4750 1160 4803 quem
1190 4733 1492 4788 Belis-arias
1527 4749 1723 4788 rursus
1752 4733 1820 4787 ab
1844 4731 2050 4806 Hespe-

474 4829 574 4886 riis
613 4829 839 4885 veniens
867 4827 1135 4898 sapientia
1168 4842 1268 4882 sua
1299 4826 1633 4882 incﬂicacem
1670 4827 1848 4883 redire
1872 4828 2052 4898 coegit

476 4921 544 4976 ad
577 4921 821 4992 propria.

543 5013 752 5068 Eodem
800 5026 933 5068 vero
991 5026 1137 5065 anno
1175 5008 1468 5066 Timotheo
1498 5010 1758 5080 episcopo
1809 5009 2047 5064 Alexan-

473 5107 607 5162 drize
646 5115 886 5170 mortuo,
919 5103 1158 5158 Severus
1195 5104 1416 5172 impius,
1449 5103 1828 5158 Antiochenus
1847 5103 2046 5172 prmsul

473 5199 708 5262 adulter,
755 5208 810 5252 et
851 5197 1104 5252 Julianus
1161 5197 1597 5261 Alicarnasseus,
1657 5194 2046 5250 Alexandriam

476 5290 603 5360 fuga
634 5291 797 5360 lapsi,
829 5288 898 5344 de
933 5287 1278 5357 corruptibili
1320 5297 1374 5340 et
1429 5287 1836 5356 incorruptibili
1863 5287 2051 5343 conle-

475 5391 661 5439 rentes
699 5382 964 5438 adversus
995 5381 1253 5446 invicem,
1298 5379 1429 5434 facti
1457 5389 1585 5434 sunt
1611 5386 1870 5452 tanquam
1902 5383 2048 5437 veri-

477 5477 608 5532 tatis
635 5476 907 5542 extranei,
961 5486 1016 5530 et
1049 5475 1188 5528 alter
1221 5474 1441 5544 quidem
1475 5473 1872 5538 Theodosium,
1910 5473 2044 5530 alter

2143 1892 2385 1947 denorum
2418 1907 2480 1947 ex
2501 1905 2669 1946 causa
2699 1889 3101 1960 hujuscemodi.
3157 1892 3606 1948 Azumitensium.
3626 1909 3720 1948 rex

2143 1988 2286 2040 ultra
2338 1983 2633 2056 IEgyptum
2681 1990 2765 2037 est
2819 1983 3134 2052 judaizans.
3183 1985 3560 2041 Romanorum
3621 2002 3720 2041 an-

2144 2087 2249 2133 tem
2286 2077 2663 2148 negotiatores
2695 2091 2795 2146 per
2842 2074 3278 2132 liomeritensem
3337 2077 3721 2146 ingrediuntur

2144 2170 2212 2224 ad
2253 2169 2664 2223 Azumitensem
2698 2178 2751 2221 et
2781 2167 2846 2221 ad
2879 2165 3175 2222 interiores
3228 2176 3414 2237 partes
3463 2167 3718 2222 Indorum

2141 2269 2306 2331 atque
2343 2258 2688 2330 JEthiOpum.
2715 2257 3161 2329 Negotiatoribus
3193 2266 3375 2313 autem
3411 2259 3712 2314 secundum

2142 2353 2596 2408 consuetudinem
2622 2350 2889 2421 ingressis
2916 2351 3182 2405 terminos
3204 2348 3719 2414 liomeriti,Damia-

2143 2461 2248 2501 nus
2264 2460 2455 2501 eorum
2480 2460 2575 2500 rex
2608 2445 2732 2498 illos
2765 2443 2989 2510 occidit,
3018 2451 3072 2497 et
3101 2443 3327 2498 abstulit
3356 2445 3540 2498 omnia
3581 2446 3722 2514 ipso-

2144 2552 2289 2601 rum,
2321 2536 2511 2590 dicens
2551 2534 2810 2605 quoniam
2840 2533 3076 2588 Romani
3103 2533 3462 2589 malefaciunt
3496 2533 3720 2600 Iudaeis,

2143 2626 2236 2698 qui
2263 2626 2314 2679 in
2345 2625 2568 2696 regione
2595 2640 2692 2679 sua
2723 2631 2874 2690 sunt,
2905 2631 2961 2678 et
2989 2623 3252 2677 occidunt
3279 2639 3395 2679 eos.
3421 2623 3487 2676 Et
3514 2640 3580 2679 ex
3619 2609 3726 2678 hoc.

2145 2717 2434 2773 solverunt
2474 2715 2899 2786 negotiationem
2935 2712 3258 2769 interiorum
3292 2713 3549 2770 indorum
3581 2717 3723 2771 Azu—

2145 2811 2283 2864 miti.
2324 2811 2387 2864 Et
2419 2806 2734 2879 indignatus
2766 2807 3202 2862 Azumitensium
3248 2823 3342 2862 rex
3378 2809 3529 2863 Adad
3564 2809 3719 2864 misit

2148 2902 2442 2966 Ilomeriti,
2472 2901 2600 2972 quia
2652 2899 2840 2954 laesisti
2899 2915 3124 2968 regnum
3169 2915 3346 2954 meum
3389 2909 3441 2954 et
3491 2901 3722 2956 interio-

2146 3010 2260 3049 rem
2296 2992 2502 3047 lndiam
2529 3034 2544 3059 ,
2581 2993 2880 3062 prohibens
2943 2990 3313 3047 Romanorum
3382 3004 3723 3051 mercatores

2147 3085 2216 3140 ad
2260 3100 2364 3140 nos
2403 3083 2636 3154 ingredi.
2683 3084 2748 3137 Et
2782 3093 3053 3138 venerunt
3112 3084 3170 3139 in
3221 3083 3564 3140 inimicitiam
3606 3102 3726 3140 ma-

2146 3192 2329 3249 gnam,
2384 3183 2441 3231 et
2490 3175 2734 3229 inierunt
2782 3175 2988 3230 bellum
3029 3174 3084 3230 in
3115 3175 3468 3230 alterutrum.
3500 3175 3723 3232 Etcum

2147 3252 2442 3340 pugnaturi
2493 3274 2704 3334 eSSent,
2736 3267 2888 3321 Adad
2922 3267 3356 3323 Azumitensium
3402 3283 3497 3323 rex
3537 3278 3722 3326 votum

2147 3360 2318 3426 vovit,
2343 3359 2533 3415 (licens
2571 3359 2698 3429 quia
2741 3359 2789 3414 si
2815 3359 2999 3414 vicero
3027 3357 3484 3427 iiomeritensem,
3523 3360 3728 3417 etiiciar

2147 3451 2522 3517 Christianus,
2570 3451 2698 3522 quia
2734 3467 2834 3521 pro
2870 3441 3224 3508 Christianis
3261 3468 3476 3524 pugno.
3516 3454 3725 3525 Deique

2147 3545 2466 3616 operatione
2503 3545 2639 3598 vicit
2681 3544 3086 3614 potentissime,
3118 3552 3174 3600 et
3203 3546 3418 3617 accepit
3447 3547 3722 3618 captivum

2149 3637 2332 3690 vivum
2360 3635 2683 3689 Damianum
2713 3649 2899 3704 regem
2933 3650 3125 3690 eorum
3155 3643 3208 3690 et
3241 3637 3522 3707 regionem
3561 3639 3716 3709 ipso-

2149 3739 2270 3778 rum
2327 3731 2384 3777 et
2434 3736 2600 3790 regna
2623 3763 2636 3786 ,
2682 3723 3000 3794 gratiasque
3032 3723 3278 3780 referens
3311 3724 3421 3780 Deo
3447 3726 3601 3782 Adad
3631 3744 3722 3783 rex

2151 3811 2590 3866 Azumitensium
2625 3809 2780 3865 misit
2819 3811 2884 3865 ad
2911 3810 3286 3866 Iustinianum
3314 3800 3724 3883 imperatorem,

2152 3915 2210 3959 ut
2241 3903 2521 3973 acciperet
2565 3901 2886 3973 episcopum
2920 3909 2975 3958 et
3029 3902 3285 3970 clericos,
3317 3912 3373 3961 et
3411 3905 3724 3974 doceretur,

2150 4007 2204 4052 et
2266 3995 2420 4051 fieret
2453 3993 2826 4050 Christianus.
2885 3993 2954 4047 Et
3002 3993 3227 4065 gavisus
3266 4005 3350 4051 est
3409 4013 3577 4068 super
3624 3999 3725 4054 hoc

2150 4088 2494 4144 Justinianus
2542 4085 2862 4157 plurimum,
2911 4093 2966 4141 et
3017 4085 3189 4156 jussit
3241 4088 3325 4144 eis
3363 4087 3481 4142 dari
3515 4090 3729 4159 episco-

2151 4199 2279 4252 pum
2337 4195 2718 4253 quemcunque
2768 4179 3100 4246 voluissent,
3149 4187 3204 4234 et
3243 4180 3528 4252 elegerunt
3561 4181 3722 4236 iidem

2151 4277 2337 4349 legati,
2363 4291 2486 4330 cum
2511 4275 2730 4330 curiose
2761 4272 3132 4344 qumsiissent,
3161 4273 3590 4329 mansionarium
3615 4271 3728 4346 (32)

2154 4369 2212 4426 S.
2239 4369 2467 4425 Joannis
2501 4381 2711 4438 magnae
2746 4366 3120 4432 Alexandrina,
3153 4367 3334 4422 virum
3361 4366 3726 4422 venerabilem

2092 4473 2142 4529 ι)
2163 4476 2217 4522 et
2251 4465 2538 4534 virginem,
2563 4460 2787 4517 nomine
2826 4458 3114 4524 Joannem,
3145 4460 3236 4531 qui
3269 4459 3551 4530 sexaginta
3587 4461 3726 4515 duo~

2153 4575 2274 4617 rum
2311 4563 2428 4613 erat
2453 4568 2745 4610 annorum.
2782 4551 2904 4618 Quo
2931 4559 3191 4621 suscepto
3222 4551 3481 4606 abierunt
3517 4552 3569 4606 in
3595 4567 3725 4622 pro-

2152 4649 2330 4722 priam
2358 4646 2638 4716 regionem
2661 4643 2730 4698 ad
2752 4657 2934 4713 regem
2967 4657 3150 4709 suum,
3184 4651 3238 4698 et
3267 4642 3340 4697 ita
3371 4643 3729 4700 crediderunt

2153 4741 2397 4803 Christo,
2429 4749 2482 4811 et
2517 4736 2812 4792 illuminati
2847 4742 2997 4792 sunt.
3561 4726 3564 4728 ⁷

2229 4830 2414 4884 Mundi
2466 4842 2612 4882 anno
2651 4826 2813 4890 6056,
2873 4826 3074 4882 divinae
3138 4826 3541 4885 incarnationis
3581 4843 3729 4884 anno

2156 4924 2280 4990 5'56,
2320 4922 2626 4991 imperante
2686 4917 3000 4974 Iustiniano
3048 4934 3192 4975 anno
3224 4920 3440 4976 decimo
3494 4921 3727 4991 septimo

2151 5015 2333 5070 factus
2363 5020 2448 5068 est
2480 5021 2644 5066 terra:
2675 5021 2859 5067 motus
2901 5027 3134 5083 magnus
3185 5013 3240 5068 in
3278 5013 3538 5074 universo
3565 5029 3728 5068 mun-

2150 5108 2241 5162 do.
2273 5105 2586 5176 Eodemque
2632 5119 2777 5158 anno
2825 5107 3081 5175 apparuit
3112 5106 3330 5176 quidam
3387 5122 3453 5162 ex
3504 5104 3726 5175 regione

2153 5199 2414 5253 Italorum
2466 5210 2564 5266 per
2599 5195 2760 5250 villas
2793 5194 3138 5263 discurrens,
3175 5198 3401 5250 nomine
3457 5195 3725 5257 Andreas,

2150 5291 2360 5346 habens
2385 5304 2571 5344 secum
2611 5303 2800 5344 canem
2843 5288 3027 5343 rufum
3056 5294 3110 5342 et
3141 5301 3371 5352 caecum,
3404 5289 3496 5357 qui
3521 5287 3714 5358 jussus

2158 5382 2228 5437 ab
2252 5396 2318 5436 eo
2351 5379 2591 5435 faciebat
2626 5381 2913 5437 miracula.
2962 5379 3098 5434 Cum
3151 5379 3296 5434 enim
3333 5388 3503 5433 staret
3532 5380 3645 5449 ipse
3670 5379 3724 5432 in

2158 5473 2300 5539 foro,
2338 5481 2392 5528 et
2421 5473 2581 5527 turba
2611 5473 2665 5527 in
2689 5473 2921 5528 circuitu
2941 5471 3175 5537 adesset,
3208 5470 3347 5524 clam
3378 5471 3566 5526 eodem
3591 5485 3728 5526 cane

2031 5585 2268 5644 NOT/E.

547 5679 660 5804 (5Ξέ
695 5681 1140 5738 Mansionarium.
1163 5681 1253 5735 Sic
1274 5680 1436 5733 etiam
1470 5680 1883 5739 vertitNierente
1917 5697 2038 5752 syn.

547 5769 593 5804 υ.
664 5754 732 5804 03
771 5755 856 5804 ed.
897 5755 961 5804 lt.
998 5754 1132 5804 Vide
1186 5763 1237 5804 et
1284 5766 1406 5804 can.
1458 5755 1493 5804 ‘2
1548 5769 1673 5804 svn.
1709 5752 2038 5804 Chalcedon.

473 5752 509 5807 2
539 5769 593 5824 p.
632 5752 732 5807 703
771 5755 856 5809 ed.
897 5755 961 5811 lt.
998 5754 1132 5808 Vide
1186 5763 1237 5808 et
1284 5766 1406 5806 can.
1458 5755 1493 5804 ‘2
1548 5769 1673 5822 syu.
1709 5752 2044 5807 Chalcedon.

2153 5679 2423 5735 Zonaram
2457 5682 2522 5736 ad
2560 5680 2791 5735 concilia
2823 5694 2878 5750 p.
2907 5678 3006 5733 697
3043 5695 3095 5739 a,
3121 5677 3225 5750 698
3271 5694 3300 5732 a
3351 5688 3403 5734 et
3454 5677 3554 5732 720
3593 5678 3645 5733 b.
3672 5683 3730 5731 et

2159 5754 2357 5807 coucil.
2394 5753 2591 5822 Cpolit.
2621 5754 2725 5808 sub
2753 5749 2906 5807 Mena
2941 5766 2993 5822 p.
3029 5750 3149 5806 757.
3186 5749 3347 5805 FABB.
