3950 6234
262 336 393 401 13X:

258 554 310 597 et
351 542 538 608 ferrei,
597 551 650 596 et
703 539 1052 610 ponebantur
1084 539 1138 592 in
1180 538 1518 609 pavimento,
1573 555 1711 610 quos
1744 539 1834 594 ille

256 634 632 706 cooperiebat,
673 639 726 687 et
770 630 1127 702 praecipiebat
1183 630 1328 694 cani,
1387 643 1440 687 et
1499 630 1746 694 tollebat,
1779 639 1833 686 et

255 726 423 782 dabat
477 724 772 794 unicuique
820 737 1004 778 suum.
1071 719 1336 776 Similiter
1377 733 1430 777 et
1483 721 1829 777 diversorum

254 821 644 890 imperatorum
679 815 1006 872 nomismata
1033 815 1198 870 mixta
1226 815 1540 886 porrigebat
1595 831 1691 887 per
1736 830 1833 870 no-

256 913 423 968 mina.
469 909 574 965 Sed
615 916 816 980 pra~sto
863 909 1022 964 turba
1063 918 1297 973 astante,
1333 909 1576 963 virorum
1619 909 1834 965 scilicet

253 1009 310 1055 et
355 999 688 1061 mulierum,
749 999 1120 1068 interrogatus
1183 998 1512 1054 ostendebat
1557 999 1610 1054 in
1673 1007 1830 1056 utero

255 1093 520 1148 habentes
573 1101 627 1148 et
679 1091 1010 1147 fornicarios
1049 1101 1105 1146 et
1138 1091 1420 1148 adulteros
1466 1101 1520 1148 et
1549 1107 1745 1147 avaros
1779 1103 1832 1148 et

255 1186 654 1257 magnanimos.
717 1185 1058 1240 Ostendebat
1123 1199 1316 1240 omnes
1389 1199 1514 1238 cum
1571 1186 1828 1240 veritate.

256 1279 411 1335 Unde
449 1278 707 1334 dicebant
737 1277 867 1348 quia
900 1277 1156 1348 spiritum
1190 1278 1353 1332 habet
1385 1277 1671 1349 Pythonis.

324 1371 481 1426 Anno
504 1371 719 1442 imperii
754 1368 1052 1425 Iustiniani
1089 1370 1303 1424 decimo
1344 1378 1538 1426 octavo
1567 1369 1829 1425 diffusum

251 1472 334 1517 est
370 1478 520 1518 mare
575 1477 673 1531 per
724 1459 972 1516 Thracen
1032 1461 1282 1515 miliariis
1335 1469 1613 1530 quatuor,
1655 1469 1710 1517 et
1740 1477 1848 1517 (ιο--⁵

253 1555 473 1625 operuit
505 1570 625 1610 eam
660 1555 808 1609 circa
846 1563 1026 1624 partes
1066 1553 1295 1626 Odyssei
1337 1561 1389 1608 et
1419 1553 1827 1625 Dionysopolis,

254 1657 308 1702 et
349 1646 506 1701 tnulti
539 1647 714 1702 necati
763 1657 892 1700 sunt
935 1647 984 1700 in
1020 1647 1202 1716 aquis,
1236 1656 1288 1700 et
1320 1648 1515 1702 iterum
1561 1646 1654 1702 Dei
1688 1662 1827 1716 pra:-

253 1744 412 1807 cepto
447 1739 756 1790 restitutum
790 1745 873 1790 est
905 1734 1045 1789 idem
1099 1751 1246 1790 mare
1277 1735 1329 1790 in
1370 1736 1486 1790 loca
1528 1752 1648 1790 sua.

325 1832 482 1882 Anno
527 1827 740 1897 imperii
800 1825 1096 1882 Iustiniani
1151 1827 1368 1882 decimo
1427 1843 1576 1883 nono
1630 1826 1828 1882 Petrus

253 1920 809 1992 lliet'osolymitanam
851 1929 905 1975 et
943 1920 1187 1975 Domnus
1237 1920 1640 1975 Antiochenam
1689 1921 1830 1992 regit

253 2013 588 2079 Ecclesiam;
619 2019 671 2067 et
706 2012 850 2065 facta
885 2021 969 2066 est
1015 2012 1196 2084 inopia
1232 2012 1498 2068 frumenti
1543 2021 1596 2067 et
1623 2013 1733 2067 vini
1768 2027 1830 2068 ac

253 2104 434 2174 pluvia
465 2103 658 2170 multa,
688 2112 740 2159 et
773 2104 954 2158 factus
1001 2113 1085 2159 est
1118 2113 1278 2160 teme
1312 2113 1495 2160 motus
1521 2105 1830 2161 Constanti-

250 2197 436 2267 nopoli
486 2212 739 2267 magnus,
777 2205 832 2251 et
867 2197 1083 2251 eversio
1139 2196 1206 2251 de
1256 2205 1450 2253 sancto
1501 2197 1736 2258 Pascha,
1777 2204 1831 2251 et

249 2289 415 2358 recpit
447 2290 642 2359 vulgus
681 2305 708 2342 a
757 2290 1018 2344 carnibus
1054 2288 1338 2344 abstinere
1370 2304 1557 2344 mense
1582 2287 1829 2343 Februa-

252 2381 356 2446 rio,
404 2381 492 2434 die
540 2391 737 2451 quarta
779 2398 791 2433 :
826 2382 1124 2452 imperator
1180 2392 1359 2438 autem
1415 2383 1675 2454 praecepit
1724 2385 1828 2437 alia

253 2473 592 2528 hebdomada
630 2490 851 2528 carnem
904 2474 1146 2544 apponi,
1212 2483 1267 2529 et
1321 2490 1512 2530 omnes
1579 2477 1828 2530 carnium

251 2564 567 2619 vonditores
607 2565 950 2626 occiderunt,
1001 2573 1056 2618 et
1106 2576 1501 2634 apposuerunt,
1559 2573 1612 2619 et
1669 2581 1830 2620 nemo

249 2653 466 2707 emebat
517 2663 610 2706 aut
661 2653 877 2708 edebat.
917 2652 1088 2706 Porro
1141 2652 1354 2720 Pascha
1410 2653 1613 2709 factum
1660 2663 1831 2710 estut

249 2745 760 2816 imperatorjussit,
807 2754 859 2799 et
894 2745 1153 2800 inventus
1183 2753 1268 2800 cst
1304 2747 1540 2816 populus
1569 2746 1828 2817 jejunans

250 2834 594 2890 hebdomada
625 2834 926 2906 superﬂua.

319 2929 477 2983 Anno
515 2925 729 2998 imperii
759 2923 1054 2981 Iustiniani
1090 2927 1353 2983 vicesimo
1401 2938 1560 2998 capta
1601 2937 1686 2985 est
1712 2929 1829 2986 Ro-

252 3032 339 3073 ma
387 3032 418 3072 a
448 3017 666 3081 Gothis,
702 3025 756 3071 et
804 3015 951 3086 Papa
985 3015 1221 3088 Vigilius
1253 3018 1403 3074 venit
1431 3018 1826 3076 Constantino-

1323 333 1725 398 ANASTASII
1797 331 2426 392 BIBLIOTHECARII

162 505 172 514 ,
256 451 647 505 deferebantur
691 444 986 504 astantium
1039 445 1230 501 annuli
1273 447 1427 501 aurei
1480 455 1536 503 et
1587 445 1830 517 argentei
1865 453 1908 502 Α
1939 443 2196 498 triarchaa
2249 441 2872 513 Constantinopolitani,
2935 453 2989 499 et
3042 445 3400 514 praepositum
3434 457 3520 503 est

3377 330 3519 396 126i

1937 552 2136 592 nomen
2196 535 2374 608 Vigilii
2434 537 2754 608 praecellens
2829 535 2886 591 in
2941 535 3238 608 diptyehis.
3309 539 3522 594 Interea

1936 643 2128 684 mense
2175 626 2372 684 Martio
2421 628 2630 684 exsiliit
2663 627 2887 700 elephas
2921 644 2952 684 e
2985 629 3208 685 stabulo
3240 639 3431 696 noctu,
3463 640 3522 686 et

1936 721 2143 777 occidit
2175 723 2404 788 multos,
2439 723 2576 779 alios
2608 737 2740 779 vero
2784 722 3115 779 debilitavit.
3147 721 3322 780 Porro
3351 723 3528 782 Iunio

1939 827 2126 868 mense
2160 811 2302 866 facta
2333 821 2464 868 sunt
2495 813 2737 868 encania
2775 822 3095 869 sanctorum
3128 814 3521 882 Apostolorum

1936 905 2079 974 apud
2116 904 2680 974 Constantinopolim,
2705 915 2761 960 et
2811 903 3099 960 recondita
3139 913 3268 960 sunt
3300 905 3524 975 iipsana

1936 995 2170 1050 Andreae
2196 993 2359 1050 Lucae
2385 1011 2447 1049 ae
2480 994 2754 1050 Timothei
2782 994 3184 1064 apostolorum,
3220 1005 3273 1048 et
3296 997 3526 1048 transiit

1935 1089 2126 1143 Menas
2155 1088 2447 1159 episcopus
2475 1103 2603 1142 cum
2671 1089 2884 1144 sanctis
2941 1087 3193 1157 lipsanis,
3237 1087 3435 1142 sedens
3465 1090 3524 1140 in

1935 1194 2201 1234 carrucca
2239 1195 2406 1234 aurea
2457 1179 2836 1248 imperatoria,
2888 1178 3170 1249 lapidibus
3219 1179 3523 1249 insignita,

1938 1279 2128 1324 tenens
2161 1277 2276 1324 tres
2300 1270 2492 1323 thecas
2514 1277 2831 1322 sanctorum
2871 1269 3246 1338 ap0stolorum
3277 1269 3333 1323 in
3365 1270 3529 1339 geni~

1935 1360 2038 1416 bus
2067 1361 2206 1427 suis,
2234 1370 2288 1416 et
2325 1361 2398 1415 ita
2425 1363 2670 1417 enctenia
2702 1359 3016 1415 celebravit.

2005 1455 2166 1511 Anno
2207 1455 2422 1527 imperii
2451 1453 2748 1510 Iustiniani
2784 1455 3048 1510 vicesimo
3073 1463 3293 1525 quarto,
3326 1470 3528 1513 mense

1933 1547 2147 1617 Aprili,
2202 1549 2404 1602 tnissus
2459 1557 2544 1602 est
2600 1546 2801 1602 Narscs
2845 1547 3224 1602 cubicularius
3284 1545 3526 1604 Romam

1935 1650 2287 1709 pugnaturus
2333 1637 2602 1696 adversus
2656 1638 2866 1696 Gothos
2894 1680 2909 1704 ,
2952 1641 3047 1709 qui
3089 1651 3354 1710 ceperant
3403 1641 3530 1698 Ro-

1937 1744 2104 1794 mam,
2161 1729 2421 1799 quoniatn
2468 1739 2756 1801 postquam
2808 1746 2928 1785 eam
2984 1729 3287 1786 Belisarius
3334 1733 3528 1803 cepit,

1934 1819 2135 1874 iterum
2166 1818 2589 1875 insurrexerunt
2613 1829 2667 1876 et
2701 1830 3024 1890 receperunt
3049 1821 3197 1875 illam
3224 1820 3411 1876 Gothi.

2005 1911 2165 1966 Anno
2231 1911 2446 1982 imperii
2479 1910 2777 1967 Iustiniani
2827 1914 3090 1968 vicesimo
3144 1913 3338 1982 quinto
3374 1913 3528 1968 facta

1932 2012 2061 2058 sunt
2104 2006 2346 2059 enczenia
2398 2003 2456 2059 S.
2515 2005 2728 2060 Eirente
2774 2014 2927 2061 trans
2981 2005 3528 2076 Constantinopolim

1933 2098 1987 2152 in
2023 2096 2202 2168 Sycis,
2236 2103 2291 2151 et
2327 2096 2580 2151 exierunt
2612 2106 2802 2152 sancta
2837 2098 3050 2166 lipsana
3098 2113 3164 2150 ex
3202 2097 3393 2168 Magna
3429 2115 3530 2152 ee-

1931 2191 2118 2252 clesia,
2146 2203 2254 2243 una
2289 2205 2411 2244 cum
2451 2188 2670 2244 duobus
2716 2189 3071 2259 patriarchis,
3107 2188 3260 2244 Mena
3306 2190 3532 2245 scilicet

1932 2283 2542 2352 Constantinopolitano
2571 2293 2624 2336 et
2656 2281 2999 2352 Apollinario
3035 2279 3434 2343 Alexandrino,
3475 2291 3533 2335 rt

1934 2377 2196 2430 sederunt
2229 2376 2388 2431 ambo
2423 2376 2476 2429 in
2514 2373 2870 2445 imperatorio
2943 2387 3152 2437 curru,
3217 2373 3533 2428 retinentes

1935 2469 1986 2522 in
2031 2469 2261 2537 genibus
2292 2469 2406 2523 suis
2437 2475 2630 2522 sancta
2684 2466 2922 2535 lipsana,
2954 2476 3008 2521 et
3043 2475 3314 2520 venerunt
3344 2482 3532 2536 uSqnc

1934 2558 2004 2611 ad
2034 2558 2262 2624 fretum,
2296 2565 2351 2612 et
2385 2557 2876 2612 transfretantibus
2908 2554 3128 2611 obviam
3160 2558 3240 2611 eis
3275 2560 3534 2610 occurrit

1935 2653 2256 2722 imperator,
2307 2661 2361 2706 et
2392 2658 2731 2720 aperuerunt
2762 2649 3011 2704 eamdem
3043 2649 3337 2704 ecclesiam
3389 2665 3535 2705 san-

1935 2753 2036 2798 ctae
2073 2745 2330 2816 martyris
2371 2744 2603 2799 Eirente.
2648 2743 2853 2799 Eodem
2891 2759 3036 2798 anno
3067 2745 3296 2798 moritur
3319 2742 3532 2801 Menas

1933 2837 2227 2907 episcopus
2273 2837 2950 2906 Constantinopolitanus.
2984 2845 3039 2891 et
3083 2836 3258 2891 factus
3286 2845 3369 2890 est
3416 2851 3532 2907 pro

1935 2928 2056 3000 ipso
2089 2928 2387 3000 Eutychius
2414 2928 2807 3000 apocrisiarius
2852 2925 3088 2980 Amasis:
3121 2942 3184 2980 ac
3217 2928 3532 2982 monachus

1934 3021 2257 3076 monasterii
2286 3022 2431 3093 quod
2461 3028 2550 3076 est
2575 3033 2743 3090 penes
2768 3018 3071 3085 Amasiam,
3107 3032 3174 3072 ac
3206 3018 3528 3088 presbyter.

247 3110 519 3180 polim,et
575 3113 867 3177 susceptus
931 3106 1000 3162 ab
1033 3105 1365 3178 imperatore
1428 3124 1555 3165 cum
1616 3112 1900 3192 ingentic
1936 3110 2136 3167 Eadem
2177 3127 2309 3167 sane
2346 3111 2516 3167 Mena:
2538 3111 2750 3167 funeris
2794 3109 2903 3176 die,
2937 3123 3063 3164 cum
3108 3108 3290 3165 adhuc
3310 3109 3530 3181 jaceret

247 3205 457 3260 honore
512 3200 928 3272 repromittebat
978 3198 1160 3255 facere
1220 3201 1484 3258 unitatem
1537 3206 1827 3262 catholica:

248 3295 536 3365 Ecclesia!
565 3301 623 3350 et
667 3291 1130 3349 anathematizare
1185 3294 1287 3348 tria
1331 3297 1592 3367 capitula,
1620 3299 1826 3369 quique

246 3385 872 3444 excommunicationem
908 3392 1149 3456 quatuor
1180 3387 1450 3442 mensium
1484 3387 1635 3444 dedit
1655 3391 1827 3447 Mena:

245 3475 862 3546 Constantinopolitano
910 3476 1171 3546 episeopo
1216 3475 1271 3530 in
1315 3477 1644 3546 epitiminm.
1677 3477 1826 3535 Indi-

244 3578 444 3641 gnatus
497 3578 679 3622 autem
731 3567 1032 3638 imperator
1065 3576 1263 3623 contra
1299 3567 1553 3638 Vigilium
1604 3582 1826 3642 propter

243 3661 576 3732 epitimium,
608 3669 664 3716 et
693 3661 824 3730 quia
864 3657 1154 3716 ditTerebat
1208 3661 1487 3732 complere
1518 3677 1639 3733 qua:
1677 3663 1828 3720 vide-

244 3754 450 3808 bantur
479 3767 646 3824 super
680 3753 890 3806 unitate
929 3751 1296 3808 Ecclesiarum
1321 3791 1336 3819 ,
1376 3755 1527 3810 misit
1582 3763 1640 3810 ut
1670 3772 1824 3814 com-

247 3845 706 3918 prehenderetur.
739 3844 843 3912 Qui
877 3853 1127 3901 metuens
1160 3846 1422 3918 impetum
1469 3849 1825 3920 imperatoris

246 3937 314 3993 ad
369 3937 543 3993 altare
581 3937 759 4008 Sergii
814 3939 1077 4008 martyris
1135 3939 1459 3995 monasterii
1518 3941 1825 3998 liormisda:

243 4029 511 4102 confugit.
554 4029 623 4085 Et
667 4029 793 4085 inde
819 4036 1036 4086 tractus
1069 4031 1245 4086 tenuit
1272 4033 1562 4089 columnas
1595 4045 1823 4107 portan-

245 4131 328 4177 tes
353 4121 546 4185 altare,
576 4133 628 4176 et
659 4122 761 4176 has
801 4123 1020 4189 evertit,
1057 4138 1180 4177 eum
1213 4133 1363 4179 esset
1388 4127 1573 4196 gravis
1619 4137 1672 4182 et
1700 4144 1824 4183 eor-

242 4228 376 4282 pore
408 4213 652 4284 grandis.
686 4212 988 4283 Imperator
1035 4219 1218 4268 autem
1271 4215 1589 4284 poenitentia
1621 4217 1822 4275 ductus

243 4305 486 4376 suscepit
513 4318 710 4376 papam
761 4302 1047 4375 Vigilium,
1109 4314 1163 4360 et
1214 4314 1445 4378 rogatus
1503 4307 1736 4380 Vigilius
1789 4327 1820 4366 a

243 4396 532 4452 Theodora
590 4395 836 4466 Augusta
887 4397 1134 4468 suscepit
1182 4396 1394 4454 Menam
1445 4402 1817 4470 patriarcham

1939 3206 1993 3260 in
2041 3205 2262 3267 sacello,
2279 3219 2468 3259 mense
2489 3206 2736 3275 Augusto
2757 3210 2963 3274 tropaea
2985 3210 3260 3257 venerunt
3284 3217 3315 3257 e
3347 3200 3526 3258 Roma

1933 3296 2123 3353 Narsis
2180 3296 2500 3351 cubicularii
2540 3304 2594 3350 et
2640 3295 2864 3351 cxarchi
2918 3294 3317 3352 Romanorum.
3377 3293 3522 3350 inito

1937 3388 2140 3458 quippe
2159 3387 2300 3442 bello
2320 3402 2440 3442 eum
2468 3384 2647 3442 Totila
2669 3403 2795 3458 rege
2809 3386 3111 3444 Gothorum
3136 3387 3522 3458 potentissime

1931 3482 2234 3553 superavit,
2279 3489 2332 3535 et
2375 3483 2517 3552 cepit
2549 3481 2799 3544 Romam,
2841 3489 2896 3537 et
2936 3482 3134 3536 occidit
3172 3480 3432 3542 Totilam,
3463 3489 3525 3534 et

1929 3574 2252 3628 vestimenta
2292 3575 2412 3643 ejus
2452 3579 2736 3627 cruentata
2769 3587 2894 3627 cum
2933 3571 3268 3627 camilaucio
3317 3569 3521 3640 lapidi-

1928 3665 2033 3720 bus
2075 3665 2332 3736 pretiosis
2388 3673 2587 3719 ornato
2641 3663 2790 3719 misit
2845 3661 3408 3733 Constantinopolim,
3471 3672 3528 3716 et

1927 3756 2131 3827 jactata
2161 3765 2290 3811 sunt
2324 3757 2386 3810 ad
2427 3757 2591 3827 pedes
2633 3755 2982 3826 imperatoris
3009 3769 3194 3811 coram
3223 3765 3446 3810 senatu.

2001 3849 2162 3902 Anno
2193 3849 2405 3920 imperii
2432 3848 2728 3904 Iustiniani
2762 3848 3025 3904 vicesimo
3063 3855 3220 3902 sexto
3258 3847 3402 3900 facta
3435 3857 3527 3903 est

1930 3948 2124 3997 saneta
2189 3952 2243 3996 et
2293 3940 2623 3996 universalis
2645 3941 2837 4011 quinta
2873 3940 3118 4013 synodus
3165 3947 3357 3996 contra
3389 3936 3524 3995 Ori-

1929 4050 2120 4104 genem
2154 4050 2418 4090 vesanum
2461 4043 2516 4090 et
2553 4033 2840 4104 Didymutn
2881 4047 3090 4088 erecqu
3137 4042 3191 4086 ct
3222 4030 3522 4103 Evagriutn

1929 4137 2092 4197 atque
2125 4126 2344 4198 gentilis
2374 4141 2572 4182 sensus
2597 4139 2790 4179 eorum
2815 4123 3268 4189 deliramentum,
3295 4131 3352 4178 et
3393 4140 3524 4178 rur-

1929 4235 2023 4274 sus
2051 4228 2241 4272 contra
2270 4214 2771 4287 capitula.Vigilius
2800 4225 2982 4270 autem
3009 4212 3287 4270 Romanus
3313 4231 3522 4270 conve-

1929 4311 2208 4366 nientibus
2226 4325 2335 4364 non
2357 4307 2913 4365 consedit.Dimissus
2937 4317 3120 4364 autem
3143 4311 3330 4364 multis
3353 4313 3521 4366 motis

1927 4405 2368 4476 abimperatore,
2407 4406 2460 4457 in
2490 4401 2708 4474 Illyrico
2742 4403 2978 4457 moritur
3012 4403 3227 4457 rediens
3255 4399 3517 4458 Romam.

241 4485 915 4556 Constantinopolitanum
958 4485 1218 4541 vicesima
1271 4502 1416 4542 nona
1470 4488 1564 4545 die
1612 4492 1818 4548 mensis
1850 4470 1900 4528 Β
2000 4495 2279 4552 Vicesimo
2321 4495 2557 4566 septimo
2592 4493 3124 4565 imperiiIustiniani
3153 4510 3296 4550 anno
3335 4495 3520 4550 iactes

241 4579 413 4642 Iunii,
446 4577 745 4635 festivitate
777 4579 1188 4651 Apostolorum.

311 4676 470 4729 Anno
524 4674 786 4729 vicesimo
849 4675 1029 4744 primo
1095 4675 1314 4746 imperii
1352 4677 1472 4747 ejus
1517 4676 1642 4734 facti
1689 4689 1818 4736 sunt

243 4778 405 4820 terra:
431 4773 609 4818 motus
636 4767 814 4833 magni
841 4777 894 4821 et
922 4765 1141 4836 pluviae,
1172 4777 1496 4840 mortuaque
1528 4777 1613 4825 est.
1637 4769 1817 4826 Theo-

243 4858 377 4911 dora
408 4855 672 4922 Augusta.
699 4853 966 4910 Similiter
992 4866 1044 4911 et
1068 4858 1321 4926 sequenti
1347 4873 1494 4914 anno
1517 4858 1658 4914 facta
1686 4871 1816 4916 sunt

244 4950 463 5020 fulgura
495 4955 550 5000 et
583 4948 848 5011 tonitrua,
885 4947 958 5002 ita
993 4957 1050 5002 nt
1078 4950 1417 5007 dormientes
1449 4967 1514 5007 cx
1547 4955 1811 5010 tonitrnis

243 5041 598 5103 larderentur,
625 5049 786 5109 atque
814 5040 1067 5093 incendia
1100 5057 1268 5110 penes
1303 5042 1648 5115 Byzantium.

314 5134 500 5188 Mundi
552 5149 698 5187 anno
778 5132 939 5196 (5046,
975 5134 1174 5190 divin-.e
1233 5137 1640 5195 incarnationis
1675 5156 1819 5196 anno

241 5231 368 5295 546,
426 5228 645 5299 imperii
676 5225 976 5282 Iustiniani
1023 5241 1168 5280 anno
1206 5229 1464 5284 vicesimo
1513 5233 1678 5287 tertio
1733 5235 1823 5287 le-

242 5336 399 5392 gatus
427 5322 686 5378 ludorum
721 5321 871 5375 venit
899 5319 1434 5391 ConstantinOpolim
1467 5325 1677 5382 ducens
1710 5331 1821 5384 cle-

245 5415 524 5483 phantem,
559 5423 612 5469 et
651 5414 932 5484 ingressus
977 5423 1064 5468 est
1101 5412 1578 5485 Ilippodromium.
1614 5418 1820 5474 Ianua-

243 5505 328 5562 rio
363 5521 494 5560 vero
547 5520 734 5561 mense
783 5506 1134 5576 suppositum
1167 5517 1251 5562 est
1287 5525 1482 5564 nomen
1517 5511 1685 5568 Mente
1721 5531 1818 5584 pa-

1927 4597 2012 4646 est
2042 4598 2200 4644 terra:
2251 4597 2436 4644 motus
2478 4588 2745 4643 terribilis
2775 4586 3264 4659 Constantinopoli
3295 4597 3353 4644 et
3401 4590 3519 4644 cir-

1927 4698 2273 4755 cumquaque
2305 4681 2558 4750 urbibus,
2590 4685 2682 4753 qui
2724 4683 2901 4737 tenuit
2928 4683 3124 4739 diebus
3172 4683 3262 4750 40,
3291 4692 3346 4739 et
3381 4699 3519 4755 pan-

1929 4779 2080 4834 latim
2136 4777 2385 4832 homines
2436 4778 2752 4847 compuncti
2807 4786 2952 4841 sunt,
2991 4776 3252 4832 lctaniam
3287 4789 3522 4848 agentes

1927 4879 1983 4927 et
2043 4869 2457 4940 frequentantes
2519 4881 2686 4940 atque
2734 4869 2790 4925 in
2845 4870 3094 4927 ecclesiis
3157 4885 3524 4928 commanen-

1929 4972 2012 5020 tes
2060 4964 2197 5035 (5'5).
2251 4964 2502 5034 Cumque
2566 4963 2739 5017 multa
2801 4962 2895 5017 Dei
2951 4964 3334 5020 misericordia
3372 4965 3524 5020 facta

1929 5056 2144 5123 fuisset,
2191 5057 2442 5113 homines
2475 5056 2540 5110 ad
2577 5056 2764 5126 pejora
2796 5056 2993 5125 dilapsi
3027 5065 3177 5111 sunt.
3212 5056 3299 5110 Fit
3325 5070 3516 5110 autem

1932 5150 2198 5205 memoria
2228 5158 2389 5204 terra:
2417 5159 2603 5205 motus
2639 5149 2806 5218 hujus
2839 5164 2935 5218 per
2961 5149 3211 5220 singulos
3242 5163 3419 5203 annos
3463 5152 3520 5203 in

1927 5241 2160 5312 Campo,
2195 5243 2455 5298 lctaniam
2499 5243 2699 5313 populo
2745 5241 3006 5298 faciente.

1999 5335 2189 5391 Mundi
2237 5352 2382 5390 anno
2425 5335 2602 5403 6047,
2659 5335 2858 5390 divinae
2911 5335 3315 5392 incarnationis
3365 5353 3521 5391 anno

1927 5427 2054 5495 5U,
2092 5427 2356 5482 vicesimo
2382 5436 2574 5480 octavo
2603 5425 2820 5496 imperii
2848 5424 3148 5481 Iustiniani
3173 5443 3320 5482 anno
3364 5428 3515 5482 facta

1924 5529 2052 5575 sunt
2087 5521 2330 5575 tonitrua
2367 5529 2420 5574 et
2457 5517 2675 5589 fulgura
2720 5517 3020 5587 horrenda,
3051 5530 3106 5575 et
3136 5535 3332 5576 ventus
3359 5518 3514 5574 Alri-

667 5691 688 5704 η
1755 5633 1986 5694 noras.

324 5712 885 5807 (Enpo‘mtgtlitfnlﬂ.
914 5717 1163 5777 th‘iinus
1186 5719 1243 5776 in
1275 5718 1600 5782 Prml‘atione
1625 5725 1748 5782 libri
1773 5745 1810 5786 tt
1854 5729 1932 5786 De
1963 5734 2079 5788 ritis
2113 5732 2333 5788 Patrum
2363 5749 2380 5788 :
2418 5754 2434 5786 ‹
2481 5733 2840 5791 Commanent
2869 5743 3051 5791 autem
3105 5751 3203 5807 per
3258 5751 3516 5794 eremum

243 5783 499 5853 dispersi.
539 5799 558 5833 ι
601 5781 767 5835 Ρλεη.
1543 5814 1546 5817 ι
