3906 6226
368 343 509 409 1265

1190 346 1561 413 HISTORIA
1584 350 2160 415 ECCLESIASTICA
2195 353 2301 414 EX
2335 352 2815 416 THEOPHANE.

3486 347 3623 416 1266

365 480 468 519 cus
509 461 793 525 terribilis,
825 460 900 518 ita
933 470 993 518 ut
1016 461 1237 521 caderet
1266 481 1427 535 crux,
1466 482 1589 539 qua:
1635 467 1819 524 stabat
1861 467 1945 524 ln—
1967 474 2022 531 Α
2043 475 2130 524 tor
2162 466 2433 525 aediﬁcare
2458 475 2679 539 pontem
2721 466 2966 538 Agoreos
3006 462 3275 531 ﬂuminis,
3301 473 3350 520 et
3387 476 3621 519 conver-

365 552 696 627 tra'portam
725 554 915 611 Rhesii

440 645 724 703 Vicesimo
775 660 922 702 nono
954 644 1169 718 imperii
1201 648 1505 709 Iustiniani
1536 668 1680 711 anno
1710 654 1940 711 seditio-

369 755 495 797 nem
536 740 952 796 concitaverunt
992 739 1168 797 Judaei
1224 752 1277 799 et
1340 742 1632 802 Samaritae
1680 746 1945 803 Caesarea:

367 831 691 896 Palmstinae,
724 838 780 888 et
814 831 946 887 facti
980 835 1141 903 quasi
1191 835 1246 890 in
1311 835 1507 894 ordine
1545 837 1946 896 Prasinovene-

366 932 549 980 torum
593 923 875 978 irruerunt
904 923 960 978 in
1002 923 1348 983 Christianos
1393 927 1642 999 ejusdem
1683 929 1943 995 civitatis,

365 1025 421 1073 et
469 1015 677 1072 multos
731 1015 1153 1084 interfecerunt,
1194 1028 1250 1075 et
1303 1021 1571 1079 ecclesias
1622 1024 1947 1081 combusse-

368 1116 520 1174 runt,
573 1108 1023 1181 Stephanumque
1071 1111 1389 1182 praefectum
1442 1116 1618 1186 ipsius
1676 1117 1831 1172 urbis
1882 1118 1936 1172 in

364 1200 627 1270 prmtorio
657 1206 1030 1268 peremerunt,
1061 1209 1118 1256 et
1168 1203 1539 1259 substantiam
1593 1205 1717 1276 ejus
1771 1206 1947 1262 Surri-

368 1300 627 1363 puerunt.
685 1290 838 1348 Uxor
889 1307 1022 1349 vero
1070 1294 1219 1349 illius
1277 1298 1582 1353 ascendens
1629 1298 1697 1353 ad
1756 1301 1947 1355 urbem

367 1385 505 1440 adiit
536 1383 944 1455 imperatorem,
986 1385 1079 1457 qui
1129 1387 1297 1455 jussit
1323 1388 1649 1446 Adatuantio
1685 1390 1950 1463 magistro

366 1477 603 1534 militum
650 1476 985 1533 descendere
1043 1479 1100 1533 in
1134 1477 1482 1537 Palaestinam
1521 1490 1575 1538 et
1613 1483 1947 1540 occisionem

365 1569 656 1640 exquirere
682 1568 970 1639 Stephani.
999 1569 1104 1637 Qui
1136 1571 1363 1628 veniens
1398 1588 1588 1629 eorum
1616 1589 1765 1645 quos
1796 1590 1952 1646 repe-

367 1663 440 1717 rit
470 1662 609 1717 alios
637 1661 949 1732 suspendit,
982 1662 1121 1719 alios
1149 1663 1464 1731 decollavit,
1496 1665 1636 1722 aiios
1680 1680 1810 1721 vero
1854 1667 1951 1723 de-

364 1755 608 1812 bilitavit
645 1765 699 1812 et
751 1755 1072 1825 publicavit.
1107 1757 1174 1812 Et
1222 1756 1400 1814 factus
1443 1768 1530 1816 est
1559 1758 1727 1816 timor
1759 1759 1954 1831 ingens

360 1847 422 1904 in
447 1849 709 1904 omnibus
732 1847 1110 1905 Orientalibus
1143 1851 1417 1921 partibus.

438 1938 748 1997 Tricesimo
777 1940 994 2013 imperii
1021 1938 1321 1997 Iustiniani
1358 1958 1504 1999 anno
1554 1943 1806 2016 Pelagius
1840 1942 1954 2019 Ro-

373 2022 667 2090 manorum
722 2034 864 2106 gerit
908 2034 1314 2107 episcopatum.
1354 2035 1477 2102 Quo
1527 2051 1672 2092 anno
1702 2046 1956 2093 mortuus

360 2139 455 2185 est
493 2127 818 2185 Timotheus
851 2127 1125 2184 exarchus
1179 2127 1644 2186 monasteriorum
1683 2138 1739 2185 et
1781 2130 1956 2201 begu-

370 2237 570 2278 menus
617 2221 937 2277 monasterii
996 2219 1267 2288 Dalmati,
1310 2229 1366 2278 et
1423 2220 1601 2278 factus
1648 2230 1734 2278 est
1763 2238 1863 2293 pro
1890 2239 1956 2280 eo

372 2315 689 2378 Antbimns,
728 2313 1011 2370 inclausus
1050 2312 1295 2383 ejusdem
1323 2314 1668 2369 monasterii.
1697 2313 1765 2369 Et
1787 2328 1956 2385 appa-

369 2402 484 2458 ruit
510 2402 654 2473 ignis
681 2402 739 2456 in
775 2401 939 2466 caelo,
973 2401 1129 2471 quasi
1165 2401 1381 2471 species
1407 2400 1632 2469 lanceae,
1671 2417 1703 2459 a
1737 2412 1959 2474 septen-

372 2496 555 2551 trione
583 2508 761 2566 usque
801 2495 869 2550 ad
898 2492 1265 2550 occidentem.

444 2587 632 2643 Mundi
681 2601 828 2642 anno
876 2585 1044 2651 6050,
1101 2586 1303 2655 divina:
1354 2586 1754 2645 incarnationis
1811 2603 1958 2647 anno

372 2678 504 2744 550,
540 2676 829 2734 tricesimo
881 2677 1061 2749 primo
1104 2677 1318 2748 imperii
1350 2675 1655 2733 Iustiniani
1677 2693 1847 2757 anno,
1877 2679 1959 2733 fa-

372 2783 502 2830 ctus
551 2780 715 2827 terrae
767 2780 947 2827 motus
977 2770 1269 2827 horribilis
1302 2769 1484 2834 valde,
1515 2770 1735 2841 qualem
1769 2771 1955 2828 nullus

372 2861 657 2917 hominum
672 2846 1013 2918 memorabat
1026 2861 1081 2916 in
1099 2861 1561 2933 generationeilia
1572 2877 1740 2932 super
1754 2871 1956 2918 terram

372 2953 669 3023 eii‘ectumj:
699 2952 1115 3008 concutiebatur
1143 2953 1289 3008 enim
1313 2960 1457 3008 terra
1471 2962 1629 3008 nocte
1641 2968 1707 3008 ac
1730 2954 1820 3009 die
1837 2961 1960 3023 post

374 3049 562 3102 decem
617 3044 1028 3101 misericordias
1064 3044 1178 3099 Dei.
1236 3044 1305 3098 At
1333 3058 1467 3099 vero
1507 3044 1803 3114 imperator
1846 3059 1956 3099 non

2046 571 2166 617 tens
2187 559 2440 616 eumdem
2471 574 2681 616 amnem
2708 560 2765 615 in
2798 558 2967 613 alium
3000 556 3218 613 alveum
3255 554 3424 613 volvit
3455 568 3620 611 arcus

2048 653 2330 709 mirabiles
2365 653 2644 724 quinque,
2687 659 2741 708 et
2794 650 2924 707 iecit
2968 665 3093 707 eum
3143 649 3457 715 meabilem,
3493 662 3618 704 cum

2047 757 2203 801 antea
2236 747 2447 818 ligneus
2483 744 2667 801 fuerit.

2121 838 2429 895 Tricesimo
2463 848 2662 909 quarto
2697 836 2911 908 imperii
2943 834 3241 893 Iustiniani
3289 848 3435 890 anno
3466 830 3624 888 diﬂ‘ac

2050 940 2259 988 matum
2288 931 2403 1003 (55)
2436 941 2523 987 est
2559 929 2702 1000 apud
2735 927 3275 998 Constantinopolim
3308 923 3453 996 quod
3478 938 3629 979 mor-

2047 1034 2181 1081 tuus
2217 1032 2368 1081 esset
2400 1024 2699 1095 imperator
2731 1038 2746 1076 :
2779 1028 3005 1079 venerat
3038 1019 3186 1076 enim
3237 1034 3265 1074 a
3287 1029 3291 1032 '
3312 1017 3544 1080 Thrace,
3572 1023 3628 1070 et

2051 1116 2323 1174 neminem
2357 1116 2600 1172 videbat.
2638 1115 2785 1187 Ergo
2828 1114 3018 1185 plebes
3047 1127 3285 1184 rapuere
3320 1119 3494 1182 partes
3524 1122 3626 1164 su-

2050 1214 2168 1269 bito
2197 1229 2266 1270 ex
2307 1212 2447 1271 locis
2477 1212 2532 1268 in
2559 1211 2763 1284 quibus
2798 1209 3002 1266 fiebant
3035 1218 3090 1264 et
3122 1206 3533 1273 vendebantur;
3574 1213 3629 1260 et

2050 1306 2197 1362 circa
2227 1304 2421 1362 horam
2454 1304 2674 1360 tertiam
2706 1317 2815 1361 non
2847 1300 3225 1358 inveniebatur
3249 1298 3406 1370 panis
3428 1299 3480 1354 in
3519 1304 3632 1354 tota

2052 1400 2207 1456 urbe.
2238 1399 2439 1456 Clausa
2475 1413 2696 1469 quoque
2747 1404 2877 1452 sunt
2918 1393 3243 1467 ergasteria,
3279 1399 3334 1448 et
3370 1404 3636 1447 susurra-

2051 1472 2148 1550 bat
2187 1490 2474 1565 palatium,
2508 1490 2639 1563 quia
2671 1504 2834 1546 nemo
2858 1504 2924 1545 ex
2963 1495 3160 1544 senatu
3202 1484 3423 1540 videbat
3461 1485 3635 1554 impc-

2052 1593 2295 1639 ratorem
2343 1598 2411 1639 eo
2454 1581 2600 1653 quod
2644 1580 2890 1638 dolorem
2923 1577 3118 1649 capitis
3155 1581 3457 1648 pateretur,
3488 1582 3542 1628 et
3569 1587 3637 1628 ex

2054 1675 2162 1732 hoc
2211 1673 2561 1731 crediderunt
2597 1671 2749 1744 quod
2786 1670 3079 1728 defunctus
3119 1677 3265 1725 esset
3302 1667 3626 1736 imperator.

2056 1769 2271 1826 Interea
2324 1766 2472 1823 circa
2518 1765 2713 1823 horam
2763 1777 2967 1819 nonam
3006 1760 3138 1818 fecit
3183 1766 3408 1816 senatus
3457 1755 3641 1813 consi-

2061 1861 2219 1927 lium,
2260 1867 2316 1916 et
2368 1858 2645 1915 miserunt
2676 1855 3017 1928 praefectum,
3058 1862 3112 1910 et
3147 1851 3399 1908 fecerunt
3427 1847 3639 1904 lumina

2055 1954 2111 2011 in
2144 1963 2260 2010 tota
2287 1953 2448 2020 urbe,
2477 1951 2736 2024 quoniam
2770 1964 2943 2006 sanus
2974 1948 3154 2004 factus
3196 1954 3281 2002 est
3314 1946 3639 2015 imperator,

2056 2045 2241 2104 ethoc
2286 2043 2452 2101 modo
2483 2049 2670 2114 erepta
2699 2048 2783 2098 est
2822 2040 3019 2098 civitas
3053 2054 3082 2094 a
3116 2039 3451 2096 turbatione.
3484 2037 3643 2127 Post:

2056 2148 2223 2205 quam
2275 2140 2459 2188 autem
2502 2146 2672 2187 sanus
2715 2130 2944 2187 etl'ectus
2974 2137 3060 2186 est
3094 2127 3414 2200 imperator,
3454 2125 3635 2199 Enge~

2056 2200 2206 2289 nius,
2251 2223 2344 2294 qui
2412 2223 2594 2279 fuerat
2643 2220 2980 2293 praefectus,
3019 2219 3262 2276 detraxit
3316 2219 3552 2291 Georgio
3585 2228 3641 2274 et
3742 2200 3747 2207 ί

2057 2312 2312 2369 Etherio
2340 2311 2718 2376 curatoribus,
2750 2308 2910 2380 quasi
2946 2308 3255 2366 voluissent
3283 2308 3639 2364 Theodorum

2058 2406 2242 2463 facere
2263 2405 2679 2478 imperatorem,
2710 2403 2885 2459 ﬁlium
2914 2401 3064 2459 Petri
3100 2400 3373 2474 magistri.
3396 2399 3644 2471 Cumque

2057 2498 2256 2557 fuisset
2304 2513 2473 2555 causa
2538 2496 2833 2570 diligenter
2882 2495 3150 2567 inquisita
3215 2502 3270 2551 et
3329 2493 3644 2550 nullatenus

2060 2590 2443 2663 comprobata,
2475 2590 2531 2645 in
2565 2589 2705 2645 iram
2730 2588 2937 2645 cecidit
2959 2586 3312 2659 imperatoris
3344 2585 3642 2656 Eugenius,

2059 2691 2116 2743 et
2150 2685 2347 2741 domus
2374 2681 2497 2753 ejus
2527 2681 2750 2754 publico
2779 2688 2869 2737 est
2900 2679 3033 2737 ﬁsco
3071 2679 3295 2736 collata.
3335 2676 3645 2734 Verumille

2061 2776 2130 2831 ad
2158 2774 2450 2833 ecclesiam
2490 2772 2709 2845 fugiens
2739 2772 2986 2830 salvatus
3015 2778 3120 2828 est.
3149 2770 3314 2827 Facta
3348 2779 3432 2827 est
3459 2778 3642 2827 autem

2063 2867 2372 2923 mortalitas
2404 2874 2560 2922 vasta
2617 2865 2674 2920 in
2707 2863 2906 2921 .Cilieia
2941 2871 2991 2918 et
3025 2862 3318 2919 Anazarbo
3361 2870 3415 2919 et
3451 2862 3645 2917 Antio-

2062 2959 2186 3015 chia
2216 2972 2435 3028 magna,
2473 2971 2685 3020 necnon
2723 2962 2779 3010 et
2811 2963 2971 3009 terra:
3007 2963 3227 3017 motus;
3262 2959 3315 3009 et
3361 2954 3645 3023 congressi

2063 3055 2195 3107 sunt
2245 3047 2514 3103 adversus
2560 3047 2894 3100 alterutrum
2927 3043 3218 3100 orthodoxi
3253 3051 3307 3100 et
3338 3045 3644 3107 Severiani,

376 3138 620 3209 portavit
673 3151 936 3193 coronam
980 3150 1079 3207 per
1132 3135 1494 3207 quadraginta
1549 3135 1690 3199 dies.
1755 3134 1853 3191 sed
1903 3142 2029 3222 Cic
2062 3149 2118 3198 et
2141 3141 2314 3197 multa
2346 3138 2649 3196 homicidia
2695 3136 2839 3193 facta
2864 3145 2995 3194 sunt
3023 3155 3036 3199 ;
3069 3143 3123 3192 et
3154 3136 3648 3207 missoimperator

275 3236 281 3243 “
377 3240 567 3286 sancta
615 3229 824 3286 Christi
877 3228 1167 3283 nativitate
1214 3227 1424 3298 absque
1462 3227 1555 3281 illa
1602 3226 1876 3297 processit
1902 3226 1955 3281 in

373 3319 634 3387 ecclesia;
667 3319 743 3374 ita
782 3327 844 3373 ut
891 3317 1058 3374 etiam
1105 3318 1356 3387 prandia,
1393 3332 1515 3387 quae
1540 3333 1609 3373 ex
1639 3333 1792 3373 more
1823 3316 1962 3371 fiunt

376 3411 436 3468 in
468 3427 664 3467 novem
697 3419 751 3465 et
782 3410 971 3465 decem
1003 3410 1374 3474 accubitibus,
1407 3425 1627 3467 cessare
1654 3409 1879 3474 faceret,
1908 3419 1964 3464 et

380 3507 580 3559 horum
633 3517 907 3574 expensas
965 3503 1156 3573 egenis
1222 3501 1504 3557 tribueret.
1551 3486 1753 3557 Eodem
1814 3515 1962 3556 anno

378 3596 631 3665 ingressa
662 3602 748 3651 est
777 3608 912 3665 gens
941 3592 1265 3666 Byzantium
1297 3593 1602 3662 inopinata,
1644 3606 1836 3648 eorum
1868 3591 1962 3661 qui

383 3689 647 3743 dicuntur
676 3688 923 3753 Avares;
954 3695 1009 3742 et
1058 3692 1172 3740 tota
1212 3684 1409 3739 civitas
1452 3684 1739 3739 concurrit
1766 3682 1835 3738 ad
1877 3682 1965 3737 vi-

380 3778 601 3832 sionem
662 3790 880 3841 eorum,
937 3782 1204 3845 tanquam
1243 3772 1339 3844 qui
1373 3787 1654 3842 nunquam
1723 3771 1966 3828 viderint

380 3876 603 3941 gentem
633 3869 948 3940 bujusmodi
979 3884 993 3920 :
1023 3866 1296 3924 habebant
1313 3864 1464 3921 enim
1491 3880 1678 3921 comas
1697 3873 1962 3933 retortas,

381 3962 630 4033 prolixus
662 3960 842 4027 valde,
896 3960 1112 4016 vinctas
1164 3956 1412 4030 prandiis
1452 3955 1568 4029 (5t)
1626 3966 1788 4026 atque
1835 3972 1963 4028 per-

384 4055 621 4125 plexas;
663 4053 913 4125 reliquus
951 4067 1084 4115 vero
1118 4050 1350 4108 vestitus
1380 4064 1570 4105 eorum
1620 4048 1816 4104 similis
1843 4055 1968 4104 erat.

383 4156 714 4202 ceterorum
740 4144 1092 4199 Hunnorum.
1120 4140 1214 4198 Isti
1246 4140 1522 4211 fugientes
1546 4154 1578 4195 a
1609 4138 1833 4209 regione
1864 4153 1967 4195 sua

384 4243 657 4293 venerunt
684 4236 737 4291 in
760 4242 945 4307 partes
970 4232 1209 4306 Scythia:
1235 4243 1291 4288 et
1321 4230 1528 4304 Mysiae,
1563 4238 1619 4286 et
1648 4229 1970 4288 direxerant

383 4330 453 4384 ad
483 4328 863 4387 Iustinianum
912 4328 1124 4399 legatos
1172 4334 1424 4398 petentes
1463 4334 1524 4380 ut
1570 4327 1967 4396 reciperentur.

457 4421 645 4477 Mundi
670 4435 816 4476 anno
854 4419 1019 4484 605i,
1048 4418 1248 4474 divinae
1278 4416 1680 4473 incarnationis
1706 4415 1832 4479 551,
1863 4414 1971 4471 tri-

2064 3234 2360 3289 Zimarcho
2391 3233 2594 3287 comite
2636 3229 2882 3285 Orientis
2919 3228 3165 3284 inhibuit
3198 3227 3561 3289 inordinatos,
3593 3237 3650 3281 et

2063 3324 2273 3380 multos
2311 3322 2369 3377 in
2420 3320 2679 3377 exsilium
2736 3317 2887 3375 misit
2945 3324 2999 3374 et
3042 3317 3345 3394 publicavit
3379 3331 3443 3372 ac
3477 3331 3649 3372 mem-

2063 3415 2181 3473 bris
2212 3412 2546 3472 debilitavit.

2135 3506 2324 3563 Mundi
2354 3521 2500 3561 anno
2516 3504 2680 3569 605i,
2705 3502 2906 3558 divinae
2929 3502 3330 3558 incarnationis
3355 3516 3502 3557 anno
3521 3500 3650 3564 554,

2065 3599 2347 3655 tricesimo
2371 3598 2566 3668 quinto
2596 3594 2813 3665 imperii
2849 3592 3151 3649 Iustiniani
3200 3607 3346 3649 anno
3374 3603 3534 3662 capta
3565 3601 3654 3646 est

2065 3692 2252 3747 Hebes
2291 3690 2488 3746 civitas
2523 3687 2593 3742 ab
2616 3684 2866 3742 Hunnis:
2901 3692 2955 3741 et
2984 3685 3135 3741 misit
3170 3685 3472 3755 imperator
3501 3682 3651 3739 Mar~

2067 3782 2267 3839 cellum
2298 3779 2625 3851 magistrum
2658 3775 2894 3831 militum
2919 3789 3045 3831 cum
3076 3777 3322 3832 exercitu
3361 3775 3556 3840 multo,
3589 3783 3657 3832 ut

2068 3873 2303 3943 eriperet
2323 3870 2625 3927 civitatem.

2122 3961 2450 4020 ‘Tricesimo
2481 3969 2640 4019 sexto
2679 3962 2896 4030 imperii
2933 3958 3235 4018 Iustiniani
3265 3973 3411 4015 anno
3442 3968 3651 4031 tropaea

2073 4062 2342 4113 venerunt
2393 4068 2424 4109 a
2491 4054 2664 4110 Roma
2712 4052 2906 4110 Narsis
2962 4052 3218 4124 patricii,
3286 4051 3655 4124 significantia

2074 4141 2565 4217 comprehendisse
2626 4142 2782 4199 illum
2842 4143 3008 4199 urbes
3047 4142 3290 4197 munitas
3350 4140 3655 4198 Gothorum

2073 4240 2233 4304 duas,
2257 4236 2532 4292 Veronam
2572 4235 2786 4294 scilicet
2812 4244 2868 4292 et
2898 4234 3169 4290 Brixlam.
3222 4232 3496 4289 Vieesima
3523 4248 3656 4290 vero

2075 4331 2269 4403 quinta
2314 4329 2405 4386 die
2442 4328 2769 4386 Novembris
2808 4329 3019 4384 mensis
3054 4342 3179 4383 sero
3219 4324 3454 4382 insidias
3481 4324 3655 4381 medi-

2079 4423 2178 4480 tati
2230 4430 2363 4478 sunt
2419 4421 2689 4493 quidam,
2752 4431 2814 4477 ut
2876 4419 3194 4477 occiderent
3244 4418 3656 4487 imperatorem.

386 4517 600 4572 cesimo
638 4512 884 4570 secundo
912 4512 1128 4582 imperii
1157 4509 1458 4568 Iustiniani
1482 4526 1630 4568 anno
1656 4508 1966 4566 aedificatus
1999 4526 2045 4583 ο
2077 4516 2249 4571 Erant
2295 4525 2479 4571 autem
2533 4514 2805 4570 Ablabius
2840 4521 2908 4568 ει·
2943 4509 3237 4566 Marcellus
3291 4508 3655 4577 pecuniarum

387 4619 472 4664 est
494 4606 691 4663 trullus
730 4604 939 4676 Magnae
977 4604 1227 4661 ecclesiae
1276 4603 1782 4675 Constantinopoli,
1819 4603 1972 4657 exal-

387 4706 538 4755 tatus
577 4699 702 4771 plus
723 4697 923 4769 viginti
960 4697 1193 4769 pedibus
1246 4697 1305 4752 in
1362 4696 1750 4768 superioribus
1804 4710 1972 4767 supra

386 4792 681 4850 aedilicium
704 4791 851 4865 quod
871 4801 1032 4847 antea
1062 4790 1262 4846 fuerat.

465 4886 773 4944 Tricesitno
800 4886 965 4943 tertio
995 4884 1215 4956 imperii
1242 4884 1328 4942 sui
1355 4899 1502 4943 anno
1531 4884 1704 4956 erepit
1734 4883 1974 4955 impera-

2078 4606 2334 4664 venditor
2379 4613 2435 4662 et
2466 4604 2714 4674 Sergius.
2764 4601 3047 4658 Meditatio
3077 4606 3261 4654 autem
3304 4612 3497 4654 eorum
3540 4608 3661 4652 erat

2080 4696 2398 4770 bujusmodi
2437 4709 2608 4752 :.cum
2647 4694 2856 4752 sederit
2893 4695 2948 4748 in
2983 4691 3230 4747 triclinio
3272 4705 3424 4758 sero,
3474 4687 3660 4761 priuso

2079 4806 2247 4864 quam
2282 4787 2600 4847 discedendi
2638 4785 2865 4842 licentia
2894 4784 3074 4850 detur,
3100 4783 3358 4840 occidant
3381 4797 3532 4849 eum,-
3562 4780 3661 4836 ba-

2081 4884 2280 4941 bentes
2322 4879 2579 4939 homines
2612 4892 2747 4937 suos
2778 4877 2887 4935 sibi
2918 4886 3282 4950 eooperantes
3302 4873 3495 4943 indos,
3535 4872 3662 4930 abs-

1913 5019 2146 5079 NOTAE.

430 5154 439 5159 -
468 5121 578 5196 (34)
609 5120 1060 5196 Ιζταιιὰἱὶεηῐῐίδι.
1084 5118 1243 5196 misc.
1266 5137 1285 5170 ι
1307 5115 1593 5196 Prandeis:
1621 5135 1639 5170 ι
1673 5115 1970 5196 Promqtus

390 5184 500 5250 ms‘.
534 5184 588 5248 in
616 5191 985 5248 Grammatica
1020 5206 1036 5243 :
1077 5208 1096 5242 ι
1143 5188 1453 5244 Prandeum
1479 5187 1681 5243 dicitur
1718 5184 1968 5257 quaedam

389 5279 555 5324 zona.
574 5262 721 5331 quod
751 5264 807 5317 in
828 5260 948 5317 Vita
977 5261 1036 5315 Β.
1055 5260 1228 5315 Alexii
1255 5258 1517 5331 reperies.
1543 5275 1562 5309 ι
1586 5257 1715 5312 Item
1738 5254 1765 5310 ἰ
1803 5275 1823 5309 ι
1861 5254 1968 5308 Fa-

388 5327 710 5405 citergium,
737 5332 941 5405 togilla,
972 5345 1197 5405 mappa,
1232 5327 1814 5405 mappulla,_gausape,
1835 5340 1969 5381 ova-

390 5397 565 5468 rium:
590 5397 854 5468 mensale,
892 5397 1339 5471 manuie'rgium;
1364 5397 1706 5471 'prandcum,
1736 5397 1968 5471 ’_rnant_t-

392 5465 708 5539 mundium,
740 5465 1175 5542 manupiarium:
1220 5489 1239 5523 ι
1275 5465 1599 5542 Anonymus
1641 5468 1698 5542 in
1746 5465 1871 5542 Yita
1905 5465 1966 5522 S.

388 5536 702 5615 Cregoriii
733 5563 753 5596 ι
788 5536 1373 5615 Part'iculasbrandei
1404 5536 1509 5609 (sic
1560 5536 1792 5615 legitur)_
1816 5549 1972 5615 repe-

391 5609 609 5671 rerunt.
640 5614 797 5682 Quod
825 5615 1076 5670 videntes
1103 5611 1264 5680 legati
1290 5609 1795 5682 vehementerirati
1820 5612 1971 5682 sunt,

393 5678 929 5743 tlicentesivdominos
960 5699 1092 5740 suos
1138 5678 1526 5752 pulcherrimis
1580 5678 1764 5752 palliis
1796 5679 1975 5752 abun.

397 5756 558 5824 dare,
584 5772 648 5813 ac
673 5771 769 5828 per
804 5756 913 5828 hoc
946 5749 1324 5828 [tertianorum
1352 5751 1556 5828 vilibus
1582 5749 1975 5828 prandeisnon

400 5817 583 5898 egere.
627 5846 646 5883 ι
676 5817 1094 5900 'Sangallcnsis,
1130 5826 1165 5878 l.
1202 5840 1241 5879 ιι
1278 5823 1356 5879 De
1398 5822 1557 5895 gestis
1589 5817 1782 5878 Caroli
1835 5817 1913 5874 Μ.
1955 5831 1976 5874 :

2084 5131 2107 5166 ι
2146 5112 2395 5179 Cumque
2426 5107 2937 5167 tenuissimasillas
2965 5104 3249 5179 pelligtlas
3273 5098 3663 5179 vel_tenui_9res

2076 5165 2350 5238 braudca's
2372 5165 2663 5248 extrahere
2687 5165 3070 5248 coepissen't.)
3106 5173 3475 5248 Flodoardus,
3511 5165 3660 5248 Hist.

2076 5252 2227 5307 Rern.
2287 5266 2341 5316 ι,
2395 5247 2467 5303 20
2505 5264 2519 5301 :
2560 5266 2580 5301 ι
2629 5242 2843 5313 Corpus
2886 5246 3137 5318 ejusdem
3208 5242 3380 5297 rubeo
3445 5244 3663 5295 constat

2076 5321 2324 5379 hrandeo
2356 5319 2630 5373 indutum.
2671 5337 2692 5372 ι
2733 5318 2901 5374 Ἑωιι.

2148 5375 2654 5463 (35):!)iij‘umatum
2697 5398 2796 5463 est.
2838 5386 3049 5463 Glossaa
3090 5402 3104 5439 :
3137 5401 3165 5463 ξ
3201 5378 3525 5463 διαφημίξω
3552 5375 3663 5463 dif.

2074 5448 2878 5544 fatuo,’dev'ulgozpery‘ulgo.»
2915 5454 3099 5544 ptitur
3125 5448 3407 5544 apuleius.
3443 5448 3505 5544 ξε
3543 5449 3663 5544 Atu-

2075 5518 2362 5604 gustinus,
2398 5518 2471 5584 υἱ
2504 5518 2617 5586 (ἕξις.
2648 5518 2785 5593 Dei,-
2801 5542 2876 5593 γι,
2923 5524 3038 5606 10.:
3080 5541 3100 5576 ι
3145 5518 3280 5577 Tam
3307 5518 3513 5605 grandi.
3546 5518 3661 5587 glo—

2079 5605 2160 5659 ria
2190 5599 2483 5656 diii‘antari.
2524 5617 2544 5652 ι
2576 5597 2910 5654 Anastasius
2957 5592 3281 5649 Bibliothec.
3319 5608 3376 5648 ιιι
3416 5587 3666 5659 Epistula

2080 5678 2146 5749 ad
2179 5671 2475 5728 Martiuum
2514 5669 2688 5749 episc.
2720 5666 2891 5749 Nam.
2928 5684 2994 5749 τ’(
3040 5663 3281 5749 Potu.i_ei
3328 5660 3586 5749 scribere
3601 5671 3667 5712 ac

2078 5744 2432 5872 innotescere
2464 5732 2648 5800 omnia
2693 5755 2817 5812 qua:
2857 5739 2926 5795 dc
2960 5737 3084 5808 ipso
3132 5732 3596 5791 diﬂ'amabantur.
3637 5744 3663 5784 ι

2105 5829 2158 5868 D.
