3906 6226
325 312 454 380 1267

1425 313 1826 374 ANASTASII
1866 313 1941 373 BI
1953 314 2493 378 BLIOTIIECARII

3468 314 3572 383 1368

324 430 578 483 conditos
630 427 683 481 iu
752 424 1069 480 Silentiario
1122 433 1175 479 et
1233 425 1284 478 in
1345 425 1692 496 Archangelo
1740 436 1795 482 et
1842 427 1896 481 in
1929 428 2354 504 AJustinianus
2409 427 2621 496 imperii
2674 427 2758 479 sui
2815 426 3098 482 tricesimo
3162 427 3410 495 septimo
3458 443 3574 486 anno

323 522 529 586 Curru,
567 529 627 574 ut
673 534 797 573 cum
830 519 974 572 facta
1025 518 1192 573 fuerit
1228 519 1585 584 machinatio,
1629 520 1902 575 turbatio.

327 629 448 669 nem
499 612 729 667 faciant.
775 611 950 666 Porro
997 611 1139 666 idem
1188 611 1455 667 Ablabius
1499 613 1664 668 etiam
1705 627 1900 668 aurum

325 706 536 777 accepit
567 721 596 759 a
626 704 887 759 Marcello
930 705 1140 775 argenti
1192 705 1499 769 venditore,
1546 706 1715 760 libras
1741 706 1903 775 quin-

323 807 536 869 gentas,
571 808 630 853 ut
654 797 760 854 sibi
797 806 1211 867 cooperaretur.
1255 795 1363 852 Sed
1392 798 1500 852 Deo
1530 798 1748 853 volente
1769 797 1901 854 fisus

321 897 407 946 est
456 889 722 945 Ablabius
763 888 1004 945 Eusebio
1042 889 1356 955 cxconsuli,
1407 891 1500 959 qui
1547 901 1670 948 crat
1713 905 1902 945 comes

325 983 743 1045 fmderatorum,
796 989 850 1038 et
907 979 1104 1037 Joanni
1171 981 1484 1052 Iogothetaz,
1538 982 1728 1037 dicens
1774 981 1902 1052 quia

325 1074 485 1129 hodie
536 1075 752 1144 vesperi
795 1072 1051 1129 volumus
1098 1073 1488 1145 imperatorem
1525 1075 1772 1144 aggredi.
1798 1074 1900 1141 Qui

321 1182 446 1221 cum
472 1168 576 1222 hoc
607 1168 964 1223 nuntiassent
1005 1167 1354 1237 imperatori,
1391 1168 1567 1220 tenuit
1593 1182 1710 1230 eos,
1735 1174 1790 1221 et
1818 1167 1902 1222 in-

322 1256 470 1312 venit
504 1257 626 1312 illos
658 1255 894 1312 ferentes
920 1256 1278 1312 absconditos
1306 1255 1540 1325 gladios.
1581 1255 1645 1310 Et
1674 1255 1903 1311 Marcel—

323 1350 410 1405 lus
452 1348 676 1420 quidem
724 1350 937 1419 argenti
996 1348 1273 1412 venditor,
1329 1365 1426 1418 spe
1484 1347 1809 1414 frustratus,
1849 1357 1904 1402 et

324 1452 580 1510 exempto
595 1441 777 1511 gladio
793 1456 956 1510 quem
989 1440 1270 1511 portabat,
1301 1440 1451 1496 dedit
1481 1440 1585 1496 sibi
1623 1449 1734 1494 tres
1758 1439 1901 1494 ictas

327 1538 378 1588 in
417 1534 658 1590 triclinio
693 1534 1152 1604 comprehensus,
1185 1541 1238 1588 et
1263 1536 1514 1589 moritur.
1549 1533 1771 1604 Sergius
1801 1547 1903 1587 au-

325 1638 433 1683 tem
471 1627 608 1698 fugit
646 1628 714 1683 ad
755 1626 1113 1692 Blachernas,
1154 1643 1265 1698 quo
1307 1627 1505 1681 educto
1547 1627 1614 1680 ab
1645 1626 1900 1690 ecclesia,

323 1731 379 1775 et
430 1718 818 1789 interrogato,
841 1734 1166 1790 persuasum
1188 1728 1272 1773 est
1304 1718 1354 1774 ci
1391 1719 1639 1772 conﬁteri
1678 1717 1824 1788 quod
1851 1723 1904 1771 et

2007 524 2248 592 perrexit
2299 536 2466 577 causa
2516 520 2789 574 orationis
2845 520 2914 573 ad
2970 518 3370 589 Myrinngelos,
3423 519 3476 573 id
3524 531 3579 576 est

2004 614 2276 675 Germias,
2332 614 2523 668 urbem
2559 611 2808 668 Galatizn.
2856 608 3187 664 Novemltrio
3238 623 3380 664 vero
3416 626 3582 666 mense

2005 704 2254 761 introivit
2298 702 2622 775 Byzantium
2670 702 2906 758 Arethas
2944 700 3216 770 patricius
3257 709 3315 757 et
3340 701 3585 772 princeps

2006 799 2184 854 tribus
2228 796 2658 856 Saracenorum.
2692 795 2874 851 debita
2909 792 3125 849 deferre
3165 793 3503 865 imperatori
3543 797 3586 849 ﬁ-

2006 892 2202 947 liorum
2230 905 2454 946 suorum
2481 889 2652 945 debiti
2689 887 2946 960 gratiam,
2975 896 3037 941 ut
3069 887 3289 942 scilicet
3324 894 3457 956 post
3485 887 3587 945 obi-

2006 991 2119 1037 tum
2149 991 2309 1036 suum
2352 989 2602 1036 tenerent
2635 977 3001 1048 principatum
3031 976 3213 1031 tribus
3253 991 3396 1032 suae.

2077 1075 2382 1130 Tricesimo
2420 1083 2618 1128 octavo
2663 1069 2880 1140 imperii
2911 1068 3214 1124 Iustiniani
3245 1084 3396 1125 anno
3427 1069 3585 1140 Euty-

2006 1170 2166 1226 cbius
2227 1167 2541 1240 patriarcha
2593 1162 3252 1231 Constantinopolitanus
3306 1162 3588 1231 depositus

2005 1270 2090 1319 est
2113 1271 2168 1316 et
2201 1262 2254 1315 in
2286 1258 2543 1315 exsilium
2565 1257 2771 1313 missus
2787 1269 2818 1309 a
2842 1252 3160 1310 Justiniano
3186 1251 3237 1305 in
3265 1250 3582 1315 Amasiam;

2004 1362 2059 1409 et
2099 1353 2279 1408 factus
2323 1360 2408 1407 est
2435 1365 2534 1422 pro
2564 1365 2630 1404 eo
2675 1347 2918 1403 Joannes
2950 1361 3016 1400 ex
3062 1342 3426 1408 scholasticis,
3455 1357 3576 1396 cum

2005 1455 2152 1504 esset
2179 1445 2576 1516 apocrisiarius
2607 1441 2910 1497 Antiochia:
2951 1453 3171 1508 magnae
3210 1445 3267 1491 et
3303 1436 3575 1506 presbyter

2005 1540 2247 1609 ejusdem
2271 1537 2539 1594 ecclesiae.
2579 1535 2782 1590 Eodem
2808 1547 2954 1587 anno
2981 1529 3337 1587 lustinianus
3356 1529 3576 1597 impera-

2009 1643 2092 1690 tor
2130 1632 2198 1687 de
2236 1628 2586 1701 corruptibili
2637 1634 2692 1683 et
2747 1623 3155 1695 incorruptibili
3197 1623 3402 1693 dogma
3449 1636 3582 1675 com-

2007 1740 2256 1788 movens.
2288 1723 2471 1780 edicto
2504 1721 2706 1790 ubique
2738 1719 2920 1774 alieno
2947 1733 2978 1771 a
3014 1717 3220 1787 pietate
3244 1712 3586 1775 transmisso,

326 1811 536 1867 Isacius
560 1812 790 1881 argenti
836 1812 1090 1867 venditor
1117 1819 1172 1865 et
1224 1810 1528 1865 Belisarius
1567 1809 1906 1880 gloriosissi-
1936 1793 1981 1848 Β
2009 1817 2120 1872 Deo
2150 1821 2573 1886 prmoceupante
2614 1812 2912 1867 defunctus
2945 1815 3052 1872 est,
3103 1820 3226 1860 cum
3277 1804 3594 1872 imperasset

327 1919 448 1960 mus
481 1903 746 1974 patricius
777 1903 1037 1958 conscius
1079 1902 1393 1972 hujusmodi
1423 1901 1585 1955 fuerit
1620 1901 1905 1956 machina-

326 1993 517 2058 menti,
563 2000 618 2049 et
649 1992 840 2047 Victus
883 1991 1238 2061 pecuniarum
1290 1990 1552 2045 venditor
1594 1999 1648 2044 et
1699 1989 1906 2044 Paulus

325 2095 549 2142 curator
587 2082 836 2152 ejusdem
881 2081 1133 2137 Belisarii
1181 2081 1469 2136 consilium
1507 2081 1759 2136 scierint.
1802 2081 1905 2147 Qui

326 2175 708 2247 comprehensi
745 2184 801 2231 et
845 2174 1030 2229 traditi
1073 2172 1345 2243 Procopio
1379 2171 1636 2243 prmfecto
1665 2171 1906 2228 confessi

326 2276 475 2333 sunt,
511 2276 564 2323 et
604 2267 864 2322 dixerunt
894 2265 961 2322 de
995 2264 1284 2329 Belisario,
1317 2265 1412 2334 qui
1454 2279 1580 2318 mox
1618 2263 1798 2317 factus
1824 2269 1908 2318 est

329 2360 678 2432 imperatoris
727 2359 832 2415 sub
868 2359 974 2416 ira.
1017 2356 1168 2412 Multi
1219 2372 1348 2412 vero
1373 2365 1428 2411 et
1474 2355 1602 2428 fuga
1639 2356 1723 2412 usi
1755 2364 1904 2412 sunt.

328 2455 539 2510 Interea
565 2454 756 2522 quinta
789 2452 878 2507 die
929 2451 1138 2507 mensis
1198 2450 1507 2506 Decembrii
1558 2451 1688 2505 fecit
1728 2450 1903 2520 impe-

328 2555 479 2602 rator
530 2544 834 2608 silentium,
883 2543 1167 2598 adducens
1217 2550 1270 2596 et
1322 2542 1692 2612 patriarcham
1738 2540 1909 2611 Euty-

327 2638 536 2702 chium.
561 2644 617 2693 et
648 2635 848 2704 iubens
879 2651 1078 2690 eorum.
1106 2635 1328 2689 recitari
1371 2633 1910 2700 ronfessiones.Quo

332 2729 523 2785 audito
569 2727 870 2782 Belisarius
913 2726 1118 2796 ingenti
1149 2735 1235 2780 est
1272 2740 1507 2780 mmrore
1542 2732 1824 2796 gravatus,
1857 2731 1910 2778 et

333 2821 557 2877 mittens
607 2819 909 2889 imperator
953 2817 1372 2886 comprehendit
1415 2832 1606 2872 omnes
1661 2817 1909 2872 homines

331 2912 473 2980 ejus,
518 2918 574 2966 et
625 2911 805 2980 ipsum
851 2908 1002 2964 domi
1046 2907 1238 2964 sedere
1291 2909 1554 2978 praecepit
1598 2908 1912 2964 custodien-

332 3005 487 3082 dum.
531 3000 748 3057 Interea
772 3015 964 3056 mense
998 2998 1350 3064 Derembrio,
1382 2999 1646 3054 vicesima
1678 3001 1786 3066 die,
1825 3000 1910 3054 fa-

333 3105 420 3150 cta
445 3103 575 3150 sunt
603 3094 848 3150 encania
886 3092 1364 3162 Constantinopoli
1411 3091 1627 3163 Magnae
1659 3091 1909 3147 ecclesiae.

334 3185 595 3243 secundo.
636 3185 806 3241 Porro
836 3185 1040 3255 vigilia:
1077 3185 1393 3238 earumdem
1427 3183 1796 3238 encaaniorum
1830 3182 1910 3235 fa-

333 3290 433 3335 ctae
472 3286 602 3334 sunt
627 3279 771 3348 apud
806 3276 864 3330 S.
899 3277 1206 3352 Platonem,
1237 3283 1288 3328 et
1319 3275 1487 3329 exivit
1519 3274 1644 3328 inde
1670 3275 1910 3344 patriar-

335 3373 439 3425 cha
461 3368 1011 3437 Constantinopoleos
1050 3366 1352 3437 Eutychius
1383 3381 1509 3420 cum
1551 3366 1749 3421 letania
1772 3381 1911 3436 prae—

335 3473 488 3519 sente
510 3464 863 3532 imperatore,
893 3459 1092 3516 sedens
1122 3462 1174 3513 in
1207 3459 1396 3513 eodem
1426 3457 1675 3515 vehiculo
1699 3465 1754 3512 et
1783 3473 1912 3528 por-

335 3567 460 3612 tans
541 3554 905 3624 apostolicum
972 3552 1214 3607 habitum
1272 3560 1328 3607 et
1385 3559 1583 3607 tenens
1658 3560 1906 3608 sanctum

335 3650 713 3721 Evangelium,
759 3648 976 3703 cunctis
1014 3646 1420 3718 psallentibus:
1461 3646 1654 3702 Tollite
1702 3654 1905 3716 portas.

338 3741 536 3798 Eodem
569 3755 754 3796 mense
780 3745 956 3809 capta:
983 3747 1113 3794 sunt
1145 3738 1392 3808 quaedam
1435 3746 1621 3809 partes
1649 3738 1850 3801 Africa:
1877 3753 1909 3793 a

337 3833 655 3890 Mauritanis
712 3831 1126 3901 insurgentibus
1181 3832 1448 3887 adversus
1483 3830 1730 3886 Africam
1780 3833 1905 3886 ita:

333 3927 596 3983 Cutzinas
654 3925 874 3980 nomine
903 3923 1126 3994 quidam
1162 3938 1229 3978 ex
1275 3925 1391 3994 ipsa
1431 3934 1591 3993 gente
1633 3923 1909 3979 exarchus

333 4020 766 4075 Mauritanorum
814 4017 1051 4073 habebat
1094 4017 1550 4073 consuetudinem
1604 4015 1908 4086 accipiendi

333 4132 362 4168 a
398 4113 644 4184 principe
701 4110 920 4179 Africae,
963 4110 1058 4179 qui
1105 4124 1204 4178 per
1253 4120 1470 4178 tempus
1508 4116 1648 4175 erat,
1697 4115 1904 4164 certam

332 4206 692 4276 quantitatem
719 4203 860 4258 auri.
897 4203 1034 4256 Cum
1063 4212 1243 4256 autem
1283 4203 1524 4257 venisset
1552 4210 1610 4256 ut
1635 4202 1907 4272 acciperet

332 4298 489 4363 illud,
529 4293 772 4351 Joannes
797 4294 1056 4363 princeps
1098 4291 1295 4347 Africae
1317 4291 1519 4347 occidit
1557 4308 1702 4359 eum.
1736 4291 1906 4348 Porro

332 4391 755 4445 insurrexerunt
806 4385 901 4438 lilii
946 4381 1192 4439 Cutz’tna:
1241 4383 1588 4438 vindicantes
1617 4394 1902 4454 paternum

329 4494 635 4554 acceptum,
688 4488 744 4536 et
782 4477 951 4536 erecti
1031 4483 1224 4531 contra
1277 4473 1427 4528 illam
1483 4482 1746 4544 ceperunt
1781 4473 1904 4544 ejus

331 4585 514 4647 partes
550 4576 764 4645 aliquas
799 4572 1194 4642 deprsedantes.
1247 4568 1548 4636 Imperator
1588 4566 1774 4636 itaque
1801 4568 1904 4621 hoc

283 4697 296 4710 ν
327 4669 514 4742 agnito
552 4668 701 4725 misit
740 4667 794 4722 in
824 4665 1087 4720 auxilium
1120 4661 1315 4717 Africa:
1336 4658 1675 4715 Marcianum
1717 4659 1904 4731 magi-

328 4773 503 4819 strum
521 4761 1046 4829 militum,nepotem
1078 4768 1262 4820 suum,
1285 4769 1410 4808 cum
1440 4751 1685 4808 exercitu
1713 4752 1778 4806 ad
1807 4767 1904 4822 pa-

327 4856 631 4915 cificandos
651 4854 869 4909 Mauros
895 4870 912 4913 ;
943 4861 998 4906 et
1027 4849 1414 4905 conﬂuxerunt
1435 4847 1502 4902 ad
1541 4861 1689 4912 eum,
1713 4845 1904 4915 sicque

329 4966 462 5022 pace
495 4948 663 5020 potita
705 4957 787 5001 est
813 4946 1018 5000 Africa.
1053 4944 1257 4998 Eodem
1281 4943 1744 5012 annoimpcrator
1775 4940 1900 5009 quiv

330 5042 557 5098 busdam
587 5036 928 5094 turbationes
958 5033 1437 5103 Constantinopoli
1467 5033 1900 5093 concitantibus,

329 5137 553 5206 pollices
600 5127 837 5186 abscidit
874 5143 1063 5183 eorum
1119 5126 1388 5180 duntaxat.
1417 5126 1506 5196 qui
1549 5140 1670 5179 eum
1706 5124 1905 5196 gladiis

327 5235 728 5304 pugnaverunt.
773 5224 1141 5281 Nonadecima
1191 5238 1322 5275 vero
1353 5223 1441 5276 die
1474 5223 1650 5276 Martii
1697 5221 1903 5276 mensis

329 5326 606 5381 admissus
629 5330 714 5377 cst
753 5319 1053 5376 Bclisarins
1086 5316 1352 5388 patricius
1379 5317 1615 5385 receptis
1644 5315 1903 5370 onmibus

329 5416 687 5486 dignitatibus
743 5414 881 5470 suis.
948 5413 1149 5468 Eodem
1205 5425 1350 5464 anno
1412 5415 1680 5464 venerunt
1740 5407 1901 5477 legati

332 5507 532 5561 Ascelti
562 5508 709 5575 regis
729 5507 1246 5571 Ermechionorum,
1276 5502 1614 5574 qui.positus
1645 5509 1728 5557 est
1757 5501 1901 5556 intra

329 5596 696 5652 Barbarorum
739 5609 954 5665 gentem
992 5601 1147 5671 juxta
1177 5598 1481 5663 Oceanum,
1512 5593 1902 5650 Constantino-

331 5691 518 5762 polim.

397 5785 583 5844 Mundi
610 5795 755 5834 anno
775 5783 930 5842 6056.
958 5789 1153 5846 divinm
1186 5785 1578 5844 incarnationis
1604 5797 1746 5840 anno
1776 5783 1899 5852 556,

2009 1909 2231 1981 triginta
2290 1914 2418 1962 octo
2481 1903 2663 1968 annis,
2722 1900 3012 1957 mensibus
3047 1906 3256 1969 septem
3299 1904 3358 1950 et
3401 1894 3597 1949 diebus

2008 2003 2293 2069 tredecim,
2323 2011 2376 2056 et
2406 1999 2639 2055 ellicitur
2681 1997 2846 2068 hujus
2891 2001 3182 2049 suecessOr
3206 1989 3465 2044 Justinus
3493 2001 3592 2041 cu-

2007 2097 2308 2166 ropolates.
2355 2093 2559 2148 Eodem
2608 2105 2754 2145 anno
2801 2083 3176 2144 leeodosiani
3222 2091 3278 2138 et
3320 2078 3594 2150 Gajanita

2009 2191 2152 2260 apud
2208 2185 2599 2243 Alexandriam
2650 2183 2929 2238 :edilicare
2990 2182 3280 2246 cmperuut
3326 2173 3594 2230 concilia-

2009 2283 2159 2346 bula,
2191 2287 2242 2334 et
2270 2276 2628 2347 praevalentes
2656 2272 2928 2342 Gajanitre
2952 2270 3278 2342 episcOpum
3315 2263 3429 2321 sibi
3467 2279 3594 2319 eon-

2008 2374 2366 2426 secraverunt
2390 2364 2702 2435 Helpidium
2725 2360 3182 2416 archidiaconum
3209 2371 3374 2413 suum
3397 2373 3413 2422 ;
3435 2368 3598 2424 quem

2010 2464 2310 2534 imperator
2340 2461 2583 2516 vinctum
2633 2455 2824 2512 venire
2858 2451 3139 2523 praecepit.
3168 2450 3436 2519 Cumque
3457 2448 3600 2503 veni-

2009 2565 2094 2611 ret
2143 2570 2240 2625 per
2290 2551 2512 2623 Segrin,
2552 2559 2803 2606 mortuus
2848 2556 2951 2606 est.
3006 2545 3180 2600 Porro
3224 2541 3601 2598 Theodosiani

2015 2647 2344 2704 Dorotheum
2363 2643 2579 2700 occulte
2598 2650 2770 2699 noctu
2795 2641 3109 2712 episcopum
3145 2636 3252 2691 sibi
3289 2635 3596 2689 ordinave—

2013 2745 2164 2801 runt,
2199 2737 2330 2792 etin
2366 2751 2536 2790 unum
2567 2732 2947 2789 convenientes
2975 2737 3083 2782 tam
3112 2724 3389 2795 Gajanitze
3418 2737 3591 2792 quam

2013 2830 2379 2886 Theodosiani
2417 2841 2769 2890 communem
2808 2824 3120 2895 episcopum
3163 2817 3270 2873 sibi
3313 2813 3597 2870 inthroni-

2012 2930 2298 2978 laverunt.
2341 2919 2640 2991 Cujusdam
2680 2927 2863 2974 autem
2903 2914 3116 2970 abbatis
3173 2911 3411 2966 barbam
3459 2907 3599 2977 pelle

2015 3024 2069 3070 et
2107 3029 2276 3070 carne
2322 3011 2771 3068 decorisverunt.
2816 3008 3024 3062 Taliter
3073 3005 3468 3060 haereticorum
3504 3000 3595 3054 de—

1936 3142 1978 3199 C
2017 3108 2219 3164 mentia
2261 3121 2450 3176 gerere
2487 3104 2801 3168 consuevit,
2828 3102 2971 3156 adeo
3007 3108 3067 3154 ut
3105 3114 3169 3155 ea
3198 3112 3322 3168 qua:
3355 3108 3594 3167 pagano-

2013 3215 2134 3255 rum
2166 3207 2296 3254 sunt
2327 3198 2607 3253 multoties
2639 3204 2958 3266 operentur.

2085 3288 2269 3344 Mundi
2292 3304 2438 3344 anno
2470 3285 2638 3354 6058,
2654 3286 2853 3341 divinae
2882 3280 3276 3339 incarnationis
3294 3292 3440 3332 anno
3456 3276 3581 3340 558,

2012 3380 2254 3435 Joannes
2300 3377 2560 3432 Romanae
2601 3384 2799 3447 praeest
2827 3371 3382 3429 Ecclesialustinus
3412 3367 3582 3436 impe-

2014 3480 2120 3537 rat,
2154 3486 2323 3541 nepos
2361 3470 2681 3534 Justiniani,
2711 3474 3015 3522 coronatus
3043 3481 3074 3520 a
3109 3465 3319 3541 J'oanne
3350 3461 3586 3532 patriar-

2013 3564 2136 3619 cha.
2165 3539 2298 3617 Erat
2331 3569 2514 3616 autem
2543 3560 2768 3615 natione
2789 3539 3406 3628 Thrax,magnanimus
3432 3561 3595 3620 atque

2012 3657 2078 3711 ad
2123 3655 2306 3712 omnia
2344 3668 2594 3724 prosper.
2619 3651 2866 3707 Habebat
2897 3659 3080 3705 autem
3119 3656 3176 3703 et
3210 3661 3439 3701 uxorem
3482 3643 3591 3696 ὃοο

2014 3749 2198 3819 phiam
2223 3749 2465 3814 nomine,
2497 3761 2661 3818 quam
2697 3753 2754 3800 et
2782 3743 3072 3800 coronavit
3103 3743 3435 3811 Augustam.
3460 3739 3593 3792 Cum

2013 3850 2196 3896 autem
2235 3849 2384 3896 esset
2411 3838 2567 3908 pius,
2605 3837 2896 3893 adornavit
2939 3834 3207 3890 ecclesias
3237 3848 3382 3902 quas
3427 3830 3594 3886 Justi-

2014 3929 2217 3983 nianus
2252 3925 2647 3990 zedificaver’at,
2678 3932 2790 3978 tam
2837 3922 3095 3978 videlicet
3132 3921 3386 3989 Magnam
3415 3919 3592 3974 eccle-

2012 4024 2152 4080 siam
2187 4030 2242 4079 et
2270 4029 2495 4078 sanctos
2529 4020 2811 4091 apostolos
2843 4035 3011 4089 quam
3049 4017 3190 4073 alias
3240 4015 3516 4072 ecclesias
3541 4020 3594 4067 et

2013 4114 2376 4181 monasteria,
2417 4114 2632 4170 donans
2665 4114 2748 4170 eis
2779 4112 3074 4167 thesauros
3100 4119 3148 4165 et
3183 4124 3410 4164 omnem
3455 4107 3592 4162 redi-

2010 4219 2123 4264 tum
2152 4226 2167 4276 ;
2198 4215 2426 4279 eratque
2455 4206 2798 4262 orthodoxus
2830 4203 3009 4267 valde,
3041 4202 3262 4259 etmisit
3294 4201 3591 4254 Photinum

2009 4303 2367 4370 monachum,
2413 4302 2726 4372 privignum
2767 4299 3017 4355 Belisarii
3075 4295 3320 4367 patricii,
3350 4295 3496 4350 dans
3541 4295 3591 4348 ei

2011 4403 2336 4468 potestatem
2388 4402 2579 4449 contra
2632 4408 2848 4448 omnem
2894 4405 3211 4462 personam,
3251 4398 3310 4443 ct
3361 4401 3587 4440 causam

1935 4503 1980 4558 ι)
2011 4489 2336 4560 pacilh-andi
2383 4486 2663 4542 Ecclesias
2683 4486 2969 4541 universas
2997 4482 3218 4554 Egypti
3249 4491 3309 4536 ct
3354 4483 3586 4536 Alexan-

2007 4584 2162 4639 driae.

2083 4675 2340 4732 Secundo
2381 4689 2528 4730 anno
2563 4672 2780 4742 imperii
2813 4669 3012 4726 .lustini
3058 4668 3348 4724 Etherius
3389 4677 3448 4722 et
3479 4668 3586 4719 Au-

2009 4769 2154 4833 dius,
2209 4784 2272 4822 ac
2303 4767 2550 4822 medicus
2607 4766 2698 4836 qui
2759 4779 2885 4819 cum
2948 4763 3084 4832 ipsis
3143 4774 3286 4823 erat,
3345 4759 3583 4814 insidiati

2009 4857 2339 4914 sunteidem
2371 4857 2687 4926 imperatori
2722 4853 2979 4920 Iustino;
3027 4855 3119 4923 qui
3159 4852 3367 4922 cogniti
3416 4853 3583 4904 inter-

2011 4952 2138 5007 fecti
2175 4960 2304 5005 sunt
2331 4948 2535 5020 gladio.
2570 4948 2771 5002 Eodem
2821 4963 2969 5002 anno
3011 4945 3219 5015 Agatho
3253 4945 3582 5005 monachus,

2010 5043 2184 5098 frater
2239 5041 2562 5112 Apollinarii
2629 5041 2872 5110 episcopi
2926 5036 3305 5100 Alexandrini,
3359 5037 3585 5090 veniens

2011 5135 2402 5190 Alexandriam
2444 5149 2729 5187 sermones
2775 5133 3089 5194 habiturus,
3130 5135 3183 5183 et
3226 5129 3583 5186 Eustochium

2010 5229 2365 5291 monachum,
2397 5225 2487 5296 qui
2513 5241 2746 5296 magnus
2776 5236 2895 5278 erat
2915 5233 2969 5278 et
2995 5237 3320 5278 mconomus
3348 5222 3583 5275 Alexan-

2009 5320 2163 5385 driae,
2195 5319 2461 5374 custodiae
2494 5317 2846 5387 mancipavit,
2872 5316 2966 5384 qui
3013 5329 3106 5382 per
3139 5320 3348 5366 tectum
3371 5312 3578 5383 fugiens

2011 5413 2158 5466 venit
2185 5410 2534 5482 Byzantium,
2567 5409 2808 5464 Macario
2843 5417 2973 5464 tunc
3015 5407 3250 5461 factione
3302 5407 3465 5477 pulso
3491 5418 3576 5456 ec-

2010 5505 2199 5570 clesia,
2233 5514 2288 5558 et
2316 5511 2673 5583 consecratus
2703 5512 2789 5557 est
2845 5501 3172 5556 Eustochins
3204 5514 3308 5570 pro
3349 5495 3579 5553 Macario

2007 5595 2300 5666 episcopus
2324 5594 2738 5664 Hierosolymis.

2080 5686 2265 5744 Tertio
2319 5689 2534 5758 imperii
2580 5687 2778 5744 Justini
2839 5703 3004 5750 anno,
3060 5685 3350 5741 accersitis
3385 5682 3577 5753 Saphia

2009 5782 2256 5855 piissima
2305 5784 2544 5854 Augusta
2582 5783 2935 5852 pecuniarum
2989 5779 3366 5836 venditoribus
3395 5785 3447 5832 et
3481 5789 3574 5828 no-
