3950 6234
376 356 513 427 1Ξ69
980 359 992 386 ’

1150 376 1517 445 HISTORIA
1557 386 2136 459 ECCLESIASTICA
2185 401 2289 463 EX
2327 403 2809 471 THEOPHANE.

3492 413 3649 479 ιρτοι

371 472 552 540 tariis,
575 474 748 545 jussit
775 478 977 537 deferri
999 487 1283 546 cautiones
1304 492 1614 551 debitorum
1647 512 1702 556 ct
1733 501 1947 568 breves.
1978 518 2021 574 Α
2055 510 2421 584 depopulatus
2455 525 2541 574 est
2573 520 2759 576 omnia
2791 535 2915 592 quae
2941 520 2996 578 in
3031 522 3280 592 partibus
3312 524 3419 585 illis
3447 543 3643 590 erant-

373 567 570 592 _..:.._-
601 569 752 592 .-μμ
785 586 901 592 -___
951 577 985 592 .-
1021 578 1035 592 .
1467 588 1481 592 _
1546 589 1555 592 ,

370 567 572 638 quibus
601 569 756 628 lectis
782 577 992 647 accepit
1021 578 1232 649 breves,
1262 594 1318 638 et
1352 588 1584 656 praebuit
1616 607 1711 649 cos
1741 596 1948 653 debito-

369 662 546 728 ribus,
570 672 626 719 et
651 663 1145 729 reddiditdominis
1174 676 1311 745 suis,
1341 689 1395 735 et
1418 682 1636 740 laudata
1667 694 1752 742 est
1777 704 1947 761 super

371 756 473 809 hoc
523 771 857 830 magnopere
902 762 971 817 ab
1015 767 1274 824 universa
1317 772 1561 831 civitate.
1610 756 1945 840 Enstochius

367 856 573 915 autem,
616 849 902 921 ingressus
954 853 1422 932 Hierosolymam,
1497 881 1605 922 non
1670 864 1944 930 audienda

365 947 558 993 contra
606 941 1008 1012 Apollinarium
1058 957 1117 1004 et
1147 953 1489 1020 Agathonem
1541 969 1596 1015 et
1640 960 1940 1021 Macarium

367 1046 521 1088 novre
566 1032 763 1090 Laurae
819 1040 1119 1099 monachos
1169 1046 1449 1114 excitavit,
1493 1056 1768 1113 mentiens
1818 1059 1941 1117 illos

363 1123 727 1191 Origenistas.
753 1127 820 1184 Et
851 1129 975 1187 ideo
1003 1133 1195 1203 pulsus
1221 1149 1324 1205 est,
1348 1150 1400 1197 ct
1436 1142 1633 1202 iterum
1650 1151 1940 1211 restitutus

361 1222 448 1271 est
487 1215 759 1280 Macarius
795 1221 849 1278 in
876 1223 1075 1282 throno
1105 1244 1231 1285 suo.

430 1308 639 1374 Quarto
700 1311 917 1386 imperii
975 1316 1184 1377 Justini
1227 1339 1373 1382 anno
1419 1343 1616 1390 rursus
1665 1331 1937 1399 Macarius

366 1394 764 1474 Hierosolymis
815 1408 1106 1478 praefertur
1138 1415 1457 1490 episcopus,
1500 1434 1553 1479 et
1594 1425 1936 1488 Alexandria:

357 1489 597 1551 Joannes
627 1496 859 1556 habetur
893 1506 1144 1565 antistes.

426 1585 637 1652 Quinto
664 1590 877 1665 imperii
902 1595 1108 1657 Justini
1140 1618 1308 1672 anno,
1339 1622 1465 1664 cum
1504 1627 1739 1685 magnus
1786 1619 1934 1675 Ana-

355 1678 560 1736 stasius
606 1682 984 1746 Antiochenus
1027 1693 1324 1765 episcopus
1370 1703 1818 1770 reprehendisset
1875 1711 1930 1766 in

352 1768 641 1841 rescriptis
688 1776 1079 1845 synodicorum
1109 1781 1375 1843 Joannem
1419 1768 1934 1869 Constantinopoli-

2052 600 2269 661 Tenens
2296 616 2478 664 autem
2511 626 2606 667 rex
2632 613 2838 671 Aretha
2863 624 3031 686 caput
3066 614 3296 686 Juliani,
3329 628 3380 675 et
3414 621 3553 679 dans
3578 625 3653 680 eis

2050 695 2203 762 pacis
2237 700 2514 772 osculum,
2546 703 2758 760 dimisit
2791 720 2917 761 eum
2955 706 3010 762 in
3038 707 3206 763 multa
3249 709 3650 768 benevolentia.

2047 788 2345 862 multisque
2374 795 2717 853 muneribus.
2747 795 2920 855 Porro
2947 790 3198 857 facta’est
3221 811 3276 859 et
3304 804 3409 859 alia
3441 819 3626 871 causa,

2045 894 2168 949 qua:
2223 885 2464 941 turbavit
2517 887 2826 946 Cbosroen.
2885 890 3069 949 llanni
3113 895 3314 967 quippe
3358 912 3457 969 per
3492 897 3627 954 illud

2045 981 2285 1045 tempus,
2317 992 2457 1048 quos
2488 978 2702 1038 Turcos
2731 983 2917 1041 dicere
2957 987 3369 1056 consuevimus,
3397 988 3626 1063 legatio-

2044 1079 2166 1121 nem
2195 1066 2441 1140 dirigunt
2472 1070 2539 1126 ad
2574 1068 2874 1140 Justinum,
2905 1080 3005 1147 per
3024 1073 3323 1135 Alanorum
3346 1080 3623 1152 regionem

2043 1157 2344 1215 mittentes.
2377 1162 2496 1218 Hoc
2516 1163 2719 1223 timens
2744 1165 3021 1225 Cbosroes
3041 1171 3453 1227 excusationem
3484 1188 3626 1244 prte-

2039 1249 2317 1318 tendebat,
2366 1254 2719 1314 rebellionem
2766 1258 3155 1318 Armeniorum
3213 1262 3268 1319 in
3311 1281 3371 1321 se
3423 1266 3620 1322 factam

2040 1355 2141 1411 per
2168 1356 2475 1411 accessum,
2530 1364 2640 1420 quo
2695 1349 2914 1409 Justino
2974 1352 3342 1412 adhaeserant.
3406 1356 3515 1415 Sed
3568 1367 3624 1415 et

2038 1432 2303 1506 profugos
2338 1440 2641 1510 repetebat.
2669 1441 3030 1514 Impendebat
3058 1446 3206 1502 enim
3248 1445 3621 1504 Romanorum

2038 1523 2343 1597 imperator
2402 1545 2500 1601 per
2560 1533 2810 1605 singulos
2852 1549 3031 1592 annos
3078 1538 3409 1610 quingentas
3450 1540 3622 1597 libras

2036 1617 2179 1682 auri,
2214 1625 2274 1672 ut
2302 1629 2504 1688 castra,
2531 1637 2653 1694 qua:
2681 1623 2801 1682 loco
2830 1626 3081 1697 proxima
3110 1637 3291 1698 erant,
3316 1628 3496 1687 Persa:
3520 1645 3620 1685 cu-

2034 1708 2336 1780 stodirent,
2367 1730 2436 1771 ne
2465 1714 2730 1786 ingressae
2757 1727 2950 1789 gentes
2976 1726 3267 1794 utramque
3299 1738 3413 1779 rem
3440 1725 3622 1796 publi-

2034 1817 2153 1859 cam
2191 1804 2564 1877 destruerent,
2613 1813 3113 1885 communibusque
3167 1815 3482 1888 sumptibus
3527 1833 3622 1872 ca-

1792 1866 1807 1869 ψ
2549 1866 2563 1877 ι
2788 1866 2819 1868 νε
2846 1866 2853 1868 ~
2882 1866 3111 1885 *ννέντιν⁷
3167 1866 3479 1888 ----“ι-’-·*”*
3532 1866 3591 1872 ’⁷-

355 1869 564 1928 tanum,
591 1866 684 1937 qui
719 1881 1145 1932 consecraverat
1176 1875 1443 1938 Joannem
1466 1884 1918 1959 Alexandrinum,
1956 1909 1997 1965 η
2026 1895 2186 1952 stella
2220 1898 2637 1957 muniebantur.
2669 1902 2739 1957 At
2766 1918 2900 1959 vero
2922 1902 3177 1963 Justinus
3207 1922 3397 1977 pacem
3422 1908 3621 1964 dissol-

355 1955 401 1977 nl
448 1949 549 1977 Ιειυί
604 1967 919 1977 --_.-_--__._
962 1975 969 1977 ξ
1040 1961 1054 1977 ι
1268 1975 1277 1977 _
1361 1968 1376 1977 .
1536 1973 1547 1977 _
1619 1973 1632 1977 _

351 1955 407 2002 et
446 1949 550 2007 hoc
601 1967 929 2016 consecrato
961 1961 1157 2032 pulsus
1200 1975 1284 2022 est
1327 1968 1397 2025 ab
1434 1973 1669 2030 ecclesia
1709 1992 1807 2032 sua
1831 1994 1930 2051 per

322 2040 785 2113 indignationem
831 2048 1059 2122 Justini,
1090 2062 1144 2112 et
1187 2058 1480 2119 ordinatus
1508 2074 1591 2121 est
1623 2040 1926 2139 Gregorius

352 2136 652 2193 monachus
701 2150 757 2197 et
812 2145 1210 2214 apocrisiarius
1250 2156 1568 2211 mOuasIerii
1625 2136 1924 2231 Byzantio-

348 2238 494 2280 rum.
1640 2260 1647 2264 ’

419 2317 586 2376 Sexto
614 2320 827 2393 imperii
873 2324 1079 2384 Justini
1130 2345 1276 2389 anno
1306 2332 1509 2395 Narses
1553 2338 1927 2402 cubicularius

346 2417 400 2463 et
436 2414 913 2485 protospatharius
947 2419 1185 2481 dilectus
1233 2426 1582 2499 imperatoris
1613 2440 1925 2494 construxit

343 2501 565 2560 domum
587 2504 780 2566 Narsis
806 2519 857 2567 et
892 2518 1289 2574 monasterium
1320 2520 1706 2583 Catharorum.

416 2592 663 2666 Septimo
697 2603 914 2674 imperii
954 2603 1157 2663 Justini
1203 2624 1350 2668 anno
1383 2614 1611 2672 Romani
1644 2632 1707 2674 ac
1742 2618 1921 2681 Persae

340 2703 528 2757 pacem
559 2706 947 2767 corruperunt,
967 2708 1023 2757 et
1050 2700 1249 2758 iterum
1280 2702 1557 2763 Persicum
1597 2720 1917 2767 renovatum

339 2788 426 2835 est
462 2782 661 2840 bellum
692 2803 759 2843 eo
787 2792 933 2860 quod
987 2790 1280 2851 llomerita:
1328 2798 1444 2853 indi
1490 2799 1815 2870 legationem
1851 2804 1918 2858 ad

342 2869 619 2933 Romanos
668 2880 940 2950 miserint,
982 2893 1035 2938 et
1082 2885 1381 2955 imperator
1428 2869 1704 2947 Julianum
1740 2895 1916 2966 magi-

337 2967 611 3022 striamun
660 2986 783 3026 cum
823 2988 977 3028 sacra
1032 2975 1395 3032 destinaverit
1431 2982 1497 3035 ad
1529 2981 1786 3038 Aretham
1830 3001 1916 3041 re-

336 3078 457 3133 gem
490 3062 817 3137 [Ethiopum
850 3082 948 3138 per
981 3067 1164 3125 Nilu'a
1197 3069 1425 3127 ﬂuvium
1477 3074 1545 3130 ab
1584 3075 1915 3137 Alexandria

335 3165 391 3210 ct
420 3156 607 3214 Indico
647 3161 809 3226 mari,
863 3160 954 3230 qui
1005 3171 1260 3233 receptus
1306 3173 1392 3223 est
1435 3167 1504 3223 ab
1543 3169 1744 3226 Aretba
1788 3186 1916 3243 rege

338 3265 463 3303 cum
503 3251 703 3322 gaudio
747 3253 941 3321 multo,
988 3264 1276 3326 appetente
1309 3257 1569 3314 nimirum
1612 3263 1909 3319 amicitiam
1939 3250 1986 3311 C

336 3337 708 3398 Romanorum
754 3345 1123 3415 imperatoris.
1169 3346 1479 3408 Enarrabat
1526 3361 1730 3421 autem,
1785 3373 1908 3413 cum

333 3431 613 3501 rediisset,
670 3436 810 3493 idem
863 3435 1139 3506 Julianus,
1190 3443 1339 3513 quod
1379 3446 1602 3515 quando
1641 3451 1911 3521 receperit

333 3534 457 3575 eum
492 3538 586 3580 rex
628 3525 862 3583 Arethas
904 3528 1088 3585 nudus
1118 3543 1285 3598 esset,
1318 3531 1523 3591 habens
1548 3537 1754 3593 circum
1792 3540 1910 3595 cin-

332 3622 541 3671 cturam
566 3625 621 3673 et
649 3618 703 3680 in
726 3619 931 3677 lumbis
955 3621 1101 3676 linea
1121 3622 1446 3680 vestimenta
1473 3641 1606 3683 auro
1628 3639 1905 3696 contexta,

330 3708 477 3766 circa
503 3720 750 3769 ventrem
784 3728 915 3769 vero
939 3714 1194 3784 portabat
1228 3716 1542 3774 indumenta
1574 3721 1749 3778 scissa
1780 3740 1905 3778 cum

330 3802 644 3873 margaritis
672 3805 958 3875 pretiosis,
980 3814 1035 3861 et
1067 3805 1120 3860 in
1155 3805 1394 3865 brachiis
1419 3810 1618 3879 quinos
1642 3808 1903 3882 circulos,

327 3899 383 3946 et
411 3894 657 3953 armillas
698 3909 895 3953 aureas
930 3896 983 3951 in
1033 3896 1289 3954 manibus
1317 3900 1456 3965 suis,
1494 3901 1548 3956 in
1590 3904 1773 3976 capite
1804 3922 1905 3961 au-

327 3993 434 4039 tem
469 4000 708 4056 pannum
746 3998 1099 4060 geminatum,
1129 3989 1422 4049 habentem
1462 4008 1527 4049 ex
1562 4005 1797 4067 utroque
1829 3998 1899 4054 li-

328 4087 585 4147 gamento
636 4082 842 4151 plectas
899 4090 1159 4152 quatuor,
1196 4093 1251 4140 et
1289 4091 1539 4157 torquem
1576 4104 1805 4146 aureum
1848 4093 1902 4150 in

326 4168 467 4224 collo
495 4184 619 4238 suo,
640 4179 695 4226 et
720 4172 901 4228 stabat
920 4188 1086 4245 super
1108 4182 1347 4246 quatuor
1374 4179 1712 4250 elephantes,
1747 4191 1901 4240 stan-

325 4270 409 4318 tes
453 4272 508 4318 et
550 4264 815 4322 habentes
840 4265 1035 4337 jugum
1076 4276 1130 4324 et
1155 4278 1305 4327 rotas
1340 4279 1595 4343 quatuor,
1637 4284 1692 4333 et
1735 4292 1899 4349 supe—

326 4353 443 4408 rius
478 4361 537 4409 ut
563 4368 782 4412 currum
817 4359 1121 4424 excelsum,
1168 4362 1410 4417 velatqu
1447 4367 1645 4435 petalis
1687 4370 1899 4437 aureis,

325 4452 385 4498 ut
423 4454 554 4501 sunt
584 4449 893 4519 principatu:
934 4443 1344 4520 provinciarum
1378 4472 1610 4528 currus;
1654 4469 1709 4515 et
1747 4464 1898 4519 stans

321 4552 488 4606 super
511 4537 634 4597 illos
668 4538 878 4597 ferebat
902 4548 1118 4600 scutum
1150 4546 1536 4614 parvissimnm
1573 4551 1896 4610 deauratum

2030 1987 2130 2053 vit,
2165 2004 2422 2047 asserens
2461 1993 2821 2064 opprobrium
2868 2011 2995 2053 esse
3043 1999 3149 2054 sub
3187 1997 3371 2057 Persis
3407 2001 3619 2057 solvere

2028 2077 2233 2134 tributa
2280 2079 2605 2139 Romanos:
2640 2094 2931 2166 propterea
2986 2087 3165 2146 locum
3212 2107 3471 2163 magnum
3512 2092 3618 2148 hoc

2028 2168 2323 2227 Persarum
2378 2172 2871 2251 Romanorumque
2925 2182 3134 2252 reperit
3184 2183 3408 2240 bellum.
3444 2182 3618 2241 Porro

2025 2258 2279 2322 Justinus
2304 2265 2645 2323 Marcianum
2685 2270 3004 2341 patricium,
3033 2280 3089 2328 et
3109 2281 3410 2345 cognatum
3448 2292 3613 2333 suum

2026 2365 2314 2423 praetorem
2349 2372 2547 2415 creans
2575 2359 2822 2418 Orientis
2852 2369 3050 2419 contra
3085 2364 3287 2425 Persas
3313 2367 3539 2437 direxit.

2095 2483 2284 2543 Mundi
2313 2503 2462 2546 anno
2486 2489 2650 2559 6065,
2667 2491 2870 2549 divinae
2890 2494 3298 2555 incarnationis
3311 2515 3460 2558 anno
3480 2501 3611 2568 565.

2022 2584 2218 2633 octavo
2242 2578 2464 2651 imperii
2490 2581 2577 2637 sui
2612 2597 2761 2638 anno
2789 2584 3047 2644 Justinus
3099 2588 3413 2649 inﬁrmatus
3444 2602 3612 2650 estet

2022 2665 2277 2725 tristatus
2333 2668 2602 2728 adversus
2651 2671 2985 2731 Baduarium
3044 2676 3271 2735 fratrem
3324 2696 3511 2748 suum,
3555 2692 3611 2737 et

2022 2754 2170 2812 hunc
2204 2757 2432 2829 injuriis
2480 2761 2765 2820 laceravit.
2808 2764 3125 2825 Novissime
3178 2785 3315 2827 vero
3354 2773 3613 2845 praeepit

2019 2847 2384 2909 cubiculariis
2425 2855 2627 2927 pugnis
2663 2860 2870 2917 caesum
2902 2860 3143 2919 educere
3192 2863 3347 2919 illum
3389 2866 3443 2919 in
3473 2880 3610 2922 con-

2017 2950 2265 3008 spectum
2295 2945 2518 3001 concilii
2549 2956 2870 3005 senatorum
2902 2969 2918 3007 :
2949 2960 3072 3008 erat
3097 2954 3247 3011 enim
3287 2972 3476 3015 comes
3504 2959 3610 3016 im-

2018 3030 2308 3098 perialium
2324 3034 2690 3093 stabulorum.
2710 3039 2831 3106 Quo
2853 3052 3141 3114 comperto
3164 3045 3368 3118 Sophia
3388 3049 3606 3107 tristata

2017 3126 2099 3173 est
2139 3128 2197 3175 et
2238 3131 2544 3195 conquesta
2584 3127 2948 3200 imperatori',
2984 3136 3083 3207 qui
3127 3151 3188 3193 se
3232 3140 3512 3209 paenituit,
3552 3155 3608 3200 et

2015 3212 2358 3274 descendens
2408 3219 2477 3275 ad
2511 3236 2638 3277 eum
2701 3223 2758 3281 in
2799 3227 3079 3286 stabulum
3121 3231 3380 3290 introivit
3418 3236 3604 3295 subito

2015 3319 2141 3361 cum
2178 3311 2480 3381 praeposito
2520 3315 3012 3377 cubiculariorum.
3064 3322 3372 3385 Baduarius
3418 3337 3602 3386 autem

2012 3398 2133 3455 viso
2166 3402 2501 3474 imperatore
2544 3406 2685 3480 fugit
2713 3425 2745 3467 a
2793 3412 2917 3471 loco
2951 3414 3007 3471 in
3042 3415 3251 3486 locum,
3297 3434 3401 3492 per
3436 3438 3604 3495 supe-

2012 3491 2159 3548 riora
2192 3499 2477 3568 prtesepis,
2508 3514 2621 3571 pra:
2647 3502 2850 3565 timore
2893 3506 3279 3581 imperatoris.
3302 3491 3406 3569 Ast
3431 3491 3604 3586 impe-

2012 3592 2166 3639 rator
2207 3586 2483 3645 clamabat
2517 3609 2532 3646 :
2563 3592 2769 3663 Adjuro
2818 3605 2869 3652 te
2908 3614 3003 3668 per
3052 3600 3243 3669 Deum,
3295 3603 3468 3674 frater
3504 3610 3599 3677 mi,

2009 3685 2257 3746 exspecta
2301 3695 2405 3735 me.
2452 3682 2521 3736 Et
2554 3696 2682 3739 cum
2719 3690 3089 3759 cucurrisset,
3129 3696 3308 3751 tenuit
3360 3712 3512 3764 eum,
3544 3709 3600 3756 et

2010 3765 2352 3836 amplexatus
2377 3770 2737 3833 deosculatus
2764 3788 2852 3834 est
2878 3780 3059 3846 illum,
3097 3784 3290 3843 dicens
3320 3803 3335 3842 :
3374 3785 3599 3844 Peccavi

2010 3858 2129 3926 tibi,
2160 3858 2329 3917 frater
2365 3862 2461 3928 uti,
2492 3864 2586 3919 sed
2622 3868 2831 3940 suscipe
2856 3887 2939 3925 me
2964 3880 3023 3927 ut
3056 3871 3285 3941 fratrem
3308 3884 3460 3932 tuum
3482 3880 3597 3948 pri-

2007 3968 2150 4007 mum
2181 3967 2231 4009 et
2269 3955 2677 4027 imperatorem:
2711 3978 2779 4018 ea:
2811 3964 3083 4022 diabolica
3116 3970 3260 4025 enim
3290 3974 3597 4042 operatione

2006 4047 2126 4102 novi
2157 4050 2299 4117 quod
2327 4051 2532 4117 factum
2556 4055 2625 4109 sit
2650 4054 2770 4112 hoc.
2798 4057 2902 4125 Qui
2935 4060 3138 4117 cecidit
3166 4063 3232 4118 ad
3256 4063 3424 4134 pedes
3450 4067 3592 4135 ejus,

2003 4149 2060 4197 et
2095 4140 2236 4199 flens
2271 4145 2345 4199 ait
2383 4162 2396 4200 :
2440 4144 2729 4218 Veraeiter,
2773 4152 3006 4222 domine,
3043 4166 3359 4227 potestatem
3409 4163 3589 4220 trabes.

2016 4230 2383 4291 Verumtamen
2405 4237 2459 4293 in
2482 4243 2765 4309 pascentia
2797 4255 3013 4303 senatus
3043 4248 3368 4321 deformasti
3384 4271 3604 4310 servum-

2005 4336 2172 4383 tuum.
2243 4329 2424 4399 Modo,
2493 4333 2725 4401 domine,
2789 4338 2871 4395 Itis
2948 4342 3208 4400 rationem
3272 4346 3449 4405 redde.
3523 4349 3592 4405 Et

2001 4420 2327 4479 ostendebat
2358 4425 2412 4481 ei
2437 4441 2630 4496 equos.
2655 4429 2723 4484 At
2743 4446 2875 4488 vero
2908 4433 3211 4504 imperator
3231 4439 3587 4510 rogaviteum

2002 4526 2190 4567 secum
2235 4515 2591 4582 manducare,
2622 4528 2679 4575 ct
2720 4524 2997 4591 paciﬁcati
3029 4536 3185 4582 sunt.
3227 4527 3433 4585 Eodem
3458 4545 3603 4588 vero

1931 4595 1977 4652 ο
2002 4620 2150 4661 anno
2183 4605 2386 4664 factum
2415 4620 2503 4667 est
2527 4612 2731 4669 bellum
2761 4616 2915 4670 circa
2956 4616 3271 4688 Sargathon
3311 4622 3588 4680 Romano-

322 4638 376 4682 οι
403 4629 541 4688 duas
579 4632 856 4691 lanceolas
905 4652 1128 4706 aureas,
1171 4646 1229 4693 et
1284 4649 1511 4699 senatus
1561 4644 1683 4715 ejus
1716 4647 1900 4704 omnis

320 4729 588 4778 eratcum
629 4724 821 4792 armis,
863 4739 1125 4788 canentes
1173 4733 1581 4793 modulationes
1628 4740 1891 4797 musicas.

317 4813 669 4874 Introductus
701 4835 833 4891 ergo
858 4822 1068 4893 legatus
1104 4821 1476 4881 Romanorum
1509 4843 1633 4884 cum
1666 4831 1892 4889 adoras-

317 4904 635 4975 set,,jussus
662 4919 747 4966 est
792 4912 862 4965 ab
889 4928 955 4969 eo
993 4913 1128 4986 erigi
1160 4922 1216 4971 et
1244 4915 1372 4972 duci
1405 4919 1472 4972 ad
1515 4934 1595 4976 se.
1626 4920 1763 4977 Cum
1789 4940 1890 4979 au-

315 5002 425 5050 tem
455 5000 799 5072 suscepisset
825 5003 1175 5074 imperatoris
1204 5021 1445 5076 sacram,
1482 5013 1767 5071 osculatus
1807 5026 1892 5073 est

313 5085 682 5157 signaculum,
709 5108 834 5148 cum
864 5092 1097 5150 habebat
1116 5099 1494 5166 pectusculum
1517 5102 1886 5174 imperatoris.

313 5173 600 5251 Susceptis
630 5191 813 5239 autem
845 5192 901 5239 et
937 5183 1100 5242 donis
1134 5189 1361 5258 gavisus
1401 5199 1488 5246 est
1513 5193 1692 5248 valde.
1717 5193 1887 5250 Porro

309 5284 437 5325 cum
481 5271 706 5345 legisset
743 5291 983 5343 sacram,
1032 5277 1242 5335 invenit
1280 5290 1341 5337 ut
1369 5297 1429 5339 se
1472 5296 1665 5340 contra
1703 5290 1883 5358 regem

309 5359 600 5421 Persarum
651 5376 913 5437 armaret,
961 5378 1016 5424 et
1075 5371 1378 5439 proximam
1428 5374 1535 5429 sibi
1590 5374 1880 5433 Persarum

306 5452 560 5521 perderet
590 5455 895 5531 regionem,
936 5465 991 5514 et
1021 5459 1255 5516 ulterius
1295 5476 1421 5517 cum
1451 5461 1637 5525 Persis
1676 5465 1881 5523 fmdera

307 5559 413 5598 non
467 5544 650 5605 iniret.
691 5548 954 5606 Protinus
1010 5566 1142 5623 ergo
1189 5552 1423 5611 collecto
1483 5559 1728 5613 exercitu
1784 5576 1879 5616 rex

300 5632 536 5690 Arcthas
561 5650 746 5691 coram
788 5638 964 5711 legato
993 5637 1361 5696 Romanorum
1393 5641 1656 5702 adversus
1681 5646 1880 5706 Persas

301 5722 549 5795 praelium
594 5729 781 5797 movit,
828 5731 1106 5802 subjectos
1136 5734 1242 5791 sibi
1297 5734 1602 5796 Saracenos
1632 5744 1876 5831 praemit-

297 5832 437 5880 tens.
464 5822 746 5883 Profectus
773 5834 1023 5887 autemet
1046 5828 1160 5901 ipse
1175 5829 1242 5888 ad
1259 5833 1538 5906 regionem
1556 5822 1872 5911 Persarum,

2002 4713 2122 4753 rum
2173 4706 2339 4772 atque
2391 4701 2685 4760 Persarum
2730 4722 3015 4777 maguum,
3066 4718 3124 4768 et
3173 4712 3424 4771 vicerunt
3472 4713 3585 4772 Rt)-

2002 4805 2172 4846 mam.

2069 4904 2228 4960 Nouo
2261 4922 2409 4962 anno
2438 4909 2651 4980 imperii
2684 4911 2891 4969 Justini
2924 4914 3219 4974 llormisda
3247 4936 3342 4977 rex
3384 4921 3584 4980 Persa.-

1997 4986 2116 5049 rum
2149 4998 2519 5055 Ardamenum
2550 5001 2748 5058 ducem
2781 5002 3079 5063 Persarum
3112 5010 3382 5069 ordinans
3424 5015 3582 5070 misit

1992 5086 2367 5146 Romanorum
2390 5094 2672 5165 regionem
2704 5095 3026 5170 depopulari
3052 5119 3067 5170 ;
3096 5103 3193 5174 qui
3212 5105 3391 5175 praeda
3411 5105 3584 5161 multa

1991 5189 2151 5254 capta
2199 5201 2456 5245 reversus
2487 5199 2594 5247 est.
2642 5190 2767 5259 Quo
2798 5204 3085 5268 comperto
3121 5196 3399 5263 Justinus,
3446 5212 3582 5254 con-

1993 5282 2273 5333 sternatus
2295 5280 2440 5335 mole
2481 5282 2840 5353 calamitatis,
2881 5288 3031 5360 capti
3086 5302 3297 5345 seua-as
3344 5289 3577 5360 languo-

1991 5382 2104 5423 rem
2150 5369 2408 5438 incurrit,
2456 5383 2513 5429 et
2565 5384 2785 5446 pactqu
2830 5377 3015 5436 facere
3062 5380 3202 5450 petit
3247 5377 3575 5447 Hormisda.

1985 5463 2077 5531 qui
2107 5461 2161 5518 id
2192 5460 2309 5520 ﬁeri
2339 5480 2485 5523 anno
2517 5471 2823 5527 consensit.

2055 5572 2243 5630 Mundi
2277 5591 2424 5633 anno
2452 5576 2615 5646 6067,
2638 5579 2839 5637 divina:
2857 5582 3258 5640 incarnationis
3280 5599 3424 5641 anno
3442 5586 3568 5653 567,

1982 5662 2233 5723 Justinus
2264 5667 2564 5739 imperator
2589 5670 2867 5728 Tiberium
2903 5675 3159 5731 comitem
3185 5675 3569 5737 excubitorum

1985 5759 2087 5813 sibi
2120 5760 2289 5833 tilium
2346 5763 2555 5820 faciens
2586 5766 2859 5822 Caesarem
2906 5768 3221 5840 appellavit,
3255 5780 3310 5828 et
3343 5787 3572 5828 conses-

1983 5864 2163 5907 sorem
2189 5869 2349 5909 suum
2383 5857 2672 5913 constituit
2724 5866 2833 5915 tam
2869 5861 2927 5917 in
2954 5860 3365 5936 Hippodromiis
3401 5879 3564 5935 quam
