3906 6226
435 345 562 412 19.71

1518 348 1915 409 ANASTASII
1980 348 2608 412 BIBLIOTHECARU

3542 359 3664 424 1272

432 464 487 517 in
520 460 717 516 diebus
747 458 1080 529 insignibus.
1117 459 1246 512 Erat
1293 469 1474 513 autem
1519 461 1816 529 imperator
1854 460 2005 529 pedi-
2035 471 2080 523 Α
2111 461 2604 519 Tiberiusmitteus
2627 464 2779 519 duxit
2811 465 3156 522 Anastasiam
3180 467 3470 538 coniugem
3497 485 3655 534 suam,

431 553 534 609 bus
560 561 772 621 captus,
806 567 867 605 ac
898 567 993 621 per
1027 551 1128 604 hoc
1161 553 1332 622 magis
1367 554 1422 606 in
1461 553 1660 606 lectulo
1682 552 1893 622 jaccns.

506 643 807 699 Undecimo
841 644 1057 714 imperii
1102 647 1188 699 sui
1218 663 1361 701 anno
1402 649 1710 703 construxit
1751 647 2002 704 Justinus

433 754 685 808 magnum
707 737 1087 808 aquarductum
1115 737 1388 806 Valentis,
1421 750 1471 796 et
1507 741 1738 810 largitus
1767 752 1852 796 cst
1879 741 2002 797 urbi

429 828 794 900 dapsilitatem
835 846 1126 901 aquarum.

504 922 838 980 Duodecimn
864 925 1073 994 imperii
1112 926 1194 982 sui
1243 943 1388 982 anno
1426 927 1679 984 Justinus
1705 929 2004 999 imperator

431 1030 762 1085 synagogam
802 1013 1176 1081 Hebraeorum,
1231 1035 1352 1088 quae
1382 1029 1500 1073 erat
1530 1019 2002 1090 Constantinopoli

432 1103 488 1159 in
524 1106 946 1178 Chalcopratiis,
1006 1107 1244 1162 ablatam
1299 1109 1367 1162 ah
1411 1109 1491 1164 eis
1538 1108 1667 1163 fecit
1716 1109 2004 1164 ecclesiam

431 1193 676 1252 Dominae
691 1207 894 1254 sanctae
927 1208 1126 1255 nostra:
1156 1200 1247 1255 Dei
1275 1199 1607 1266 Genitricis;
1634 1218 1758 1272 qua:
1795 1200 2006 1272 Magnae

429 1288 677 1359 proxima
705 1298 790 1344 est
817 1289 1084 1346 ecclesize.

504 1377 910 1437 Tertiodeeimo
935 1382 1146 1452 imperii
1178 1380 1378 1438 Justini
1411 1399 1576 1452 anno,
1617 1383 1828 1439 Joanne
1856 1384 2004 1440 Con-

432 1472 925 1543 stantinopolitano
956 1473 1215 1529 defuncto
1250 1475 1532 1546 episcopo,
1583 1476 1882 1548 Eutychius
1916 1491 2004 1531 re-

431 1568 577 1634 cepit
616 1565 813 1622 iterato
848 1567 1102 1621 thronum
1135 1569 1388 1622 eundem.
1437 1571 1505 1621 At
1542 1585 1670 1623 vero
1711 1570 2008 1640 imperator

432 1657 829 1727 inlirmatus,et
851 1658 1150 1728 pauxillum
1184 1677 1212 1714 a
1237 1661 1499 1731 languore
1522 1661 1812 1723 demissus,
1845 1660 2008 1715 advo-

432 1750 576 1802 cavit
615 1758 724 1804 tam
769 1753 1082 1820 pontilicem
1112 1760 1166 1806 et
1200 1763 1450 1807 senatum
1488 1768 1653 1821 quam
1687 1767 1880 1806 omnes
1913 1767 2006 1805 sa-

431 1841 684 1896 cerdotes
715 1851 768 1896 et
798 1844 967 1908 cives,
1016 1853 1068 1897 et
1104 1844 1342 1898 adducto
1399 1843 1617 1899 Ctesare
1661 1842 1885 1898 Tiberio
1914 1859 2009 1913 pa-

435 1931 538 1986 lam
597 1933 854 1988 omnibus
907 1935 1201 2004 appellavit
1256 1949 1380 1988 eum
1446 1933 1834 2004 imperatorem
1866 1973 1880 1997 ,
1923 1933 2010 1990 his

431 2024 782 2080 sermonibus
833 2041 966 2081 usus
1006 2043 1020 2082 :
1068 2025 1201 2080 Ecce
1244 2025 1403 2090 Deus,
1459 2026 1550 2094 qui
1604 2026 1854 2091 bettefecit
1892 2024 2006 2079 tibi.

435 2113 590 2172 Hunc
611 2117 847 2172 habitum
878 2117 1016 2174 Deus
1052 2117 1149 2172 tibi
1184 2119 1349 2186 dedit,
1391 2135 1493 2172 non
1538 2131 1674 2187 ego:
1713 2118 1915 2173 honora
1944 2118 2011 2172 il-

431 2205 564 2278 lum,
597 2218 654 2264 ut
675 2219 727 2264 tu
759 2228 960 2283 quoque
981 2211 1253 2264 ltonoreris
1285 2211 1348 2266 ab
1375 2212 1508 2280 ipso.
1539 2209 1758 2265 Honora
1788 2219 2011 2265 matrem

433 2312 604 2368 tuam,
643 2319 762 2375 qua:
810 2304 1098 2376 aliquando
1141 2313 1233 2360 tua
1271 2305 1489 2359 domina
1519 2305 1645 2376 fuit.
1679 2302 1840 2360 Nosti
1871 2303 2010 2376 quod

430 2398 658 2465 primunt
687 2399 804 2466 eius
847 2415 1025 2453 servus
1069 2399 1261 2469 fueris,
1313 2416 1448 2454 nunc
1494 2409 1670 2453 autem
1721 2399 1888 2467 ﬁlius.
1930 2395 2011 2453 Nc

428 2491 716 2558 gratuleris
745 2491 799 2544 in
823 2491 1205 2561 sanguinibus;
1239 2508 1302 2546 ne
1325 2493 1679 2546 rommunices
1711 2491 1766 2544 in
1792 2490 2014 2545 homici-

431 2581 554 2648 dio;
593 2597 656 2635 ne
684 2583 883 2635 malum
903 2599 996 2650 pro
1029 2584 1170 2637 malo
1194 2583 1417 2647 reddas;
1455 2600 1518 2637 ne
1560 2584 1611 2636 in
1655 2583 1798 2636 malo
1830 2581 2013 2635 inimi-

432 2675 573 2728 citia:
611 2675 807 2728 similis
850 2676 979 2729 mihi
1030 2676 1307 2744 efﬁciaris.
1360 2677 1470 2744 Ego
1504 2677 1666 2740 enim,
1724 2684 1779 2727 ut
1834 2676 2007 2735 homo,

432 2766 644 2834 culpavi
675 2782 693 2820 :
724 2768 912 2820 etenim
962 2777 1011 2820 et
1047 2767 1328 2836 eulpabilis
1377 2767 1551 2836 factus
1593 2783 1731 2829 sum,
1755 2779 1805 2820 et
1843 2766 2012 2829 recepi

434 2861 717 2914 secundum
743 2869 958 2927 peccata
986 2876 1142 2925 mea;
1181 2859 1272 2914 sed
1303 2876 1520 2913 causam
1557 2858 1754 2913 habebo
1781 2875 1896 2911 rum
1930 2859 2009 2912 Itis

431 2951 523 3019 qui
551 2951 648 3004 hoc
689 2951 822 3004 milii
871 2952 1131 3020 fecerunt,
1174 2961 1296 3006 ante
1331 2953 1567 3005 tribunal
1615 2950 1834 3006 Christi.
1886 2949 2011 3005 Non

431 3042 589 3096 cieret
617 3051 666 3097 te
687 3043 770 3097 hie
799 3043 1009 3098 habitus
1048 3043 1492 3114 quemadmodum
1533 3059 1632 3097 me.
1683 3041 1772 3098 Sic
1804 3043 2012 3096 attende

433 3135 676 3190 omnibus
705 3137 843 3189 sicut
878 3135 996 3190 tibi.
1042 3135 1187 3190 Scito
1219 3135 1346 3206 quid
1383 3136 1569 3204 fueris,
1615 3146 1662 3190 et
1700 3137 1818 3205 quis
1858 3135 2010 3188 modo

432 3231 680 3283 exsistas.
718 3227 804 3282 Ne
826 3228 1125 3298 superbius,
1162 3237 1209 3282 et
1246 3245 1348 3281 non
1387 3229 1648 3294 peccabis.
1707 3224 1868 3279 Nosti
1895 3227 2011 3296 quis

434 3322 626 3389 fuerim
652 3329 700 3374 et
728 3323 843 3389 quis
879 3321 1054 3388 factus
1095 3320 1388 3373 exstiterim
1423 3329 1473 3372 et
1502 3321 1777 3373 exsistam.
1820 3318 2012 3374 Omnes

435 3411 527 3464 isti
551 3409 654 3479 ﬁlii
682 3411 759 3462 tui
788 3417 979 3462 suntet
1007 3409 1162 3462 servi.
1180 3407 1294 3462 Scis
1309 3409 1447 3478 quod
1461 3424 1572 3476 pra:
1587 3407 1868 3461 visceribus
1886 3409 2011 3462 meis

435 3502 801 3558 honoraverim
833 3510 900 3554 te.
927 3499 1038 3554 llos
1071 3516 1190 3554 cum
1217 3499 1414 3565 uideas,
1463 3516 1640 3554 omnes
1663 3501 1752 3568 qui
1780 3509 1903 3554 sunt
1937 3501 2013 3552 rei

434 3594 658 3661 publica:
686 3593 847 3649 uides.
893 3590 1117 3646 Intende
1148 3591 1311 3645 militi
1354 3601 1466 3646 tuo.
1502 3589 1583 3646 Ne
1616 3591 1812 3646 milites
1842 3592 2013 3645 susci-

435 3688 574 3754 pias,
608 3703 670 3740 ne
697 3686 879 3740 dicant
916 3685 1010 3738 tibi
1037 3685 1252 3755 quidam
1280 3685 1406 3754 quia
1443 3685 1687 3738 decessor
1735 3694 1854 3737 tuus
1886 3684 2013 3736 tali-

438 3792 517 3833 ter
548 3787 886 3834 conversatus
918 3787 1017 3833 est.
1061 3777 1187 3831 Ηιεε
1205 3778 1341 3830 enim
1378 3776 1518 3840 dico,
1552 3794 1582 3829 a
1605 3776 1790 3846 quibus
1822 3790 2010 3844 passus

437 3892 573 3930 sum.
604 3876 710 3942 Qui
734 3875 926 3928 habent
961 3875 1314 3937 substantias,
1341 3873 1596 3942 fruantur
1629 3873 1703 3925 eis
1732 3888 1749 3926 :
1789 3871 1870 3924 Itis
1895 3887 2010 3924 vero

437 3970 528 4034 qui
562 3987 664 4023 non
709 3970 1010 4034 habuerint,
1060 3968 1222 4023 dona.
1274 3966 1338 4020 Et
1383 3967 1525 4022 facta
1563 3966 1812 4020 oratione
1853 3977 1880 4016 a
1915 3980 2010 4033 pa-

438 4062 702 4124 triarcha,
739 4076 864 4116 cum
903 4059 1176 4116 dixissent
1207 4073 1421 4122 omnes,
1442 4058 1638 4122 Amen,
1667 4055 1867 4111 cecidit
1895 4054 2010 4108 Cae-

440 4170 534 4210 sar
561 4153 628 4208 ad
660 4152 826 4222 pedes
867 4150 1240 4222 imperatoris,
1282 4160 1336 4206 et
1367 4149 1507 4204 dixit
1530 4149 1577 4204 ei
1608 4167 1620 4202 :
1651 4146 1712 4203 Si
1740 4149 1835 4210 uis,
1872 4163 2011 4212 sum,

438 4249 486 4301 si
529 4263 631 4301 non
663 4247 757 4311 vis,
793 4262 897 4299 non
941 4260 1079 4297 sum.
1122 4243 1188 4297 Et
1225 4243 1525 4313 imperator
1570 4242 1644 4296 ait
1681 4259 1694 4296 :
1727 4239 1891 4301 Deus,
1923 4241 2014 4310 qui

440 4339 563 4406 [erit
593 4336 778 4392 ea'lum
808 4346 857 4389 et
889 4347 1108 4398 terram,
1129 4334 1239 4402 ipse
1264 4335 1443 4387 omnia
1477 4350 1593 4394 qua:
1617 4333 1790 4387 dicere
1817 4331 2012 4386 oblitus

438 4446 575 4493 sum,
601 4429 652 4482 in
687 4444 778 4481 cor
801 4437 948 4480 tuum
997 4426 1271 4478 immittat.
1307 4423 1479 4477 Porro
1509 4439 1633 4477 cum
1675 4424 1788 4477 haec
1823 4433 2014 4491 prose-

2036 1812 2083 1870 B

2105 563 2158 608 et
2211 555 2497 609 coronavit
2549 571 2672 610 eam
2726 565 3050 627 Augustam,
3105 568 3161 614 et
3209 559 3445 628 iactavit
3494 575 3658 632 rogata

2106 644 2357 700 multam.

2177 736 2430 792 Secundo
2464 737 2677 807 imperii
2709 736 2915 792 Tiberii
2956 752 3102 793 anno
3148 738 3502 796 Alexandria:
3538 743 3664 796 anti-

2107 839 2220 883 stes
2249 828 2482 884 habetur
2509 829 2758 883 ecclesia:
2787 829 3068 898 Eulogius.
3098 830 3246 886 Misit
3279 832 3490 887 interea
3514 835 3664 902 impe-

2108 927 2260 972 rator
2310 918 2562 974 Tiberius
2629 920 2694 974 ad
2765 934 2949 990 regem
3015 919 3310 977 Persarum
3379 923 3664 978 secundum

2108 1027 2342 1077 morem,
2380 1013 2644 1068 nuntians
2683 1012 3084 1082 promotiooem
3125 1030 3320 1080 suam;
3353 1030 3465 1084 quo
3494 1031 3662 1085 paceni

2111 1121 2218 1161 non
2260 1107 2581 1163 admittente
2613 1107 2873 1163 Tiberius
2911 1123 3138 1179 magnas
3175 1109 3406 1164 virtutes
3448 1125 3666 1181 congre-

2108 1201 2277 1270 gavit,
2311 1211 2364 1254 et
2407 1201 2781 1256 disseminatis
2810 1203 2978 1272 regiis
3010 1201 3285 1257 thesauris
3318 1203 3518 1259 multos
3549 1204 3667 1260 fecit

2109 1293 2420 1358 exercitus,
2497 1308 2693 1348 creans
2763 1294 3086 1365 magistrum
3153 1295 3373 1348 militum
3431 1294 3665 1352 Orientis

2110 1382 2402 1452 quemdam
2437 1381 2838 1438 Iustinianum.

2182 1473 2369 1530 Tertio
2399 1476 2614 1544 imperii
2642 1473 2849 1531 Tiberii
2888 1491 3032 1530 anno
3073 1493 3169 1532 rex
3205 1476 3484 1532 Persarum
3516 1493 3665 1533 sum-

2112 1568 2218 1639 ptis
2243 1569 2537 1622 virtutibus
2565 1568 2688 1642 suis
2708 1569 2761 1620 in
2793 1567 3109 1642 Armeniam
3136 1576 3407 1636 properat.
3438 1567 3669 1622 Audiens

2112 1671 2292 1716 autem
2334 1659 2712 1714 Romanorum
2764 1635 2876 1712 diix
2924 1675 3104 1730 regem
3137 1660 3429 1714 Persarum
3466 1676 3555 1731 per
3595 1675 3672 1714 se-

2113 1755 2404 1822 metipsum
2465 1754 2710 1824 praelium
2767 1754 3056 1815 initurum,
3112 1753 3406 1822 expeditus
3460 1752 3672 1809 eliectns

2111 1854 2213 1901 et.
2253 1845 2442 1900 Timor
2471 1845 2614 1900 enim
2652 1844 2938 1914 ingressus
2973 1855 3057 1898 est
3100 1845 3153 1897 in
3189 1844 3454 1914 populum
3491 1843 3675 1898 Bouia-

2111 1953 2331 1999 norum,
2368 1945 2422 1992 et
2458 1935 2662 1991 idcirco
2701 1936 3056 1991 Justinianus
3101 1935 3168 1988 ad
3207 1939 3442 1990 virtutes
3486 1951 3680 1992 sermo-

2114 2030 2276 2085 nibus
2317 2043 2452 2084 usus
2503 2027 2846 2098 compescuit
2901 2027 3219 2081 formidinis
3255 2042 3521 2098 pugnam.
3554 2025 3680 2080 Cum

2112 2130 2294 2178 autem
2343 2121 2542 2176 bellum
2591 2119 2745 2174 ﬁeret
2785 2127 2841 2174 et
2890 2120 3173 2189 sagittatio
3220 2119 3516 2174 Persarum
3549 2118 3684 2172 facta

2117 2213 2287 2268 multa
2317 2212 2535 2277 luisset,
2564 2213 2636 2267 ita
2663 2213 2912 2269 utetiam
2946 2213 3159 2266 solares
3191 2211 3330 2266 radii
3356 2212 3683 2274 celarentur,

2113 2307 2244 2363 dum
2265 2306 2521 2362 videlicet
2548 2304 2780 2362 Romani
2816 2305 3008 2374 clipeis
3032 2304 3240 2374 iacula,
3273 2320 3401 2374 qua:
3438 2318 3508 2358 ex
3530 2315 3686 2356 arcu-

2116 2397 2220 2451 bus
2253 2396 2639 2460 mittebantur,
2673 2395 3016 2450 continuatis
3049 2396 3328 2466 projicere
3362 2393 3686 2450 niterentur.

2111 2489 2248 2545 Cutn
2327 2499 2506 2544 autem
2566 2486 2840 2560 proluuda
2905 2488 3240 2545 consisteret
3316 2488 3687 2542 Romanorum

2113 2581 2285 2644 acies,
2336 2581 2517 2638 Persae
2563 2581 2706 2637 ferre
2767 2595 2874 2636 non
2923 2589 3195 2653 poterant,
3249 2582 3344 2636 sed
3398 2581 3456 2634 in
3517 2580 3693 2650 fugam

2113 2673 2350 2727 vertitur
2386 2672 2814 2744 Babyloniorum
2867 2683 3100 2738 caterva,
3135 2681 3185 2726 et
3224 2674 3509 2725 intereunt
3555 2671 3697 2723 mul—

2115 2765 2382 2821 titudines
2426 2767 2686 2836 copiosae.
2724 2767 3014 2837 Accipiunt
3049 2765 3249 2828 interea
3289 2773 3346 2816 et
3390 2762 3695 2819 Persarum

2111 2857 2504 2927 supellectilem
2549 2867 2602 2912 et
2645 2859 2858 2928 regium
2953 2858 3367 2911 tabernaculum
3403 2864 3698 2923 totumque

2113 2949 2485 3005 clarissimum
2522 2961 2866 3020 apparatum.
2902 2949 3113 3006 Tenent
3141 2959 3322 3004 autent
3352 2959 3408 3002 et
3435 2950 3698 3019 elephan-

2118 3052 2199 3097 tes
2240 3041 2495 3109 Ilomani,
2549 3055 2602 3097 et
2653 3043 2718 3096 ad
2755 3042 3038 3098 Tiberium
3083 3042 3312 3096 mittunt
3347 3042 3598 3111 insignes
3647 3046 3697 3094 et

2040 3175 2082 3232 ο
2118 3137 2301 3206 regias
2339 3137 2460 3190 illas
2507 3137 2756 3191 exuvias.
2794 3137 2982 3206 Itaque
3016 3137 3190 3206 legem
3224 3136 3378 3206 ponit
3405 3134 3700 3189 Pet-satura

2117 3244 2249 3294 rex,
2317 3229 2703 3284 confusionem
2779 3246 2886 3284 non
2961 3230 3189 3295 ferens,
3251 3243 3533 3296 nunquam
3587 3225 3700 3297 iam

2115 3319 2407 3375 Persarum
2447 3336 2629 3390 regem
2675 3321 2729 3374 in
2767 3323 3010 3391 prmlium
3043 3336 3422 3390 egressurum.
3461 3319 3542 3372 At
3575 3332 3703 3371 vero

2115 3411 2399 3468 Romanus
2423 3415 2698 3469 exercitus
2729 3413 2969 3468 Persicis
3005 3413 3207 3482 adjecit
3231 3412 3527 3474 (erumnis,
3553 3419 3608 3466 et
3639 3407 3703 3461 ad

2116 3505 2308 3560 intima
2350 3504 2594 3560 Persidis
2624 3506 2958 3576 properavit,
3011 3513 3066 3560 et
3112 3504 3347 3558 multum
3395 3503 3514 3556 illic
3558 3503 3703 3558 exci-

2115 3602 2267 3658 dium
2303 3615 2357 3656 et
2383 3603 2755 3672 captivitatem
2788 3601 3047 3671 patravit,
3084 3599 3415 3672 perveniens
3444 3599 3621 3652 etiam
3653 3599 3700 3650 in

2117 3695 2353 3751 medium
2391 3696 2650 3766 Hyreauii
2688 3696 2877 3748 maris.
2912 3694 3049 3748 Cum
3093 3702 3274 3746 autem
3307 3692 3510 3762 hyems
3554 3692 3705 3746 ades-

2119 3797 2224 3852 set,
2257 3803 2361 3841 nou
2407 3794 2794 3841 remeavcrunt
2826 3784 3069 3851 Quirites
3116 3784 3184 3838 ad
3217 3783 3473 3853 propria,
3517 3783 3612 3838 sed
3654 3783 3700 3833 in

2116 3879 2342 3936 Perside
2371 3880 2619 3950 hyemem
2651 3887 3060 3948 trausegerunt.
3109 3878 3280 3932 Porro
3305 3877 3516 3930 eodem
3566 3891 3703 3930 anno

2115 3972 2284 4042 cozpit
2319 3971 2591 4025 aediﬁcare
2629 3970 2882 4024 Tiberius
2915 3970 3196 4038 publicum
3233 3967 3701 4026 Blaehernarum.

2113 4071 2169 4120 et
2213 4062 2497 4118 renovavit
2553 4062 2754 4118 multas
2807 4060 3073 4116 ecclesias
3133 4069 3190 4113 et
3241 4059 3600 4113 xenodoehia
3656 4065 3706 4110 et

2114 4154 2562 4224 gerontocomia,
2612 4153 2892 4223 iussitque
2941 4169 3000 4208 se
3049 4151 3218 4208 scribi
3275 4152 3329 4205 in
3391 4151 3708 4220 phcnnieeis

2115 4249 2314 4304 litteris
2344 4247 2626 4302 Tiberium
2658 4229 3108 4302 Constantinum.

2183 4340 2391 4407 Quarto
2423 4339 2638 4410 imperii
2669 4337 2876 4394 Tiberii
2915 4353 3061 4393 anno
3109 4345 3365 4392 mortuus
3410 4344 3500 4390 est
3548 4337 3706 4404 Euty-

2113 4433 2273 4486 ehius
2321 4431 2656 4500 patriarcha,
2702 4439 2751 4486 et
2801 4441 3084 4498 promotus
3134 4439 3219 4482 est
3271 4437 3402 4498 post
3433 4427 3563 4483 dies
3614 4441 3702 4480 sex

440 4531 704 4592 queretur
735 4521 1054 4590 imperator,
1083 4517 1322 4586 replebat
1351 4517 1610 4585 lacrymis
1647 4525 1822 4570 totum
1850 4515 2013 4570 colle-
2037 4517 2091 4576 D
2125 4525 2363 4580 Joannes
2419 4522 2706 4592 Jejunator
2729 4564 2743 4585 ,
2813 4523 3025 4592 Magnae
3078 4520 3324 4574 ecclesiae
3405 4517 3701 4574 diaconus.

439 4618 609 4683 gium.
637 4612 791 4680 Quod
845 4627 969 4665 cum
1006 4611 1244 4666 solutum
1300 4609 1516 4671 fuisset,
1573 4607 1825 4662 Tiberius
1867 4607 2009 4661 dona

442 4707 681 4763 subditis
711 4706 1020 4776 impertitus
1051 4711 1227 4763 est.et
1251 4718 1592 4773 quacunque
1623 4701 1675 4754 in
1718 4701 2014 4770 imperato-

445 4804 519 4854 ris
548 4798 1008 4869 appellationibus
1047 4797 1216 4851 moris
1243 4794 1538 4849 exsistunt.

515 4889 700 4944 Mundi
725 4905 870 4943 anno
892 4888 1053 4952 607i,
1080 4888 1276 4942 divina:
1299 4883 1691 4939 incarnationis
1715 4899 1859 4947 anno
1883 4883 1980 4938 571
2000 4924 2012 4943 ,

445 4982 720 5051 imperare
775 4979 941 5048 cepit
987 4978 1242 5034 Tiberius
1289 4977 1578 5034 redimitus
1628 4976 1697 5030 ab
1744 4974 2016 5046 Entychio

447 5072 795 5146 patriarcha,
851 5087 978 5126 cum
1027 5080 1178 5128 esset
1232 5081 1286 5126 et
1358 5071 1475 5140 ipse
1559 5084 1759 5138 genere
1809 5069 2015 5122 Thrax.

443 5172 693 5239 Cumque
737 5166 1064 5236 imperaret,
1093 5163 1405 5219 clamabant
1451 5171 1635 5233 partes
1673 5179 1688 5216 :
1725 5163 2019 5217 Anastasio

446 5265 712 5334 Augusta,
761 5267 818 5312 tu
850 5256 1053 5311 uincas.
1083 5253 1267 5320 Salva,
1311 5254 1550 5322 domine,
1583 5272 1716 5326 quos
1761 5257 2020 5324 imperare

436 5353 678 5422 jussisti.
746 5339 1026 5406 Audiens'
1060 5354 1242 5401 autem
1297 5345 1502 5416 Sophia
1554 5344 1762 5403 Justini
1812 5345 2017 5416 coniux

447 5459 712 5513 percussa
753 5453 840 5498 est
873 5441 1059 5496 animo
1090 5456 1103 5493 :
1132 5439 1347 5495 volebat
1395 5455 1630 5509 namque
1677 5438 1881 5494 inibcre
1923 5437 2018 5492 Ti~

449 5537 598 5591 berio
623 5545 677 5591 et
704 5548 1027 5605 permanere
1057 5531 1306 5604 Augusta
1337 5551 1349 5586 :
1380 5532 1661 5587 nesciebat
1701 5532 1843 5584 enim
1873 5530 2016 5599 quod

448 5627 673 5681 haberet
704 5641 955 5682 uxorem.
1006 5624 1240 5692 Quidam
1279 5633 1459 5681 autem
1493 5624 1748 5680 dicebant
1776 5623 1918 5695 quod
1963 5632 2018 5679 et

448 5710 505 5764 in
539 5710 644 5763 vita
675 5711 872 5767 Justini
909 5714 1215 5770 adamicata
1257 5714 1420 5768 literit
1447 5714 1518 5778 ei,
1554 5723 1608 5769 et
1638 5715 1754 5784 ipsa
1793 5709 2017 5785 persua-

448 5802 578 5861 sr‘r‘t
636 5801 853 5857 Justino
907 5815 963 5860 ut
1025 5822 1146 5862 cum
1205 5809 1470 5861 Caesarem
1533 5809 1752 5863 laceret.
1815 5807 2012 5864 Verum

2114 4614 2420 4685 Imperator
2453 4622 2636 4667 autem
2662 4611 2920 4668 Tiberius
2955 4612 3161 4682 emptis
3193 4611 3540 4682 corporibus
3576 4625 3704 4681 gen-

2117 4707 2296 4760 tilium
2355 4704 2643 4759 constituit
2700 4703 2952 4759 militiam
3005 4703 3062 4756 in
3121 4718 3319 4758 nomen
3374 4703 3704 4773 proprium,

2119 4798 2383 4853 amiciens
2417 4805 2469 4851 et
2503 4813 2723 4852 armans
2759 4812 2854 4852 eos
2886 4797 2938 4850 in
2981 4795 3150 4850 millia
3178 4795 3527 4864 quindet-im,
3573 4794 3704 4847 dans

2118 4894 2198 4948 eis
2243 4891 2441 4945 ducem
2490 4890 2814 4944 Mauricinm
2870 4890 3124 4945 comitem
3173 4889 3608 4950 lozderatorum,
3653 4894 3704 4940 et

2121 4985 2424 5041 subducem
2472 4983 2705 5049 Narseo,
2755 4990 2811 5038 et
2861 4983 3014 5037 misit
3063 4997 3156 5036 eos
3219 4989 3422 5034 contra
3482 4979 3699 5034 Persas.

2121 5075 2274 5132 Bello
2322 5082 2505 5130 autem
2557 5075 2700 5130 laeto
2736 5089 2935 5144 magno
2974 5075 3150 5129 valide
3182 5072 3420 5127 Romani
3464 5075 3703 5127 victores

2122 5173 2468 5236 eﬂiciuntur,
2521 5179 2575 5226 et
2622 5172 2973 5225 abstulerunt
3022 5185 3050 5222 a
3095 5167 3281 5222 Persis
3335 5166 3602 5220 civitates
3648 5176 3701 5218 et

2124 5264 2402 5335 regiones,
2432 5277 2571 5332 quas
2596 5261 2699 5316 sub
2725 5258 3046 5340 .Jnstiniano
3071 5264 3334 5326 ceperant
3375 5264 3430 5310 et
3457 5253 3698 5310 iustine.

2122 5357 2328 5412 Abiens
2368 5363 2552 5410 autem
2591 5353 2891 5409 Mauricius
2921 5348 3462 5418 Constantinopolim
3504 5361 3698 5403 susoo'

2121 5457 2247 5514 plus
2291 5456 2378 5502 est
2423 5447 2492 5500 ab
2542 5446 2873 5515 imperatore
2923 5458 3048 5497 cum
3097 5440 3308 5509 ingenti
3365 5439 3600 5501 honore,
3644 5443 3695 5487 et

2123 5535 2423 5606 publicavit
2451 5533 2708 5587 Tiberius
2743 5531 3005 5586 victorias
3037 5526 3311 5592 Mauricii,
3340 5535 3394 5580 et
3433 5538 3691 5597 generum

2125 5629 2270 5682 hunc
2305 5625 2525 5680 admisit
2559 5625 2623 5678 ad
2658 5622 3074 5678 Constantinam
3108 5618 3274 5672 ﬁliam
3315 5633 3496 5674 suam.
3527 5615 3692 5668 Simi-

2124 5717 2248 5772 liter
2285 5728 2339 5771 et
2369 5717 2643 5772 Germano
2675 5715 2896 5786 praetori
2929 5711 3112 5782 iunxit
3148 5708 3318 5764 ﬁliani
3353 5723 3511 5765 suam
3541 5704 3688 5760 Cha-

2125 5810 2270 5870 t'ito,
2335 5817 2626 5878 utrumque
2686 5807 2956 5860 Caesarem
3026 5815 3240 5856 ttrcans.
3303 5799 3488 5854 Mense
3553 5809 3690 5849 γεω
