3906 6226
187 337 324 400 127?)

971 335 1332 395 HISTORIA
1371 326 1944 394 ECCI.ESIASTICA
1985 326 2083 385 EX
2111 320 2597 384 ΤΙΙΕΟΡΙΙΑΝΕ.

3292 306 3429 369 12η

181 457 426 524 Augusto
452 465 600 504 mora
638 450 932 505 comedens
966 449 1256 510 matutina,
1303 451 1421 530 visu
1450 449 1614 517 iligna
1653 443 1746 500 sed
1781 447 1826 504 A
1856 443 2099 504 ducenti,
2127 450 2181 496 ct
2214 443 2268 496 in
2304 441 2451 494 hunc
2487 439 2703 492 irruens
2739 439 2792 488 et
2825 430 3192 500 captivitatem
3228 427 3435 494 eripit

183 555 462 613 corrupta,
489 537 696 612 pthisin
721 543 974 598 incurrit.
1012 543 1075 596 Et
1099 558 1222 595 cum
1253 551 1399 594 esset
1428 539 1755 602 moriturus,

183 639 361 693 accito
399 636 718 706 patriarcha
750 635 962 691 Joanne
1013 646 1180 703 atque
1220 643 1414 686 senatu
1475 645 1583 684 una
1633 643 1757 684 cum

186 731 422 792 militiis,
468 730 523 784 in
558 729 918 785 tribunalium
957 729 1152 784 lectica
1200 735 1287 781 est
1323 725 1678 794 deportatus;
1707 728 1763 776 et

185 826 314 896 quia
353 825 503 894 loqui
540 838 650 878 non
690 828 930 892 poterat,
975 835 1071 890 per
1117 816 1610 889 epanagnosticou,
1643 827 1766 886 qua

190 919 358 973 rebus
397 916 770 972 Romanorum
819 922 976 969 erant
1013 913 1193 977 utilia,
1246 910 1536 966 manifesta
1566 906 1767 977 pepulo

190 1011 356 1076 iecit,
429 1016 483 1063 et
549 1007 872 1063 Mauricium
935 1020 1198 1075 generum
1261 1019 1424 1060 suum
1496 997 1770 1056 nuntiavit

189 1105 604 1174 imperatorem.
646 1098 836 1166 Itaque
867 1114 991 1153 cum
1034 1111 1226 1152 omnes
1260 1093 1613 1166 imperatoris
1649 1089 1770 1145 lau-

188 1199 416 1251 dassent
445 1192 739 1248 consilium
775 1199 940 1261 atque
969 1189 1300 1244 Mauricium
1346 1170 1766 1258 imperatorem,

192 1301 497 1342 conversus
527 1283 785 1340 Tiberius
831 1284 886 1336 in
932 1283 1076 1338 lecto
1121 1295 1224 1337 suo
1257 1281 1404 1335 diem
1439 1279 1600 1341 obiit,
1645 1289 1771 1328 cum

195 1389 482 1451 regnasset
521 1378 682 1435 annis
731 1376 933 1441 tribus,
988 1373 1273 1430 mensibus
1317 1372 1529 1433 decem,
1579 1367 1780 1424 diebus

193 1483 341 1532 octo.

268 1565 458 1624 Mundi
483 1579 626 1617 anno
644 1559 804 1624 6075,
831 1557 1031 1614 divina:
1053 1553 1457 1613 incarnationis
1477 1566 1627 1608 anno
1643 1550 1775 1617 575,

194 1663 499 1720 Mauricius
531 1660 795 1727 imperat;
828 1655 1132 1724 eodemque
1174 1667 1321 1708 anno
1353 1650 1630 1722 legatione
1661 1646 1780 1702 fun-

198 1766 406 1828 guntur
454 1755 662 1809 Avarcs
715 1749 781 1803 ad
837 1749 1226 1816 imperatorem
1271 1743 1625 1806 Mauricium,
1679 1740 1774 1811 qui

1857 546 1910 591 et
1940 535 2166 588 victoria
2197 547 2393 601 magna
2417 529 2645 584 indutus
2674 533 2778 580 est.

1930 623 2119 679 Tertio
2145 621 2357 692 imperii
2387 617 2636 672 Mauricii
2662 629 2807 668 anno
2833 609 3172 680 Philippicas
3205 608 3443 677 sumptis

1861 716 2200 774 exercitibus
2244 712 2311 767 ad
2362 711 2641 766 Persicam
2693 706 2972 777 regionem
3007 700 3291 773 profectus
3337 709 3443 759 cst,

1862 821 1917 868 et
1933 819 2092 882 capta
2116 809 2402 863 Arxenene
2429 817 2678 874 magnam
2705 798 2940 868 prmdam
2962 795 3224 858 obtinuit,
3260 801 3313 847 et
3341 791 3451 845 loro

1865 906 2128 961 midinem
2164 910 2428 972 operatus
2457 906 2541 952 est
2565 893 2804 948 Persicis
2844 889 3197 945 exercitibus.
3235 884 3450 938 interea

1867 992 2410 1063 Constantinopolim
2439 989 2710 1058 languens
2737 989 2968 1049 remeat,
2987 979 3299 1048 militesque
3327 977 3450 1032 sine

1868 1091 2092 1148 lteslone
2123 1089 2188 1141 ad
2220 1085 2446 1157 propria
2471 1081 2829 1152 repedarunt.

1942 1183 2154 1248 Quarto
2185 1176 2403 1247 imperii
2436 1172 2687 1228 Mauricii
2721 1185 2868 1224 anno
2901 1166 3240 1236 Philippicas
3263 1177 3454 1231 egros.

1872 1291 1970 1332 sus
2017 1292 2048 1327 ιι
2096 1271 2247 1342 regia
2297 1269 2454 1331 urbe,
2509 1263 2751 1320 hostium
2808 1270 3026 1330 sumpto
3074 1263 3338 1326 apparatu
3387 1252 3456 1306 ad

1873 1367 2157 1424 civitatem
2209 1359 2462 1416 Amidam
2511 1363 2794 1428 properat,
2849 1360 2905 1408 et
2948 1350 3198 1405 collectis
3235 1345 3464 1400 armatis

1875 1454 2345 1532 percunctabatur
2392 1467 2488 1508 eos
2526 1449 2574 1504 si
2621 1450 2676 1502 in
2713 1451 2970 1515 promptu
3019 1441 3281 1495 baberent
3330 1450 3462 1507 pm-

1876 1529 2119 1622 perandi-
2136 1548 2204 1603 ad
2236 1545 2460 1602 bellum.
2493 1543 2593 1596 Ast
2621 1537 2885 1594 Romanis
2907 1533 3238 1604 iuramentis
3262 1529 3463 1584 credu-

1879 1646 1992 1700 lum
2022 1657 2149 1699 eum
2179 1636 2539 1696 reddentibus
2569 1648 2628 1689 se
2657 1630 2924 1686 alacriter
2953 1626 3277 1687 bellaturos,
3313 1619 3467 1676 venit

1886 1740 1954 1795 ad
2004 1735 2330 1792 Aaazarbon
2359 1750 2374 1787 :
2403 1741 2458 1785 at
2504 1741 2636 1784 vero
2673 1722 3005 1791 Cardarigas
3038 1719 3142 1774 hoc
3179 1721 3473 1784 comperto

454 1801 659 1809 --ν-η-
718 1801 779 1803 ,_
841 1801 848 1803 .
917 1801 969 1816 ,κ
1612 1801 1621 1806 ,
1697 1801 1712 1811 _

202 1862 331 1905 ante
365 1849 530 1902 breve
561 1851 778 1912 tempus
807 1839 1070 1896 Sirmium
1117 1838 1470 1908 subegerant,
1511 1833 1782 1903 insignem
1813 1801 1861 1859 η
1889 1829 2028 1887 risui
2080 1825 2419 1883 auditionem
2470 1817 2791 1880 mandabat,
2832 1812 3106 1870 somnium
3155 1821 3280 1862 esse
3321 1802 3470 1872 quod

202 1941 484 1999 civitatem
517 1937 769 2005 Europae,
808 1933 1156 2004 postulantes
1187 1929 1506 1998 octuagiuta
1541 1925 1787 1982 millibus

205 2036 351 2100 auri,
401 2048 523 2104 qua:
568 2029 913 2099 accipiebant
947 2042 1044 2097 per
1079 2039 1278 2088 annos,
1310 2039 1340 2076 a
1373 2021 1636 2076 Romanis
1681 2017 1787 2072 alia

208 2124 504 2199 superaddi
554 2122 746 2192 viginti
775 2139 792 2177 :
823 2121 1126 2191 imperator
1171 2125 1353 2172 autem
1415 2129 1604 2182 pacem
1659 2111 1792 2167 alle-

209 2231 366 2278 ctaus
396 2220 502 2274 bos
531 2215 778 2273 admisit.
809 2212 1011 2269 Petivit
1036 2218 1218 2264 autem
1252 2207 1322 2264 ad
1349 2205 1643 2260 videndum
1682 2201 1791 2257 sibi

211 2323 263 2370 et
304 2306 679 2383 elephantem,
713 2304 919 2362 animal
947 2302 1216 2366 lndicmn,
1254 2299 1438 2364 mitti;
1480 2295 1572 2352 cui
1619 2296 1794 2363 impe-

214 2412 365 2462 rator
413 2401 678 2474 majorem
725 2397 988 2454 omnibus
1036 2393 1226 2459 misit;
1271 2405 1440 2461 quem
1481 2387 1578 2442 ille
1612 2385 1797 2442 visum

216 2496 431 2554 remisit
479 2497 544 2550 ad
591 2493 1006 2563 imperatorem.
1055 2484 1325 2542 Similiter
1367 2489 1420 2536 et
1451 2480 1656 2536 lectum
1693 2492 1797 2532 au-

218 2602 372 2645 reum
413 2584 519 2641 sibi
549 2581 694 2638 mitti
723 2579 919 2654 petiit;
961 2576 1057 2634 sed
1083 2583 1138 2632 et
1175 2575 1280 2629 hoc
1319 2573 1620 2641 imperator
1649 2567 1799 2623 misit

220 2681 286 2736 ad
317 2694 443 2734 eum
478 2693 496 2729 :
525 2675 641 2746 ipse
676 2687 806 2728 vero
838 2678 892 2726 et
943 2670 1087 2723 hunc
1129 2673 1510 2733 contemptum
1559 2658 1797 2715 remisit.

225 2769 538 2827 Postulabat
563 2773 742 2821 autem
782 2763 980 2818 iterum
1009 2761 1112 2814 alia
1145 2757 1336 2829 viginti
1372 2756 1543 2810 millia
1575 2760 1799 2810 centum

226 2868 375 2922 addi.
413 2865 569 2932 Quod
619 2862 951 2930 imperatore
987 2873 1096 2912 non
1129 2855 1474 2914 admittente,
1518 2851 1805 2920 chaganus

227 2961 579 3032 Siggidonem
636 2955 915 3010 civitatem
975 2948 1244 3006 subvertit
1305 2954 1359 3000 et
1410 2945 1612 2999 multas
1667 2942 1806 2996 alias
1841 2963 1858 2976 δ

228 3058 392 3111 urbes
427 3053 600 3120 cepit,
630 3049 844 3120 Illyrico
885 3043 1261 3112 subjacentcs.
1303 3038 1372 3092 At
1407 3051 1536 3092 vero
1571 3037 1810 3104 impera-

1887 1921 2177 1979 dicebatur
2198 1917 2459 1986 epinans,
2481 1909 2880 1976 accersitisque
2899 1902 3074 1972 magis
3091 1893 3472 1963 interrogabat

1890 2015 2018 2088 quis
2052 2011 2158 2066 crit
2189 2005 2437 2063 victoria:
2478 2001 2760 2057 dominus.
2805 1998 2906 2052 Ast
2932 1994 3240 2049 daemonum
3285 1986 3480 2057 placa-

1892 2080 2044 2160 tores
2069 2101 2270 2157 Persas
2303 2094 2627 2152 astruebant
2655 2106 2685 2145 a
2719 2089 2830 2144 diis
2867 2083 3158 2141 victoriam
3185 2080 3474 2134 allaturos.

1893 2197 2188 2254 Exsultant
2234 2193 2405 2263 igitur
2453 2203 2621 2258 super
2665 2185 2756 2240 bis
2806 2183 2984 2238 Persa:
3032 2188 3317 2247 magorum
3366 2166 3478 2224 laeti

1891 2285 2364 2365 promissionibus
2394 2281 2549 2346 facti,
2595 2285 2652 2334 et
2699 2280 2924 2347 patrant
2953 2269 3228 2327 continuo
3265 2265 3482 2334 ligneos

1895 2363 2192 2453 compedes
2221 2394 2287 2435 ex
2317 2377 2463 2447 ligno
2496 2382 2550 2428 et
2578 2371 2748 2434 ferro,
2782 2367 2984 2439 quibus
3020 2363 3298 2418 Romanos
3323 2368 3483 2411 com-

1897 2446 2116 2546 peditos
2160 2446 2430 2524 vinciant.
2465 2464 2671 2518 Praetor
2701 2467 2884 2516 autem
2917 2459 3228 2512 commovet
3271 2446 3481 2500 Roma-

1901 2583 2030 2630 nos,
2070 2580 2140 2620 ne
2171 2575 2426 2634 agrorum
2474 2558 2695 2613 labores
2733 2550 3122 2610 extet-minent,
3172 2559 3242 2600 ne
3267 2538 3488 2613 iustitia

1905 2659 2025 2719 Dei,
2051 2672 2174 2728 quze
2209 2653 2410 2708 malum
2437 2649 2576 2712 odit,
2601 2643 2890 2701 victoriam
2921 2639 2985 2692 ad
3008 2637 3278 2691 Barbaros
3305 2639 3492 2684 trans-

1908 2716 2083 2805 ferat:
2101 2748 2332 2801 Postera
2367 2754 2500 2810 ergo
2527 2738 2615 2791 die
2651 2741 2853 2806 praetor
2884 2726 3071 2795 dirigit
3099 2722 3238 2776 duos
3267 2716 3492 2788 phylar-

1909 2844 2046 2900 cltos
2101 2840 2531 2895 Saracenorum,
2583 2836 2638 2883 et
2699 2825 2925 2894 capiunt
2969 2818 3167 2873 Persas
3214 2811 3489 2869 viventes,

1910 2952 2008 3009 per
2061 2949 2202 3002 quos
2248 2936 2428 2983 motus
2474 2919 2919 2978 adversariorum
2976 2909 3312 2964 didicerunt,
3362 2898 3496 2969 quia

1913 3027 2269 3080 asseruerunt
2303 3014 2586 3071 Dominico
2618 3009 2706 3062 die
2730 3005 2866 3059 velle
2900 2999 3178 3053 Barbaros
3205 2995 3260 3047 in
3288 2991 3494 3042 Roma-

231 3082 392 3111 I‘rllca
427 3082 600 3120 ςεμιι,
630 3082 844 3120 ιηδιιυυ
885 3082 1261 3112 διιυδυιννιισυυο
1303 3082 1372 3092 ο..-
1419 3082 1488 3092 -ν-
1507 3082 1532 3089 .-
1575 3082 1778 3104 aur"-..

231 3160 314 3204 tor
337 3145 647 3216 Helpidium
670 3138 964 3211 patriciqu
990 3149 1116 3190 cum
1139 3129 1480 3188 Comentiolo
1506 3129 1712 3198 legatos
1739 3125 1805 3180 ad
1835 3150 1882 3208 ο
1915 3133 2015 3171 nos
2045 3115 2281 3168 irrucre.
2315 3107 2488 3161 Porro
2514 3100 2860 3169 Pbilippicus
2887 3089 3132 3148 diluculo
3156 3086 3278 3139 vale
3302 3082 3498 3136 dicens

1914 3209 1949 3216 ’“
2134 3206 2144 3216 ⁸
2238 3209 2252 3216 -
2297 3199 2330 3216 "
2399 3214 2414 3216 —
2455 3191 2813 3216 μΙ-ΑΙ--..-ἳ1...η
2848 3181 3085 3216 Λιιηιιυικίί
3124 3178 3186 3216 Ωιι
3221 3172 3498 3216 nrn-Iillln-

234 3243 280 3292 cl
304 3252 539 3310 agonum
572 3231 908 3289 transmisit.
957 3229 1028 3282 At
1068 3242 1199 3282 vero
1229 3224 1506 3278 Barbarus
1545 3223 1604 3276 in
1642 3234 1810 3290 spon-

238 3331 492 3389 sionibus
531 3338 814 3398 pactorum
862 3336 1025 3392 agere
1064 3334 1122 3374 se
1151 3333 1342 3388 pacem
1380 3313 1668 3386 professus
1706 3319 1809 3368 est.

239 3425 294 3479 lu
331 3424 561 3478 Oriente
609 3433 740 3475 vero
783 3416 1050 3473 Joannem
1103 3411 1472 3482 Mystaconem
1529 3414 1812 3476 praetorem

242 3517 514 3575 Armenia:
539 3513 690 3577 fecit,
719 3512 810 3580 qui
847 3507 1077 3563 veniens
1110 3505 1175 3558 ad
1218 3501 1546 3573 Nympltium
1577 3512 1813 3558 amnem,

247 3615 338 3668 ubi
373 3611 527 3683 Tigri
579 3607 799 3663 misceri
845 3600 1230 3673 dignoscitur,
1271 3597 1414 3651 bello
1465 3592 1821 3662 congreditur

246 3723 371 3761 cum
427 3700 728 3768 Cardariga
768 3697 1061 3752 Persarum
1116 3697 1373 3760 prtetore,
1420 3694 1479 3741 ct
1525 3683 1824 3754 praevalent

251 3796 484 3852 Romani
516 3792 781 3848 adversus
822 3784 1118 3840 Barbaros.
1161 3777 1496 3846 Cardarigas
1540 3789 1668 3828 vero
1716 3783 1823 3824 non

247 3900 334 3946 est
375 3885 659 3958 proprium
711 3893 933 3942 nomen,
971 3874 1066 3932 sed
1110 3870 1353 3942 dignitas
1399 3866 1635 3921 maxima
1684 3859 1828 3931 apud

244 3983 475 4040 Persas.

328 4069 581 4128 Secundo
632 4062 851 4136 imperii
909 4061 996 4119 sui
1068 4071 1216 4112 anno
1279 4050 1474 4109 consul
1537 4043 1834 4102 Mauricius

250 4163 597 4235 appellatur,
626 4167 679 4214 et
715 4156 920 4211 multos
950 4151 1249 4208 thesauros
1274 4144 1395 4200 urbi
1425 4139 1681 4204 donavit;
1708 4150 1839 4206 pro~

245 4227 407 4311 vobit
439 4261 622 4306 autem
649 4247 1014 4318 Philippicum
1039 4247 1335 4310 praetorem
1372 4231 1639 4297 Orientis,
1667 4227 1756 4283 cui
1787 4232 1842 4280 et

249 4346 518 4399 Cordiam
553 4354 799 4396 sororem
839 4351 998 4392 suam
1034 4335 1089 4388 in
1128 4327 1448 4399 coniugium
1487 4320 1736 4378 tradidit.
1773 4318 1844 4371 At

255 4454 391 4496 vero
425 4436 766 4506 Philippicas
809 4429 1065 4485 Persicas
1103 4421 1380 4492 arripiens
1420 4424 1604 4487 partes
1642 4423 1846 4482 appro-

258 4538 551 4614 pinquavit
582 4530 782 4591 Nisibi,
811 4538 864 4585 et
894 4533 1119 4596 repente
1153 4521 1208 4575 in
1241 4515 1522 4574 Persidem
1557 4512 1842 4582 ingressus

259 4595 492 4691 inultam
526 4625 768 4697 praedam
819 4595 1082 4687 sumpsit,
1131 4625 1297 4683 quam
1331 4621 1430 4678 per
1471 4611 1686 4658 montes
1729 4595 1843 4653 sal-

262 4741 390 4780 vam
428 4723 640 4777 ducens
685 4716 740 4769 in
790 4709 1075 4766 Medorum
1124 4703 1404 4775 regionem
1452 4689 1753 4754 transtulit,
1793 4694 1847 4742 et

265 4817 459 4871 ttzttltis
510 4812 624 4868 illic
662 4806 813 4862 villis
866 4797 1248 4860 exterminatis
1299 4792 1364 4848 ad
1417 4789 1664 4842 Romana
1715 4794 1847 4836 rura

263 4921 528 4965 reversus
553 4911 656 4958 est.
703 4898 877 4953 Porro
902 4894 1185 4962 chaganus
1222 4887 1462 4940 Avarum
1490 4890 1676 4949 pacem
1724 4871 1842 4928 sol-

265 5015 402 5058 v.-re
455 4993 756 5053 festinabat
785 5007 800 5044 :
828 5002 954 5044 nam
1005 4980 1393 5038 Sclavinorum
1433 4978 1621 5042 gentes
1654 4971 1848 5020 contra

271 5096 550 5149 Thracem
613 5083 890 5147 armavit,
946 5091 1069 5149 quae
1124 5072 1494 5144 pervenerunt
1552 5073 1724 5130 usque
1784 5053 1852 5109 ad

275 5187 475 5253 longos
535 5191 753 5244 muros,
807 5171 1043 5227 multum
1101 5164 1366 5219 facientes
1413 5153 1712 5210 excidium.
1755 5147 1856 5202 Ast

275 5242 584 5345 imperator
640 5242 829 5340 palatii
878 5260 1108 5318 cductis-
1154 5253 1369 5310 militiis
1415 5255 1469 5304 et
1523 5242 1776 5316 plebibus
1827 5255 1858 5294 e

278 5370 508 5425 civitate
577 5365 771 5434 longos
838 5369 1030 5412 muros
1085 5344 1352 5406 custodiri
1429 5335 1732 5412 praecepit,
1799 5339 1854 5386 et

280 5433 690 5518 Cumentiolum
735 5453 925 5506 ducem
975 5444 1241 5499 ordinans
1287 5444 1343 5492 et
1395 5445 1616 5487 armans
1667 5433 1860 5482 contra

281 5551 564 5608 Barbaros
603 5543 778 5608 misit,
822 5539 918 5612 qui
965 5537 1240 5605 insperate
1285 5528 1343 5583 in
1382 5523 1655 5579 Barbaros
1697 5531 1862 5572 ruens

285 5644 544 5714 copiosas
592 5608 978 5693 multitudines
1031 5621 1330 5685 interfecit,
1371 5619 1584 5686 hosque
1635 5608 1860 5682 pepulit.

287 5739 428 5793 Cum
476 5740 656 5788 autern
685 5725 1026 5800 pervenisset
1066 5711 1518 5783 Hadrianopolim
1548 5745 1564 5769 ,
1623 5701 1865 5760 occurrit

299 5826 636 5894 hulragasto
686 5791 1062 5874 multitudines
1103 5805 1482 5863 Srlavinorum
1526 5811 1650 5852 cum
1685 5791 1864 5865 przcda

1914 3206 2204 3270 Romanis,
2237 3199 2419 3254 tribus
2454 3191 2818 3265 pltalangilms
2847 3181 3092 3240 orcurrit
3123 3178 3187 3232 ad
3221 3172 3499 3246 pra-lium,

1929 3304 2160 3369 ipseque
2192 3299 2480 3362 assumpta
2519 3287 2605 3342 dei
2642 3281 2786 3338 virili
2828 3278 3025 3338 forma,
3055 3285 3216 3342 quant
3287 3264 3500 3319 acbiro-

1920 3397 2150 3466 poieton
2196 3385 2432 3442 Romani
2482 3379 2807 3454 praedicant,
2843 3371 3162 3426 discurrens
3211 3375 3308 3433 per
3351 3355 3504 3410 acies

1921 3485 2150 3543 armatis
2194 3480 2438 3535 divinam
2479 3467 2900 3540 impartiebatur
2936 3459 3218 3514 virtutem,
3253 3458 3306 3504 ct
3348 3455 3507 3502 stans

1923 3587 2048 3650 post
2089 3573 2292 3633 aciem,
2339 3567 2456 3621 haec
2506 3561 2756 3616 retinens
2798 3566 2972 3614 arma,
3024 3542 3273 3601 lacrimis
3319 3535 3510 3592 multis

1926 3631 2088 3726 deum
2123 3631 2402 3736 placabat,
2452 3655 2548 3727 qui
2581 3647 2888 3706 ccelestittm
2926 3639 3184 3698 ordinum
3228 3631 3513 3702 principes

1931 3725 2293 3815 auxilia-tores
2323 3725 2648 3814 assumpsit.
2685 3739 2820 3792 Cum
2857 3742 3041 3790 autem
3073 3725 3278 3780 bellum
3319 3733 3515 3788 agere-

1933 3862 2044 3914 tur,
2093 3842 2405 3898 Vitalianus
2445 3835 2704 3906 princeps
2755 3824 2893 3881 aciei
2939 3817 3200 3875 omnibus
3248 3809 3517 3866 audacius

1933 3949 2125 3998 motus
2160 3934 2489 4008 phalangem
2535 3925 2827 3980 Persarum
2860 3913 3100 3983 disrupit
3132 3919 3188 3964 et
3231 3903 3515 3961 sarcinam

1936 4035 2086 4089 tulit.
2123 4005 2358 4084 Romani
2389 4028 2573 4076 autem
2602 4015 2752 4071 circa
2778 4008 2953 4081 spolia
2985 4005 3274 4074 creperum
3299 4006 3521 4056 vacare,

1939 4141 2080 4201 quos
2126 4117 2413 4190 accipiens
2455 4107 2819 4179 Philippices,
2874 4115 2943 4156 ne
2975 4097 3042 4151 ad
3089 4090 3316 4149 exuvias
3351 4085 3521 4140 etiam

1942 4175 2142 4287 ;eiiqui
2180 4206 2390 4268 reversi
2438 4199 2616 4276 praelii
2664 4193 3126 4252 obliviscerentur
3156 4175 3524 4245 conversique

1957 4272 2189 4369 Barbari
2217 4272 2508 4378 perderent
2539 4285 2966 4360 eos,'l‘heodoro
2998 4279 3200 4337 llibino
3229 4272 3380 4346 galea
3422 4281 3526 4322 sua

1951 4401 2231 4474 imposita,
2264 4391 2417 4449 misit
2448 4386 2628 4462 gladio
2669 4387 2961 4454 percutere
3004 4388 3096 4427 eos
3134 4367 3224 4438 qui
3255 4359 3528 4419 vacabant

1872 4493 1918 4549 ἰ)
1949 4499 2100 4553 circa
2125 4489 2393 4552 exuvias;
2421 4496 2582 4554 quem
2620 4477 2868 4532 videntes
2914 4475 2966 4523 et
2995 4461 3376 4520 existimantes
3405 4462 3533 4505 esse

1950 4542 2344 4657 Philippm-um,
2372 4542 2621 4634 dimissis
2667 4566 2861 4640 spoliis
2908 4562 3274 4630 properarunt
3305 4546 3371 4600 ad
3415 4542 3533 4613 belg

1952 4685 2092 4739 lum.
2119 4680 2254 4734 Cum
2299 4681 2486 4728 autem
2518 4665 2721 4722 bellum
2771 4657 2970 4713 multas
3007 4665 3101 4723 per
3128 4647 3293 4700 horas
3339 4651 3532 4705 agere-

1957 4786 2067 4836 tur,
2107 4786 2210 4826 vox
2247 4768 2303 4822 lit
2351 4781 2380 4818 a
2428 4767 2660 4833 praetore
2703 4751 2994 4805 Persarum
3043 4753 3216 4810 equos
3247 4737 3537 4804 percutere

1955 4865 2204 4929 lanceis;
2234 4873 2345 4930 quo
2383 4855 2526 4908 facto
2565 4849 2618 4902 in
2657 4844 2840 4914 fugam
2879 4848 3074 4890 versus
3107 4840 3189 4884 est
3237 4824 3536 4878 Persarum

2894 4929 2899 4930 ,
2944 4926 2977 4930 _
3160 4921 3173 4930 ,
3409 4910 3502 4930 Ἠ,

1961 4910 2266 5014 exercittis:
2296 4956 2351 5000 et
2382 4939 2663 5010 triumpho
2701 4929 2904 5004 ingenti
2944 4921 3173 4980 Romani
3209 4915 3360 4988 poiti
3395 4910 3538 4964 ntul-

1963 5059 2052 5104 tos
2097 5062 2166 5100 ex
2216 5041 2298 5098 eis
2354 5035 2703 5108 peremerunt
2757 5031 2811 5078 0t
2861 5019 3262 5088 spoliaverunt.
3316 5007 3541 5060 Postera

1963 5153 2093 5194 vero
2119 5133 2208 5189 die
2236 5135 2474 5196 sumptis
2515 5116 2814 5174 virtutibus
2847 5109 2964 5165 suis
2992 5103 3317 5169 Cardarigas
3346 5104 3542 5148 rursus
3623 5121 3632 5125 -

1966 5231 2034 5288 ad
2064 5227 2265 5284 bellum
2298 5227 2568 5278 armatur,
2597 5220 2650 5266 et
2689 5204 2933 5265 secundo
2964 5197 3152 5270 prazlio
3181 5197 3334 5288 gesto
3361 5185 3545 5288 (lan

1966 5325 2194 5378 vincunt
2216 5311 2472 5370 Roniani,
2501 5318 2552 5360 ct
2585 5301 2912 5358 occiduntur
2943 5292 3124 5346 Persa:
3167 5277 3346 5337 multi.
3378 5273 3544 5329 Com-

1971 5467 2312 5566 rrnittuntur;
2385 5491 2598 5560 aufugit
2666 5494 2886 5556 quoque
2951 5467 3322 5533 Cardarigas,
3378 5470 3543 5529 quem

1971 5603 2152 5658 Persa:
2197 5550 2322 5650 cum
2376 5550 2597 5658 injuriis
2643 5550 2938 5648 respuunt.
2990 5569 3162 5623 Porro
3200 5553 3546 5624 Philippicas
3611 5550 3641 5588 κ

1974 5693 2306 5751 Hct‘aclium,
2340 5646 2575 5738 Heraclii
2611 5646 2956 5741 imperatoris
3010 5664 3218 5726 patrem
3243 5691 3258 5715 ,
3299 5646 3546 5747 subpres-

1975 5798 2146 5843 torcm
2199 5782 2262 5837 ad
2308 5769 2744 5846 explorationem
2785 5756 3152 5814 Barbarorum
3204 5733 3539 5799 transmisit,
