  <div class='ocr_page' id='page_1' title='image "/cluster/home/n/w/nwhite01/storage/ocr_20150623/108/hvd.32044073502320/643.png"; bbox 0 0 3906 6226; ppageno 0'>
   <div class='ocr_carea' id='block_1_1' title="bbox 418 300 3598 371">
    <p class='ocr_par' dir='ltr' id='par_1_1' title="bbox 418 300 3598 371">
     <span class='ocr_line' id='line_1_1' title="bbox 418 300 3598 371; baseline 0 -1"><span class='ocrx_word' id='word_1_1' title='bbox 418 306 553 370; x_wconf 70' lang='lat'><strong>1275</strong></span> <span class='ocrx_word' id='word_1_2' title='bbox 1489 301 1882 364; x_wconf 81' lang='lat' dir='ltr'><strong>ANAS’I‘ASII</strong></span> <span class='ocrx_word' id='word_1_3' title='bbox 1949 301 2310 363; x_wconf 79' lang='lat' dir='ltr'><strong>BIBLIOTH</strong></span> <span class='ocrx_word' id='word_1_4' title='bbox 2320 300 2579 363; x_wconf 67' lang='lat' dir='ltr'><strong>ECARII</strong></span> <span class='ocrx_word' id='word_1_5' title='bbox 3501 303 3598 371; x_wconf 68' lang='grc' dir='ltr'><strong>Ιῒὶϐ</strong></span> 
     </span>
    </p>
   </div>
   <div class='ocr_carea' id='block_1_2' title="bbox 417 411 3596 490">
    <p class='ocr_par' dir='ltr' id='par_1_2' title="bbox 417 411 3596 490">
     <span class='ocr_line' id='line_1_2' title="bbox 417 411 3596 490; baseline -0.003 -14"><span class='ocrx_word' id='word_1_6' title='bbox 417 419 765 490; x_wconf 84' lang='lat' dir='ltr'><strong>sumptisque</strong></span> <span class='ocrx_word' id='word_1_7' title='bbox 812 418 1023 474; x_wconf 74' lang='lat' dir='ltr'><strong>militiis</strong></span> <span class='ocrx_word' id='word_1_8' title='bbox 1060 417 1413 490; x_wconf 79' lang='lat' dir='ltr'><strong>Babyloniam</strong></span> <span class='ocrx_word' id='word_1_9' title='bbox 1449 417 1606 483; x_wconf 91' lang='lat' dir='ltr'><strong>adiit,</strong></span> <span class='ocrx_word' id='word_1_10' title='bbox 1649 426 1703 471; x_wconf 89' lang='lat' dir='ltr'><strong>et</strong></span> <span class='ocrx_word' id='word_1_11' title='bbox 1737 415 1996 472; x_wconf 82' lang='lat' dir='ltr'><strong>Chloma-</strong></span> <span class='ocrx_word' id='word_1_12' title='bbox 2023 412 2072 474; x_wconf 76' lang='grc' dir='ltr'><strong>Α</strong></span> <span class='ocrx_word' id='word_1_13' title='bbox 2100 413 2506 483; x_wconf 84' lang='lat' dir='ltr'><strong>Comentiolus,</strong></span> <span class='ocrx_word' id='word_1_14' title='bbox 2577 413 2670 486; x_wconf 86' lang='lat' dir='ltr'><strong>qui</strong></span> <span class='ocrx_word' id='word_1_15' title='bbox 2729 414 2783 468; x_wconf 92' lang='lat' dir='ltr'><strong>in</strong></span> <span class='ocrx_word' id='word_1_16' title='bbox 2825 413 2982 469; x_wconf 88' lang='lat' dir='ltr'><strong>silvis</strong></span> <span class='ocrx_word' id='word_1_17' title='bbox 3028 411 3172 468; x_wconf 68' lang='lat' dir='ltr'><strong>Emi</strong></span> <span class='ocrx_word' id='word_1_18' title='bbox 3223 413 3465 482; x_wconf 75' lang='lat' dir='ltr'><strong>latitabat,</strong></span> <span class='ocrx_word' id='word_1_19' title='bbox 3507 436 3596 475; x_wconf 82' lang='lat' dir='ltr'><strong>rum</strong></span> 
     </span>
    </p>
   </div>
   <div class='ocr_carea' id='block_1_3' title="bbox 421 497 3601 582">
    <p class='ocr_par' dir='ltr' id='par_1_3' title="bbox 421 497 3601 582">
     <span class='ocr_line' id='line_1_3' title="bbox 421 497 3601 582; baseline 0 -18"><span class='ocrx_word' id='word_1_20' title='bbox 421 526 606 564; x_wconf 83' lang='lat' dir='ltr'><strong>rerum</strong></span> <span class='ocrx_word' id='word_1_21' title='bbox 674 497 962 563; x_wconf 82' lang='lat' dir='ltr'><strong>castellum</strong></span> <span class='ocrx_word' id='word_1_22' title='bbox 1027 509 1266 565; x_wconf 88' lang='lat' dir='ltr'><strong>obsidet.</strong></span> <span class='ocrx_word' id='word_1_23' title='bbox 1340 509 1408 562; x_wconf 78' lang='lat' dir='ltr'><strong>At</strong></span> <span class='ocrx_word' id='word_1_24' title='bbox 1472 524 1604 562; x_wconf 78' lang='lat' dir='ltr'><strong>vero</strong></span> <span class='ocrx_word' id='word_1_25' title='bbox 1668 507 1998 576; x_wconf 84' lang='lat' dir='ltr'><strong>Cardarigas</strong></span> <span class='ocrx_word' id='word_1_26' title='bbox 2103 506 2340 562; x_wconf 78' lang='lat' dir='ltr'><strong>Martino</strong></span> <span class='ocrx_word' id='word_1_27' title='bbox 2373 509 2563 574; x_wconf 89' lang='lat' dir='ltr'><strong>exivit,</strong></span> <span class='ocrx_word' id='word_1_28' title='bbox 2601 507 3021 579; x_wconf 84' lang='lat' dir='ltr'><strong>etperveniens</strong></span> <span class='ocrx_word' id='word_1_29' title='bbox 3051 505 3119 560; x_wconf 91' lang='lat' dir='ltr'><strong>ad</strong></span> <span class='ocrx_word' id='word_1_30' title='bbox 3161 506 3601 582; x_wconf 76' lang='lat' dir='ltr'><strong>chaganutuimpa-</strong></span> 
     </span>
    </p>
   </div>
   <div class='ocr_carea' id='block_1_4' title="bbox 418 599 3602 672">
    <p class='ocr_par' dir='ltr' id='par_1_4' title="bbox 418 599 3602 672">
     <span class='ocr_line' id='line_1_4' title="bbox 418 599 3602 672; baseline 0 -14"><span class='ocrx_word' id='word_1_31' title='bbox 418 603 569 672; x_wconf 84' lang='lat' dir='ltr'><strong>eligit</strong></span> <span class='ocrx_word' id='word_1_32' title='bbox 613 602 820 657; x_wconf 75' lang='lat' dir='ltr'><strong>milites</strong></span> <span class='ocrx_word' id='word_1_33' title='bbox 874 601 1077 658; x_wconf 83' lang='lat' dir='ltr'><strong>idiotas</strong></span> <span class='ocrx_word' id='word_1_34' title='bbox 1131 617 1256 658; x_wconf 88' lang='lat' dir='ltr'><strong>cum</strong></span> <span class='ocrx_word' id='word_1_35' title='bbox 1325 601 1708 671; x_wconf 84' lang='lat' dir='ltr'><strong>subjugnlibus</strong></span> <span class='ocrx_word' id='word_1_36' title='bbox 1759 599 1894 670; x_wconf 80' lang='lat'><strong>(56),</strong></span> <span class='ocrx_word' id='word_1_37' title='bbox 1944 607 2000 654; x_wconf 92' lang='lat' dir='ltr'><strong>et</strong></span> <span class='ocrx_word' id='word_1_38' title='bbox 2103 611 2282 656; x_wconf 89' lang='lat' dir='ltr'><strong>ratum</strong></span> <span class='ocrx_word' id='word_1_39' title='bbox 2335 603 2543 657; x_wconf 90' lang='lat' dir='ltr'><strong>invenit</strong></span> <span class='ocrx_word' id='word_1_40' title='bbox 2573 618 2638 658; x_wconf 89' lang='lat' dir='ltr'><strong>eo</strong></span> <span class='ocrx_word' id='word_1_41' title='bbox 2689 601 2835 672; x_wconf 87' lang='lat' dir='ltr'><strong>quod</strong></span> <span class='ocrx_word' id='word_1_42' title='bbox 2870 602 3110 655; x_wconf 78' lang='lat' dir='ltr'><strong>Avarum</strong></span> <span class='ocrx_word' id='word_1_43' title='bbox 3148 601 3426 657; x_wconf 70' lang='lat' dir='ltr'><strong>multitudo</strong></span> <span class='ocrx_word' id='word_1_44' title='bbox 3455 605 3602 662; x_wconf 75' lang='lat' dir='ltr'><strong>ditius:</strong></span> 
     </span>
    </p>
   </div>
   <div class='ocr_carea' id='block_1_5' title="bbox 420 693 3606 770">
    <p class='ocr_par' dir='ltr' id='par_1_5' title="bbox 420 693 3606 770">
     <span class='ocr_line' id='line_1_5' title="bbox 420 693 3606 770; baseline 0.002 -22"><span class='ocrx_word' id='word_1_45' title='bbox 420 696 581 748; x_wconf 87' lang='lat' dir='ltr'><strong>turba</strong></span> <span class='ocrx_word' id='word_1_46' title='bbox 625 695 855 750; x_wconf 87' lang='lat' dir='ltr'><strong>collecta</strong></span> <span class='ocrx_word' id='word_1_47' title='bbox 904 696 1209 750; x_wconf 89' lang='lat' dir='ltr'><strong>exercitum</strong></span> <span class='ocrx_word' id='word_1_48' title='bbox 1262 709 1322 750; x_wconf 91' lang='lat' dir='ltr'><strong>se</strong></span> <span class='ocrx_word' id='word_1_49' title='bbox 1364 709 1586 749; x_wconf 85' lang='lat' dir='ltr'><strong>movere</strong></span> <span class='ocrx_word' id='word_1_50' title='bbox 1628 693 1898 763; x_wconf 89' lang='lat' dir='ltr'><strong>jactabat,</strong></span> <span class='ocrx_word' id='word_1_51' title='bbox 1945 701 1999 746; x_wconf 90' lang='lat' dir='ltr'><strong>et</strong></span> <span class='ocrx_word' id='word_1_52' title='bbox 2102 704 2250 751; x_wconf 80' lang='lat' dir='ltr'><strong>esset</strong></span> <span class='ocrx_word' id='word_1_53' title='bbox 2301 711 2399 765; x_wconf 81' lang='lat' dir='ltr'><strong>per</strong></span> <span class='ocrx_word' id='word_1_54' title='bbox 2443 695 2748 760; x_wconf 80' lang='lat' dir='ltr'><strong>Thracem;</strong></span> <span class='ocrx_word' id='word_1_55' title='bbox 2781 702 2830 748; x_wconf 88' lang='lat' dir='ltr'><strong>et</strong></span> <span class='ocrx_word' id='word_1_56' title='bbox 2886 693 3064 763; x_wconf 87' lang='lat' dir='ltr'><strong>prima</strong></span> <span class='ocrx_word' id='word_1_57' title='bbox 3104 693 3293 763; x_wconf 81' lang='lat' dir='ltr'><strong>vigilia</strong></span> <span class='ocrx_word' id='word_1_58' title='bbox 3335 699 3487 753; x_wconf 88' lang='lat' dir='ltr'><strong>noctis</strong></span> <span class='ocrx_word' id='word_1_59' title='bbox 3512 714 3606 770; x_wconf 85' lang='lat' dir='ltr'><strong>pro-</strong></span> 
     </span>
    </p>
   </div>
   <div class='ocr_carea' id='block_1_6' title="bbox 423 784 3608 861">
    <p class='ocr_par' dir='ltr' id='par_1_6' title="bbox 423 784 3608 861">
     <span class='ocr_line' id='line_1_6' title="bbox 423 784 3608 861; baseline 0.001 -19"><span class='ocrx_word' id='word_1_60' title='bbox 423 803 516 855; x_wconf 89' lang='lat' dir='ltr'><strong>per</strong></span> <span class='ocrx_word' id='word_1_61' title='bbox 551 787 762 841; x_wconf 88' lang='lat' dir='ltr'><strong>munita</strong></span> <span class='ocrx_word' id='word_1_62' title='bbox 796 787 918 842; x_wconf 88' lang='lat' dir='ltr'><strong>loca</strong></span> <span class='ocrx_word' id='word_1_63' title='bbox 951 788 1191 843; x_wconf 85' lang='lat' dir='ltr'><strong>obseura</strong></span> <span class='ocrx_word' id='word_1_64' title='bbox 1237 795 1398 841; x_wconf 87' lang='lat' dir='ltr'><strong>nocte</strong></span> <span class='ocrx_word' id='word_1_65' title='bbox 1430 786 1486 841; x_wconf 89' lang='lat' dir='ltr'><strong>in</strong></span> <span class='ocrx_word' id='word_1_66' title='bbox 1515 785 1681 842; x_wconf 85' lang='lat' dir='ltr'><strong>dorsa</strong></span> <span class='ocrx_word' id='word_1_67' title='bbox 1722 784 1990 840; x_wconf 82' lang='lat' dir='ltr'><strong>Bomano-</strong></span> <span class='ocrx_word' id='word_1_68' title='bbox 2106 797 2261 854; x_wconf 87' lang='lat' dir='ltr'><strong>perat</strong></span> <span class='ocrx_word' id='word_1_69' title='bbox 2293 790 2563 845; x_wconf 86' lang='lat' dir='ltr'><strong>adversus</strong></span> <span class='ocrx_word' id='word_1_70' title='bbox 2602 789 2780 853; x_wconf 91' lang='lat' dir='ltr'><strong>illum,</strong></span> <span class='ocrx_word' id='word_1_71' title='bbox 2822 797 3081 857; x_wconf 87' lang='lat' dir='ltr'><strong>essetque</strong></span> <span class='ocrx_word' id='word_1_72' title='bbox 3114 789 3358 858; x_wconf 85' lang='lat' dir='ltr'><strong>profecto</strong></span> <span class='ocrx_word' id='word_1_73' title='bbox 3381 806 3407 844; x_wconf 89' lang='lat' dir='ltr'><strong>a</strong></span> <span class='ocrx_word' id='word_1_74' title='bbox 3434 808 3482 846; x_wconf 85' lang='lat' dir='ltr'><strong>se</strong></span> <span class='ocrx_word' id='word_1_75' title='bbox 3507 809 3608 861; x_wconf 85' lang='lat' dir='ltr'><strong>opus</strong></span> 
     </span>
    </p>
   </div>
   <div class='ocr_carea' id='block_1_7' title="bbox 419 878 3611 955">
    <p class='ocr_par' dir='ltr' id='par_1_7' title="bbox 419 878 3611 955">
     <span class='ocr_line' id='line_1_7' title="bbox 419 878 3611 955; baseline 0.003 -24"><span class='ocrx_word' id='word_1_76' title='bbox 419 895 538 932; x_wconf 92' lang='lat' dir='ltr'><strong>rum</strong></span> <span class='ocrx_word' id='word_1_77' title='bbox 568 878 903 944; x_wconf 77' lang='lat' dir='ltr'><strong>ciliciuntur,</strong></span> <span class='ocrx_word' id='word_1_78' title='bbox 941 895 1290 950; x_wconf 85' lang='lat' dir='ltr'><strong>nequaquam</strong></span> <span class='ocrx_word' id='word_1_79' title='bbox 1333 878 1564 935; x_wconf 86' lang='lat' dir='ltr'><strong>fidentes</strong></span> <span class='ocrx_word' id='word_1_80' title='bbox 1595 895 1654 934; x_wconf 90' lang='lat' dir='ltr'><strong>se</strong></span> <span class='ocrx_word' id='word_1_81' title='bbox 1699 894 1897 934; x_wconf 88' lang='lat' dir='ltr'><strong>manus</strong></span> <span class='ocrx_word' id='word_1_82' title='bbox 1945 879 1999 932; x_wconf 89' lang='lat' dir='ltr'><strong>in</strong></span> <span class='ocrx_word' id='word_1_83' title='bbox 2105 883 2296 952; x_wconf 89' lang='lat' dir='ltr'><strong>ingens</strong></span> <span class='ocrx_word' id='word_1_84' title='bbox 2325 889 2624 953; x_wconf 83' lang='lat' dir='ltr'><strong>patratum,</strong></span> <span class='ocrx_word' id='word_1_85' title='bbox 2660 881 2764 936; x_wconf 88' lang='lat' dir='ltr'><strong>nisi</strong></span> <span class='ocrx_word' id='word_1_86' title='bbox 2806 888 3042 936; x_wconf 90' lang='lat' dir='ltr'><strong>eventus</strong></span> <span class='ocrx_word' id='word_1_87' title='bbox 3074 880 3297 950; x_wconf 85' lang='lat' dir='ltr'><strong>quidam</strong></span> <span class='ocrx_word' id='word_1_88' title='bbox 3324 879 3504 938; x_wconf 82' lang='lat' dir='ltr'><strong>falleret</strong></span> <span class='ocrx_word' id='word_1_89' title='bbox 3523 885 3611 955; x_wconf 83' lang='lat' dir='ltr'><strong>ejus</strong></span> 
     </span>
    </p>
   </div>
   <div class='ocr_carea' id='block_1_8' title="bbox 419 970 3613 1044">
    <p class='ocr_par' dir='ltr' id='par_1_8' title="bbox 419 970 3613 1044">
     <span class='ocr_line' id='line_1_8' title="bbox 419 970 3613 1044; baseline 0.001 -20"><span class='ocrx_word' id='word_1_90' title='bbox 419 988 517 1026; x_wconf 84' lang='lat' dir='ltr'><strong>eos</strong></span> <span class='ocrx_word' id='word_1_91' title='bbox 561 972 857 1028; x_wconf 87' lang='lat' dir='ltr'><strong>missuros.</strong></span> <span class='ocrx_word' id='word_1_92' title='bbox 906 970 1132 1027; x_wconf 85' lang='lat' dir='ltr'><strong>Timore</strong></span> <span class='ocrx_word' id='word_1_93' title='bbox 1177 980 1365 1027; x_wconf 82' lang='lat' dir='ltr'><strong>autem</strong></span> <span class='ocrx_word' id='word_1_94' title='bbox 1405 971 1724 1040; x_wconf 89' lang='lat' dir='ltr'><strong>importuno</strong></span> <span class='ocrx_word' id='word_1_95' title='bbox 1769 971 2001 1027; x_wconf 91' lang='lat' dir='ltr'><strong>cadente</strong></span> <span class='ocrx_word' id='word_1_96' title='bbox 2105 983 2387 1029; x_wconf 85' lang='lat' dir='ltr'><strong>conatum.</strong></span> <span class='ocrx_word' id='word_1_97' title='bbox 2426 973 2547 1029; x_wconf 89' lang='lat' dir='ltr'><strong>Uno</strong></span> <span class='ocrx_word' id='word_1_98' title='bbox 2581 975 2786 1044; x_wconf 88' lang='lat' dir='ltr'><strong>quippe</strong></span> <span class='ocrx_word' id='word_1_99' title='bbox 2821 973 3104 1028; x_wconf 89' lang='lat' dir='ltr'><strong>animante</strong></span> <span class='ocrx_word' id='word_1_100' title='bbox 3136 988 3279 1028; x_wconf 85' lang='lat' dir='ltr'><strong>onus</strong></span> <span class='ocrx_word' id='word_1_101' title='bbox 3307 975 3613 1039; x_wconf 80' lang='lat' dir='ltr'><strong>subvertente,</strong></span> 
     </span>
    </p>
   </div>
   <div class='ocr_carea' id='block_1_9' title="bbox 423 1065 3616 1138">
    <p class='ocr_par' dir='ltr' id='par_1_9' title="bbox 423 1065 3616 1138">
     <span class='ocr_line' id='line_1_9' title="bbox 423 1065 3616 1138; baseline 0.002 -21"><span class='ocrx_word' id='word_1_102' title='bbox 423 1066 478 1119; x_wconf 91' lang='lat' dir='ltr'><strong>in</strong></span> <span class='ocrx_word' id='word_1_103' title='bbox 527 1065 900 1138; x_wconf 87' lang='lat' dir='ltr'><strong>Philippicum</strong></span> <span class='ocrx_word' id='word_1_104' title='bbox 926 1067 1051 1138; x_wconf 89' lang='lat' dir='ltr'><strong>fuga</strong></span> <span class='ocrx_word' id='word_1_105' title='bbox 1107 1067 1472 1124; x_wconf 89' lang='lat' dir='ltr'><strong>irrationabili</strong></span> <span class='ocrx_word' id='word_1_106' title='bbox 1528 1082 1664 1122; x_wconf 85' lang='lat' dir='ltr'><strong>usus</strong></span> <span class='ocrx_word' id='word_1_107' title='bbox 1719 1076 1826 1123; x_wconf 90' lang='lat' dir='ltr'><strong>est.</strong></span> <span class='ocrx_word' id='word_1_108' title='bbox 1880 1067 2003 1132; x_wconf 83' lang='lat' dir='ltr'><strong>Quo</strong></span> <span class='ocrx_word' id='word_1_109' title='bbox 2105 1069 2328 1138; x_wconf 89' lang='lat' dir='ltr'><strong>quidam</strong></span> <span class='ocrx_word' id='word_1_110' title='bbox 2362 1069 2589 1124; x_wconf 87' lang='lat' dir='ltr'><strong>domino</strong></span> <span class='ocrx_word' id='word_1_111' title='bbox 2623 1068 2924 1123; x_wconf 83' lang='lat' dir='ltr'><strong>animantis</strong></span> <span class='ocrx_word' id='word_1_112' title='bbox 2964 1067 3240 1122; x_wconf 83' lang='lat' dir='ltr'><strong>acclamat</strong></span> <span class='ocrx_word' id='word_1_113' title='bbox 3269 1082 3394 1124; x_wconf 86' lang='lat' dir='ltr'><strong>onus</strong></span> <span class='ocrx_word' id='word_1_114' title='bbox 3426 1068 3616 1138; x_wconf 75' lang='lat' dir='ltr'><strong>erigere,</strong></span> 
     </span>
    </p>
   </div>
   <div class='ocr_carea' id='block_1_10' title="bbox 423 1159 3620 1234">
    <p class='ocr_par' dir='ltr' id='par_1_10' title="bbox 423 1159 3620 1234">
     <span class='ocr_line' id='line_1_10' title="bbox 423 1159 3620 1234; baseline 0.002 -21"><span class='ocrx_word' id='word_1_115' title='bbox 423 1170 706 1229; x_wconf 88' lang='lat' dir='ltr'><strong>comperto</strong></span> <span class='ocrx_word' id='word_1_116' title='bbox 754 1161 988 1217; x_wconf 85' lang='lat' dir='ltr'><strong>Romani</strong></span> <span class='ocrx_word' id='word_1_117' title='bbox 1048 1161 1104 1216; x_wconf 91' lang='lat' dir='ltr'><strong>in</strong></span> <span class='ocrx_word' id='word_1_118' title='bbox 1160 1163 1342 1231; x_wconf 84' lang='lat' dir='ltr'><strong>fugam</strong></span> <span class='ocrx_word' id='word_1_119' title='bbox 1387 1161 1856 1217; x_wconf 86' lang='lat' dir='ltr'><strong>eonvertebantur</strong></span> <span class='ocrx_word' id='word_1_120' title='bbox 1907 1175 2004 1232; x_wconf 86' lang='lat' dir='ltr'><strong>per</strong></span> <span class='ocrx_word' id='word_1_121' title='bbox 2109 1167 2283 1234; x_wconf 84' lang='lat' dir='ltr'><strong>patria</strong></span> <span class='ocrx_word' id='word_1_122' title='bbox 2311 1164 2677 1230; x_wconf 84' lang='lat' dir='ltr'><strong>voce,dicens</strong></span> <span class='ocrx_word' id='word_1_123' title='bbox 2706 1161 3102 1226; x_wconf 84' lang='lat' dir='ltr'><strong>Torua,tarna,</strong></span> <span class='ocrx_word' id='word_1_124' title='bbox 3134 1159 3305 1229; x_wconf 76' lang='lat' dir='ltr'><strong>frater.</strong></span> <span class='ocrx_word' id='word_1_125' title='bbox 3329 1161 3386 1216; x_wconf 81' lang='lat' dir='ltr'><strong>Et</strong></span> <span class='ocrx_word' id='word_1_126' title='bbox 3407 1162 3620 1218; x_wconf 85' lang='lat' dir='ltr'><strong>dominus</strong></span> 
     </span>
    </p>
   </div>
   <div class='ocr_carea' id='block_1_11' title="bbox 426 1252 3618 1326">
    <p class='ocr_par' dir='ltr' id='par_1_11' title="bbox 426 1252 3618 1326">
     <span class='ocr_line' id='line_1_11' title="bbox 426 1252 3618 1326; baseline -0 -19"><span class='ocrx_word' id='word_1_127' title='bbox 426 1254 544 1308; x_wconf 88' lang='lat' dir='ltr'><strong>loca</strong></span> <span class='ocrx_word' id='word_1_128' title='bbox 586 1254 650 1308; x_wconf 93' lang='lat' dir='ltr'><strong>ad</strong></span> <span class='ocrx_word' id='word_1_129' title='bbox 684 1254 980 1309; x_wconf 90' lang='lat' dir='ltr'><strong>meandum</strong></span> <span class='ocrx_word' id='word_1_130' title='bbox 1025 1253 1284 1318; x_wconf 70' lang='lat' dir='ltr'><strong>difﬁcilia,</strong></span> <span class='ocrx_word' id='word_1_131' title='bbox 1321 1255 1493 1308; x_wconf 90' lang='lat' dir='ltr'><strong>multa</strong></span> <span class='ocrx_word' id='word_1_132' title='bbox 1531 1255 1878 1311; x_wconf 81' lang='lat' dir='ltr'><strong>incurrentes</strong></span> <span class='ocrx_word' id='word_1_133' title='bbox 1909 1270 2006 1324; x_wconf 88' lang='lat' dir='ltr'><strong>pe-</strong></span> <span class='ocrx_word' id='word_1_134' title='bbox 2109 1257 2328 1326; x_wconf 87' lang='lat' dir='ltr'><strong>quident</strong></span> <span class='ocrx_word' id='word_1_135' title='bbox 2356 1257 2517 1309; x_wconf 75' lang='lat' dir='ltr'><strong>mula:</strong></span> <span class='ocrx_word' id='word_1_136' title='bbox 2538 1269 2724 1310; x_wconf 90' lang='lat' dir='ltr'><strong>vocem</strong></span> <span class='ocrx_word' id='word_1_137' title='bbox 2763 1253 2989 1308; x_wconf 89' lang='lat' dir='ltr'><strong>minime</strong></span> <span class='ocrx_word' id='word_1_138' title='bbox 3021 1252 3324 1308; x_wconf 87' lang='lat' dir='ltr'><strong>sentiebat:</strong></span> <span class='ocrx_word' id='word_1_139' title='bbox 3350 1252 3435 1308; x_wconf 82' lang='lat' dir='ltr'><strong>sed</strong></span> <span class='ocrx_word' id='word_1_140' title='bbox 3461 1252 3618 1323; x_wconf 85' lang='lat' dir='ltr'><strong>populi</strong></span> 
     </span>
    </p>
   </div>
   <div class='ocr_carea' id='block_1_12' title="bbox 427 1344 3615 1414">
    <p class='ocr_par' dir='ltr' id='par_1_12' title="bbox 427 1344 3615 1414">
     <span class='ocr_line' id='line_1_12' title="bbox 427 1344 3615 1414; baseline 0.001 -17"><span class='ocrx_word' id='word_1_141' title='bbox 427 1345 626 1398; x_wconf 89' lang='lat' dir='ltr'><strong>ricula.</strong></span> <span class='ocrx_word' id='word_1_142' title='bbox 682 1344 930 1414; x_wconf 89' lang='lat' dir='ltr'><strong>Cumque</strong></span> <span class='ocrx_word' id='word_1_143' title='bbox 982 1346 1062 1401; x_wconf 90' lang='lat' dir='ltr'><strong>sol</strong></span> <span class='ocrx_word' id='word_1_144' title='bbox 1117 1354 1278 1403; x_wconf 87' lang='lat' dir='ltr'><strong>ortus</strong></span> <span class='ocrx_word' id='word_1_145' title='bbox 1333 1347 1551 1412; x_wconf 79' lang='lat' dir='ltr'><strong>fuisset,</strong></span> <span class='ocrx_word' id='word_1_146' title='bbox 1611 1362 1638 1400; x_wconf 93' lang='lat' dir='ltr'><strong>a</strong></span> <span class='ocrx_word' id='word_1_147' title='bbox 1693 1347 2004 1402; x_wconf 80' lang='lat' dir='ltr'><strong>calamitate</strong></span> <span class='ocrx_word' id='word_1_148' title='bbox 2110 1349 2215 1402; x_wconf 92' lang='lat' dir='ltr'><strong>hoc</strong></span> <span class='ocrx_word' id='word_1_149' title='bbox 2267 1349 2456 1403; x_wconf 87' lang='lat' dir='ltr'><strong>audito</strong></span> <span class='ocrx_word' id='word_1_150' title='bbox 2492 1347 2681 1402; x_wconf 86' lang='lat' dir='ltr'><strong>hostes</strong></span> <span class='ocrx_word' id='word_1_151' title='bbox 2737 1345 3030 1400; x_wconf 88' lang='lat' dir='ltr'><strong>imminere</strong></span> <span class='ocrx_word' id='word_1_152' title='bbox 3061 1344 3167 1401; x_wconf 89' lang='lat' dir='ltr'><strong>sibi</strong></span> <span class='ocrx_word' id='word_1_153' title='bbox 3213 1345 3536 1401; x_wconf 80' lang='lat' dir='ltr'><strong>existimantes</strong></span> <span class='ocrx_word' id='word_1_154' title='bbox 3571 1346 3615 1400; x_wconf 93' lang='lat' dir='ltr'><strong>in</strong></span> 
     </span>
    </p>
   </div>
   <div class='ocr_carea' id='block_1_13' title="bbox 427 1435 3617 1511">
    <p class='ocr_par' dir='ltr' id='par_1_13' title="bbox 427 1435 3617 1511">
     <span class='ocr_line' id='line_1_13' title="bbox 427 1435 3617 1511; baseline 0.001 -23"><span class='ocrx_word' id='word_1_155' title='bbox 427 1437 828 1503; x_wconf 80' lang='lat' dir='ltr'><strong>liberabantur,</strong></span> <span class='ocrx_word' id='word_1_156' title='bbox 858 1439 1076 1494; x_wconf 91' lang='lat' dir='ltr'><strong>nemine</strong></span> <span class='ocrx_word' id='word_1_157' title='bbox 1110 1451 1499 1511; x_wconf 81' lang='lat' dir='ltr'><strong>persequente,</strong></span> <span class='ocrx_word' id='word_1_158' title='bbox 1535 1451 1588 1495; x_wconf 93' lang='lat' dir='ltr'><strong>et</strong></span> <span class='ocrx_word' id='word_1_159' title='bbox 1626 1443 2005 1511; x_wconf 83' lang='lat' dir='ltr'><strong>pervenientes</strong></span> <span class='ocrx_word' id='word_1_160' title='bbox 2111 1437 2292 1509; x_wconf 89' lang='lat' dir='ltr'><strong>fugam</strong></span> <span class='ocrx_word' id='word_1_161' title='bbox 2329 1438 2578 1496; x_wconf 87' lang='lat' dir='ltr'><strong>conversi</strong></span> <span class='ocrx_word' id='word_1_162' title='bbox 2609 1445 2760 1502; x_wconf 91' lang='lat' dir='ltr'><strong>sunt,</strong></span> <span class='ocrx_word' id='word_1_163' title='bbox 2786 1446 2962 1499; x_wconf 84' lang='lat' dir='ltr'><strong>torua,</strong></span> <span class='ocrx_word' id='word_1_164' title='bbox 2993 1443 3169 1503; x_wconf 85' lang='lat' dir='ltr'><strong>torua,</strong></span> <span class='ocrx_word' id='word_1_165' title='bbox 3187 1435 3410 1491; x_wconf 85' lang='lat' dir='ltr'><strong>maximis</strong></span> <span class='ocrx_word' id='word_1_166' title='bbox 3428 1437 3617 1491; x_wconf 84' lang='lat' dir='ltr'><strong>vocibus</strong></span> 
     </span>
    </p>
   </div>
   <div class='ocr_carea' id='block_1_14' title="bbox 428 1510 3619 1604">
    <p class='ocr_par' dir='ltr' id='par_1_14' title="bbox 428 1510 3619 1604">
     <span class='ocr_line' id='line_1_14' title="bbox 428 1510 3619 1604; baseline 0.001 -24"><span class='ocrx_word' id='word_1_167' title='bbox 428 1529 494 1580; x_wconf 84' lang='lat' dir='ltr'><strong>ad</strong></span> <span class='ocrx_word' id='word_1_168' title='bbox 541 1537 830 1597; x_wconf 63' lang='lat' dir='ltr'><strong>praetorem</strong></span> <span class='ocrx_word' id='word_1_169' title='bbox 881 1529 1028 1584; x_wconf 89' lang='lat' dir='ltr'><strong>hunc</strong></span> <span class='ocrx_word' id='word_1_170' title='bbox 1084 1531 1303 1600; x_wconf 87' lang='lat' dir='ltr'><strong>injuriis</strong></span> <span class='ocrx_word' id='word_1_171' title='bbox 1337 1510 1600 1603; x_wconf 76' lang='lat' dir='ltr'><strong>pessimis</strong></span> <span class='ocrx_word' id='word_1_172' title='bbox 1631 1510 2007 1604; x_wconf 15' lang='lat' dir='ltr'><strong>rblasphema-</strong></span> <span class='ocrx_word' id='word_1_173' title='bbox 2110 1529 2506 1586; x_wconf 86' lang='lat' dir='ltr'><strong>exclamantes.</strong></span> <span class='ocrx_word' id='word_1_174' title='bbox 2553 1528 2850 1598; x_wconf 86' lang='lat' dir='ltr'><strong>Chaganus</strong></span> <span class='ocrx_word' id='word_1_175' title='bbox 2901 1538 3086 1584; x_wconf 89' lang='lat' dir='ltr'><strong>autem</strong></span> <span class='ocrx_word' id='word_1_176' title='bbox 3123 1529 3382 1599; x_wconf 78' lang='lat' dir='ltr'><strong>ingentem</strong></span> <span class='ocrx_word' id='word_1_177' title='bbox 3415 1528 3619 1583; x_wconf 78' lang='lat' dir='ltr'><strong>fni-midi-</strong></span> 
     </span>
    </p>
   </div>
   <div class='ocr_carea' id='block_1_15' title="bbox 429 1619 3624 1697">
    <p class='ocr_par' dir='ltr' id='par_1_15' title="bbox 429 1619 3624 1697">
     <span class='ocr_line' id='line_1_15' title="bbox 429 1619 3624 1697; baseline 0 -26"><span class='ocrx_word' id='word_1_178' title='bbox 429 1620 583 1676; x_wconf 87' lang='lat' dir='ltr'><strong>haut.</strong></span> <span class='ocrx_word' id='word_1_179' title='bbox 639 1619 842 1676; x_wconf 82' lang='lat' dir='ltr'><strong>Verum</strong></span> <span class='ocrx_word' id='word_1_180' title='bbox 908 1622 1086 1679; x_wconf 77' lang='lat' dir='ltr'><strong>Persae</strong></span> <span class='ocrx_word' id='word_1_181' title='bbox 1144 1625 1324 1679; x_wconf 88' lang='lat' dir='ltr'><strong>tictam</strong></span> <span class='ocrx_word' id='word_1_182' title='bbox 1388 1626 1772 1680; x_wconf 84' lang='lat' dir='ltr'><strong>existimantes</strong></span> <span class='ocrx_word' id='word_1_183' title='bbox 1820 1626 2005 1697; x_wconf 86' lang='lat' dir='ltr'><strong>fugam</strong></span> <span class='ocrx_word' id='word_1_184' title='bbox 2113 1637 2236 1678; x_wconf 90' lang='lat' dir='ltr'><strong>nem</strong></span> <span class='ocrx_word' id='word_1_185' title='bbox 2269 1621 2494 1678; x_wconf 85' lang='lat' dir='ltr'><strong>indutus</strong></span> <span class='ocrx_word' id='word_1_186' title='bbox 2517 1621 2737 1692; x_wconf 91' lang='lat' dir='ltr'><strong>penitus</strong></span> <span class='ocrx_word' id='word_1_187' title='bbox 2767 1620 3624 1692; x_wconf 81' lang='lat' dir='ltr'><strong>fugiebat,etvidebanturBarbari</strong></span> 
     </span>
    </p>
   </div>
   <div class='ocr_carea' id='block_1_16' title="bbox 432 1713 3632 1785">
    <p class='ocr_par' dir='ltr' id='par_1_16' title="bbox 432 1713 3632 1785">
     <span class='ocr_line' id='line_1_16' title="bbox 432 1713 3632 1785; baseline 0 -19"><span class='ocrx_word' id='word_1_188' title='bbox 432 1715 688 1782; x_wconf 87' lang='lat' dir='ltr'><strong>persequi</strong></span> <span class='ocrx_word' id='word_1_189' title='bbox 730 1715 851 1771; x_wconf 89' lang='lat' dir='ltr'><strong>ausi</strong></span> <span class='ocrx_word' id='word_1_190' title='bbox 908 1730 1016 1770; x_wconf 93' lang='lat' dir='ltr'><strong>non</strong></span> <span class='ocrx_word' id='word_1_191' title='bbox 1061 1726 1211 1772; x_wconf 91' lang='lat' dir='ltr'><strong>sunt.</strong></span> <span class='ocrx_word' id='word_1_192' title='bbox 1260 1717 1432 1772; x_wconf 86' lang='lat' dir='ltr'><strong>Porro</strong></span> <span class='ocrx_word' id='word_1_193' title='bbox 1485 1715 1778 1774; x_wconf 88' lang='lat' dir='ltr'><strong>lleraclius</strong></span> <span class='ocrx_word' id='word_1_194' title='bbox 1825 1725 2008 1773; x_wconf 54' lang='lat' dir='ltr'><strong>trans.</strong></span> <span class='ocrx_word' id='word_1_195' title='bbox 2048 1722 2172 1785; x_wconf 53' lang='lat' dir='ltr'><strong>“et</strong></span> <span class='ocrx_word' id='word_1_196' title='bbox 2213 1713 2448 1768; x_wconf 62' lang='lat' dir='ltr'><strong>Romani</strong></span> <span class='ocrx_word' id='word_1_197' title='bbox 2496 1714 2730 1770; x_wconf 84' lang='lat' dir='ltr'><strong>invicem</strong></span> <span class='ocrx_word' id='word_1_198' title='bbox 2788 1714 2997 1784; x_wconf 88' lang='lat' dir='ltr'><strong>fugere,</strong></span> <span class='ocrx_word' id='word_1_199' title='bbox 3054 1716 3276 1770; x_wconf 78' lang='lat' dir='ltr'><strong>nemine</strong></span> <span class='ocrx_word' id='word_1_200' title='bbox 3311 1722 3632 1785; x_wconf 79' lang='lat' dir='ltr'><strong>persequente.</strong></span> 
     </span>
    </p>
   </div>
   <div class='ocr_carea' id='block_1_17' title="bbox 433 1804 3632 1880">
    <p class='ocr_par' dir='ltr' id='par_1_17' title="bbox 433 1804 3632 1880">
     <span class='ocr_line' id='line_1_17' title="bbox 433 1804 3632 1880; baseline 0.003 -23"><span class='ocrx_word' id='word_1_201' title='bbox 433 1819 624 1860; x_wconf 87' lang='lat' dir='ltr'><strong>means</strong></span> <span class='ocrx_word' id='word_1_202' title='bbox 684 1807 914 1877; x_wconf 85' lang='lat' dir='ltr'><strong>Tigrim,</strong></span> <span class='ocrx_word' id='word_1_203' title='bbox 946 1824 1289 1879; x_wconf 68' lang='lat' dir='ltr'><strong>quaecunque</strong></span> <span class='ocrx_word' id='word_1_204' title='bbox 1322 1809 1543 1865; x_wconf 68' lang='lat' dir='ltr'><strong>Medicae</strong></span> <span class='ocrx_word' id='word_1_205' title='bbox 1578 1811 1821 1880; x_wconf 84' lang='lat' dir='ltr'><strong>regionis</strong></span> <span class='ocrx_word' id='word_1_206' title='bbox 1851 1822 2011 1867; x_wconf 90' lang='lat' dir='ltr'><strong>erant</strong></span> <span class='ocrx_word' id='word_1_207' title='bbox 2047 1804 2092 1822; x_wconf 81' lang='grc'>”</span> <span class='ocrx_word' id='word_1_208' title='bbox 2120 1804 2388 1862; x_wconf 66' lang='grc' dir='ltr'><strong>Ρηεῑθτθει</strong></span> <span class='ocrx_word' id='word_1_209' title='bbox 2421 1805 2703 1877; x_wconf 70' lang='lat' dir='ltr'><strong>Cllaganus</strong></span> <span class='ocrx_word' id='word_1_210' title='bbox 2733 1807 2972 1878; x_wconf 66' lang='lat' dir='ltr'><strong>sumptis</strong></span> <span class='ocrx_word' id='word_1_211' title='bbox 3004 1807 3304 1863; x_wconf 74' lang='lat' dir='ltr'><strong>virtutibus</strong></span> <span class='ocrx_word' id='word_1_212' title='bbox 3337 1807 3547 1878; x_wconf 71' lang='lat' dir='ltr'><strong>Apiriam</strong></span> <span class='ocrx_word' id='word_1_213' title='bbox 3573 1806 3632 1860; x_wconf 75' lang='grc' dir='ltr'><strong>οἱ·</strong></span> 
     </span>
    </p>
   </div>
   <div class='ocr_carea' id='block_1_18' title="bbox 433 1897 3642 1978">
    <p class='ocr_par' dir='ltr' id='par_1_18' title="bbox 433 1897 3642 1978">
     <span class='ocr_line' id='line_1_18' title="bbox 433 1897 3642 1978; baseline 0.001 -29"><span class='ocrx_word' id='word_1_214' title='bbox 433 1897 673 1970; x_wconf 85' lang='lat' dir='ltr'><strong>iusignia</strong></span> <span class='ocrx_word' id='word_1_215' title='bbox 707 1901 935 1971; x_wconf 68' lang='lat' dir='ltr'><strong>praedia,</strong></span> <span class='ocrx_word' id='word_1_216' title='bbox 974 1904 1086 1971; x_wconf 84' lang='lat' dir='ltr'><strong>igni</strong></span> <span class='ocrx_word' id='word_1_217' title='bbox 1119 1903 1396 1968; x_wconf 83' lang='lat' dir='ltr'><strong>tradebat,</strong></span> <span class='ocrx_word' id='word_1_218' title='bbox 1424 1913 1480 1958; x_wconf 91' lang='lat' dir='ltr'><strong>et</strong></span> <span class='ocrx_word' id='word_1_219' title='bbox 1515 1905 1594 1960; x_wconf 92' lang='lat' dir='ltr'><strong>sic</strong></span> <span class='ocrx_word' id='word_1_220' title='bbox 1629 1907 1695 1960; x_wconf 89' lang='lat' dir='ltr'><strong>ad</strong></span> <span class='ocrx_word' id='word_1_221' title='bbox 1741 1907 2009 1978; x_wconf 86' lang='lat' dir='ltr'><strong>Philippi-</strong></span> <span class='ocrx_word' id='word_1_222' title='bbox 2115 1903 2338 1958; x_wconf 86' lang='lat' dir='ltr'><strong>vitatem</strong></span> <span class='ocrx_word' id='word_1_223' title='bbox 2380 1901 2618 1966; x_wconf 86' lang='lat' dir='ltr'><strong>obsedit,</strong></span> <span class='ocrx_word' id='word_1_224' title='bbox 2666 1901 3062 1972; x_wconf 88' lang='lat' dir='ltr'><strong>inventumque</strong></span> <span class='ocrx_word' id='word_1_225' title='bbox 3113 1899 3299 1956; x_wconf 85' lang='lat' dir='ltr'><strong>Busan</strong></span> <span class='ocrx_word' id='word_1_226' title='bbox 3347 1901 3484 1956; x_wconf 82' lang='lat' dir='ltr'><strong>urbis</strong></span> <span class='ocrx_word' id='word_1_227' title='bbox 3516 1916 3642 1954; x_wconf 83' lang='lat' dir='ltr'><strong>man-</strong></span> 
     </span>
    </p>
   </div>
   <div class='ocr_carea' id='block_1_19' title="bbox 431 1992 3646 2067">
    <p class='ocr_par' dir='ltr' id='par_1_19' title="bbox 431 1992 3646 2067">
     <span class='ocr_line' id='line_1_19' title="bbox 431 1992 3646 2067; baseline 0 -23"><span class='ocrx_word' id='word_1_228' title='bbox 431 2006 554 2045; x_wconf 91' lang='lat' dir='ltr'><strong>cum</strong></span> <span class='ocrx_word' id='word_1_229' title='bbox 588 1992 754 2049; x_wconf 89' lang='lat' dir='ltr'><strong>rediit</strong></span> <span class='ocrx_word' id='word_1_230' title='bbox 777 2008 903 2049; x_wconf 93' lang='lat' dir='ltr'><strong>cum</strong></span> <span class='ocrx_word' id='word_1_231' title='bbox 937 1996 1134 2065; x_wconf 91' lang='lat' dir='ltr'><strong>spoliis</strong></span> <span class='ocrx_word' id='word_1_232' title='bbox 1163 1995 1377 2050; x_wconf 91' lang='lat' dir='ltr'><strong>multis.</strong></span> <span class='ocrx_word' id='word_1_233' title='bbox 2114 1996 2402 2067; x_wconf 85' lang='lat' dir='ltr'><strong>ganarium</strong></span> <span class='ocrx_word' id='word_1_234' title='bbox 2441 1995 2757 2052; x_wconf 82' lang='lat' dir='ltr'><strong>interficere</strong></span> <span class='ocrx_word' id='word_1_235' title='bbox 2785 1995 3091 2062; x_wconf 79' lang='lat' dir='ltr'><strong>nitebatur,</strong></span> <span class='ocrx_word' id='word_1_236' title='bbox 3123 1995 3218 2066; x_wconf 89' lang='lat' dir='ltr'><strong>qui</strong></span> <span class='ocrx_word' id='word_1_237' title='bbox 3248 1995 3490 2065; x_wconf 85' lang='lat' dir='ltr'><strong>pecunias</strong></span> <span class='ocrx_word' id='word_1_238' title='bbox 3517 2007 3646 2062; x_wconf 76' lang='lat' dir='ltr'><strong>mgn-</strong></span> 
     </span>
    </p>
   </div>
   <div class='ocr_carea' id='block_1_20' title="bbox 507 2084 3650 2161">
    <p class='ocr_par' dir='ltr' id='par_1_20' title="bbox 507 2084 3650 2161">
     <span class='ocr_line' id='line_1_20' title="bbox 507 2084 3650 2161; baseline 0 -22"><span class='ocrx_word' id='word_1_239' title='bbox 507 2084 692 2141; x_wconf 79' lang='lat' dir='ltr'><strong>Mundi</strong></span> <span class='ocrx_word' id='word_1_240' title='bbox 717 2102 865 2142; x_wconf 86' lang='lat' dir='ltr'><strong>anno</strong></span> <span class='ocrx_word' id='word_1_241' title='bbox 894 2086 1054 2155; x_wconf 81' lang='lat'><strong>6079,</strong></span> <span class='ocrx_word' id='word_1_242' title='bbox 1076 2089 1274 2147; x_wconf 72' lang='lat' dir='ltr'><strong>divinte</strong></span> <span class='ocrx_word' id='word_1_243' title='bbox 1298 2089 1696 2148; x_wconf 88' lang='lat' dir='ltr'><strong>incarnationis</strong></span> <span class='ocrx_word' id='word_1_244' title='bbox 1716 2107 1862 2149; x_wconf 91' lang='lat' dir='ltr'><strong>anno</strong></span> <span class='ocrx_word' id='word_1_245' title='bbox 1887 2094 2009 2160; x_wconf 86' lang='lat'><strong>579,</strong></span> <span class='ocrx_word' id='word_1_246' title='bbox 2116 2090 2212 2145; x_wconf 85' lang='lat' dir='ltr'><strong>bat</strong></span> <span class='ocrx_word' id='word_1_247' title='bbox 2243 2090 2290 2146; x_wconf 90' lang='lat' dir='ltr'><strong>ei</strong></span> <span class='ocrx_word' id='word_1_248' title='bbox 2333 2091 2537 2146; x_wconf 88' lang='lat' dir='ltr'><strong>multas</strong></span> <span class='ocrx_word' id='word_1_249' title='bbox 2566 2089 2834 2161; x_wconf 70' lang='lat' dir='ltr'><strong>praebere,</strong></span> <span class='ocrx_word' id='word_1_250' title='bbox 2863 2089 2910 2144; x_wconf 89' lang='lat' dir='ltr'><strong>si</strong></span> <span class='ocrx_word' id='word_1_251' title='bbox 2945 2090 3114 2144; x_wconf 85' lang='lat' dir='ltr'><strong>vitam</strong></span> <span class='ocrx_word' id='word_1_252' title='bbox 3149 2088 3257 2145; x_wconf 84' lang='lat' dir='ltr'><strong>sibi</strong></span> <span class='ocrx_word' id='word_1_253' title='bbox 3304 2089 3530 2144; x_wconf 84' lang='lat' dir='ltr'><strong>donaret.</strong></span> <span class='ocrx_word' id='word_1_254' title='bbox 3572 2085 3650 2142; x_wconf 86' lang='lat' dir='ltr'><strong>Ille</strong></span> 
     </span>
    </p>
   </div>
   <div class='ocr_carea' id='block_1_21' title="bbox 435 2178 2004 2258">
    <p class='ocr_par' dir='ltr' id='par_1_21' title="bbox 435 2178 2004 2258">
     <span class='ocr_line' id='line_1_21' title="bbox 435 2178 2004 2258; baseline 0.01 -28"><span class='ocrx_word' id='word_1_255' title='bbox 435 2178 634 2246; x_wconf 88' lang='lat' dir='ltr'><strong>quinto</strong></span> <span class='ocrx_word' id='word_1_256' title='bbox 685 2179 904 2250; x_wconf 87' lang='lat' dir='ltr'><strong>imperii</strong></span> <span class='ocrx_word' id='word_1_257' title='bbox 961 2181 1212 2238; x_wconf 77' lang='lat' dir='ltr'><strong>Mauricii</strong></span> <span class='ocrx_word' id='word_1_258' title='bbox 1265 2198 1412 2240; x_wconf 92' lang='lat' dir='ltr'><strong>anno</strong></span> <span class='ocrx_word' id='word_1_259' title='bbox 1451 2184 1692 2240; x_wconf 84' lang='lat' dir='ltr'><strong>Avarum</strong></span> <span class='ocrx_word' id='word_1_260' title='bbox 1732 2188 2004 2258; x_wconf 77' lang='lat' dir='ltr'><strong>ehagauus</strong></span> 
     </span>
    </p>
   </div>
   <div class='ocr_carea' id='block_1_22' title="bbox 2141 2178 3648 2258">
    <p class='ocr_par' dir='ltr' id='par_1_22' title="bbox 2141 2178 3648 2253">
     <span class='ocr_line' id='line_1_22' title="bbox 2141 2178 3648 2253; baseline -0.005 -16"><span class='ocrx_word' id='word_1_261' title='bbox 2141 2197 2248 2237; x_wconf 50' lang='lat' dir='ltr'><strong>vero</strong></span> <span class='ocrx_word' id='word_1_262' title='bbox 2287 2182 2437 2237; x_wconf 84' lang='lat' dir='ltr'><strong>hunc</strong></span> <span class='ocrx_word' id='word_1_263' title='bbox 2467 2181 2697 2253; x_wconf 88' lang='lat' dir='ltr'><strong>ligatum</strong></span> <span class='ocrx_word' id='word_1_264' title='bbox 2733 2181 2855 2236; x_wconf 91' lang='lat' dir='ltr'><strong>urbi</strong></span> <span class='ocrx_word' id='word_1_265' title='bbox 2885 2179 3265 2251; x_wconf 55' lang='lat' dir='ltr'><strong>praesentavit.</strong></span> <span class='ocrx_word' id='word_1_266' title='bbox 3290 2178 3355 2234; x_wconf 84' lang='lat' dir='ltr'><strong>At</strong></span> <span class='ocrx_word' id='word_1_267' title='bbox 3396 2179 3501 2248; x_wconf 85' lang='lat' dir='ltr'><strong>ipse</strong></span> <span class='ocrx_word' id='word_1_268' title='bbox 3523 2191 3648 2247; x_wconf 66' lang='lat' dir='ltr'><strong>qua-</strong></span> 
     </span>
    </p>
   </div>
   <div class='ocr_carea' id='block_1_23' title="bbox 433 2267 3651 2348">
    <p class='ocr_par' dir='ltr' id='par_1_23' title="bbox 433 2267 3651 2348">
     <span class='ocr_line' id='line_1_23' title="bbox 433 2267 3651 2348; baseline 0.005 -28"><span class='ocrx_word' id='word_1_269' title='bbox 433 2267 639 2325; x_wconf 72' lang='lat' dir='ltr'><strong>fmdere</strong></span> <span class='ocrx_word' id='word_1_270' title='bbox 667 2271 942 2329; x_wconf 88' lang='lat' dir='ltr'><strong>dissoluto</strong></span> <span class='ocrx_word' id='word_1_271' title='bbox 974 2273 1203 2345; x_wconf 82' lang='lat' dir='ltr'><strong>Mysiam</strong></span> <span class='ocrx_word' id='word_1_272' title='bbox 1239 2281 1293 2332; x_wconf 90' lang='lat' dir='ltr'><strong>et</strong></span> <span class='ocrx_word' id='word_1_273' title='bbox 1316 2275 1598 2348; x_wconf 87' lang='lat' dir='ltr'><strong>Scythiam</strong></span> <span class='ocrx_word' id='word_1_274' title='bbox 1631 2280 1892 2337; x_wconf 84' lang='lat' dir='ltr'><strong>atrociter</strong></span> <span class='ocrx_word' id='word_1_275' title='bbox 1920 2297 2014 2338; x_wconf 85' lang='lat' dir='ltr'><strong>ex-</strong></span> <span class='ocrx_word' id='word_1_276' title='bbox 2117 2276 2276 2332; x_wconf 79' lang='lat' dir='ltr'><strong>rebal</strong></span> <span class='ocrx_word' id='word_1_277' title='bbox 2303 2275 2619 2330; x_wconf 65' lang='lat' dir='ltr'><strong>habitantes</strong></span> <span class='ocrx_word' id='word_1_278' title='bbox 2646 2274 2839 2330; x_wconf 79' lang='lat' dir='ltr'><strong>urbem</strong></span> <span class='ocrx_word' id='word_1_279' title='bbox 2873 2281 2932 2328; x_wconf 80' lang='grc' dir='ltr'><strong>υι</strong></span> <span class='ocrx_word' id='word_1_280' title='bbox 2951 2282 3249 2338; x_wconf 68' lang='lat' dir='ltr'><strong>emeretur.</strong></span> <span class='ocrx_word' id='word_1_281' title='bbox 3271 2287 3492 2335; x_wconf 68' lang='lat' dir='ltr'><strong>naftans</strong></span> <span class='ocrx_word' id='word_1_282' title='bbox 3515 2283 3651 2341; x_wconf 64' lang='lat' dir='ltr'><strong>(Nam</strong></span> 
     </span>
    </p>
   </div>
   <div class='ocr_carea' id='block_1_24' title="bbox 434 2360 3656 2439">
    <p class='ocr_par' dir='ltr' id='par_1_24' title="bbox 434 2360 3656 2439">
     <span class='ocr_line' id='line_1_24' title="bbox 434 2360 3656 2439; baseline -0.003 -15"><span class='ocrx_word' id='word_1_283' title='bbox 434 2363 734 2433; x_wconf 70' lang='lat' dir='ltr'><strong>pugnabat,</strong></span> <span class='ocrx_word' id='word_1_284' title='bbox 783 2360 1114 2422; x_wconf 89' lang='lat' dir='ltr'><strong>subvertens</strong></span> <span class='ocrx_word' id='word_1_285' title='bbox 1148 2367 1466 2424; x_wconf 81' lang='lat' dir='ltr'><strong>Batiarnam</strong></span> <span class='ocrx_word' id='word_1_286' title='bbox 1503 2381 1557 2426; x_wconf 90' lang='lat' dir='ltr'><strong>et</strong></span> <span class='ocrx_word' id='word_1_287' title='bbox 1615 2369 1914 2429; x_wconf 87' lang='lat' dir='ltr'><strong>Bononiam</strong></span> <span class='ocrx_word' id='word_1_288' title='bbox 1961 2383 2014 2430; x_wconf 90' lang='lat' dir='ltr'><strong>et</strong></span> <span class='ocrx_word' id='word_1_289' title='bbox 2119 2384 2265 2439; x_wconf 69' lang='lat' dir='ltr'><strong>saepe</strong></span> <span class='ocrx_word' id='word_1_290' title='bbox 2296 2383 2396 2438; x_wconf 89' lang='lat' dir='ltr'><strong>pro</strong></span> <span class='ocrx_word' id='word_1_291' title='bbox 2433 2367 2659 2422; x_wconf 80' lang='lat' dir='ltr'><strong>civitate</strong></span> <span class='ocrx_word' id='word_1_292' title='bbox 2689 2365 3007 2422; x_wconf 88' lang='lat' dir='ltr'><strong>certaverit.</strong></span> <span class='ocrx_word' id='word_1_293' title='bbox 3049 2364 3200 2422; x_wconf 85' lang='lat' dir='ltr'><strong>Civis</strong></span> <span class='ocrx_word' id='word_1_294' title='bbox 3243 2365 3458 2435; x_wconf 84' lang='lat' dir='ltr'><strong>quidam</strong></span> <span class='ocrx_word' id='word_1_295' title='bbox 3499 2362 3656 2416; x_wconf 78' lang='lat' dir='ltr'><strong>multi-</strong></span> 
     </span>
    </p>
   </div>
   <div class='ocr_carea' id='block_1_25' title="bbox 433 2454 2004 2539">
    <p class='ocr_par' dir='ltr' id='par_1_25' title="bbox 433 2454 2004 2539">
     <span class='ocr_line' id='line_1_25' title="bbox 433 2454 2004 2539; baseline 0.011 -33"><span class='ocrx_word' id='word_1_296' title='bbox 433 2454 609 2525; x_wconf 83' lang='lat' dir='ltr'><strong>Aquis</strong></span> <span class='ocrx_word' id='word_1_297' title='bbox 629 2469 682 2512; x_wconf 92' lang='lat' dir='ltr'><strong>et</strong></span> <span class='ocrx_word' id='word_1_298' title='bbox 707 2457 1060 2515; x_wconf 84' lang='lat' dir='ltr'><strong>Dorostolum</strong></span> <span class='ocrx_word' id='word_1_299' title='bbox 1083 2469 1140 2516; x_wconf 88' lang='lat' dir='ltr'><strong>et</strong></span> <span class='ocrx_word' id='word_1_300' title='bbox 1170 2460 1430 2533; x_wconf 87' lang='lat' dir='ltr'><strong>Zandapa</strong></span> <span class='ocrx_word' id='word_1_301' title='bbox 1455 2475 1512 2520; x_wconf 89' lang='lat' dir='ltr'><strong>et</strong></span> <span class='ocrx_word' id='word_1_302' title='bbox 1541 2465 2004 2539; x_wconf 80' lang='lat' dir='ltr'><strong>Marcianopolim.</strong></span> 
     </span>
    </p>
   </div>
   <div class='ocr_carea' id='block_1_26' title="bbox 2141 2454 3659 2539">
    <p class='ocr_par' dir='ltr' id='par_1_26' title="bbox 2145 2455 3659 2532">
     <span class='ocr_line' id='line_1_26' title="bbox 2145 2455 3659 2532; baseline -0.006 -15"><span class='ocrx_word' id='word_1_303' title='bbox 2145 2462 2408 2518; x_wconf 89' lang='lat' dir='ltr'><strong>udinibus</strong></span> <span class='ocrx_word' id='word_1_304' title='bbox 2438 2461 2717 2532; x_wconf 85' lang='lat' dir='ltr'><strong>persuasit</strong></span> <span class='ocrx_word' id='word_1_305' title='bbox 2760 2459 2867 2515; x_wconf 92' lang='lat' dir='ltr'><strong>hoc</strong></span> <span class='ocrx_word' id='word_1_306' title='bbox 2917 2459 3146 2516; x_wconf 85' lang='lat' dir='ltr'><strong>minime</strong></span> <span class='ocrx_word' id='word_1_307' title='bbox 3191 2455 3659 2524; x_wconf 81' lang='lat' dir='ltr'><strong>faciendum.Quia</strong></span> 
     </span>
    </p>
   </div>
   <div class='ocr_carea' id='block_1_27' title="bbox 433 2547 3665 2630">
    <p class='ocr_par' dir='ltr' id='par_1_27' title="bbox 433 2547 3665 2630">
     <span class='ocr_line' id='line_1_27' title="bbox 433 2547 3665 2630; baseline 0.007 -31"><span class='ocrx_word' id='word_1_308' title='bbox 433 2547 814 2605; x_wconf 83' lang='lat' dir='ltr'><strong>Comentiolus</strong></span> <span class='ocrx_word' id='word_1_309' title='bbox 846 2567 978 2606; x_wconf 89' lang='lat' dir='ltr'><strong>vero</strong></span> <span class='ocrx_word' id='word_1_310' title='bbox 1023 2553 1090 2607; x_wconf 86' lang='lat' dir='ltr'><strong>ad</strong></span> <span class='ocrx_word' id='word_1_311' title='bbox 1133 2554 1413 2610; x_wconf 84' lang='lat' dir='ltr'><strong>maritima</strong></span> <span class='ocrx_word' id='word_1_312' title='bbox 1451 2557 1626 2623; x_wconf 85' lang='lat' dir='ltr'><strong>venit,</strong></span> <span class='ocrx_word' id='word_1_313' title='bbox 1657 2566 1713 2614; x_wconf 90' lang='lat' dir='ltr'><strong>et</strong></span> <span class='ocrx_word' id='word_1_314' title='bbox 1763 2569 2015 2630; x_wconf 88' lang='lat' dir='ltr'><strong>separato</strong></span> <span class='ocrx_word' id='word_1_315' title='bbox 2125 2569 2255 2625; x_wconf 75' lang='lat' dir='ltr'><strong>ergo</strong></span> <span class='ocrx_word' id='word_1_316' title='bbox 2287 2554 2442 2625; x_wconf 68' lang='grc' dir='ltr'><strong>Ρπνί</strong></span> <span class='ocrx_word' id='word_1_317' title='bbox 2471 2567 2680 2624; x_wconf 65' lang='lat' dir='ltr'><strong>Densus</strong></span> <span class='ocrx_word' id='word_1_318' title='bbox 2703 2559 2789 2610; x_wconf 73' lang='grc' dir='ltr'><strong>εει</strong></span> <span class='ocrx_word' id='word_1_319' title='bbox 2811 2551 2976 2620; x_wconf 64' lang='lat' dir='ltr'><strong>Busa:</strong></span> <span class='ocrx_word' id='word_1_320' title='bbox 3003 2553 3324 2624; x_wconf 70' lang='grc' dir='ltr'><strong>ΐεβτοωίαῖῑ</strong></span> <span class='ocrx_word' id='word_1_321' title='bbox 3353 2557 3590 2621; x_wconf 55' lang='lat' dir='ltr'><strong>“lagano</strong></span> <span class='ocrx_word' id='word_1_322' title='bbox 3615 2564 3665 2604; x_wconf 75' lang='lat'><strong>5°</strong></span> 
     </span>
    </p>
   </div>
   <div class='ocr_carea' id='block_1_28' title="bbox 435 2637 3670 2717">
    <p class='ocr_par' dir='ltr' id='par_1_28' title="bbox 435 2637 3670 2717">
     <span class='ocr_line' id='line_1_28' title="bbox 435 2637 3670 2717; baseline 0.001 -28"><span class='ocrx_word' id='word_1_323' title='bbox 435 2637 681 2691; x_wconf 88' lang='lat' dir='ltr'><strong>exercitu</strong></span> <span class='ocrx_word' id='word_1_324' title='bbox 713 2639 1107 2709; x_wconf 89' lang='lat' dir='ltr'><strong>improbabiles</strong></span> <span class='ocrx_word' id='word_1_325' title='bbox 1133 2641 1396 2699; x_wconf 88' lang='lat' dir='ltr'><strong>discrevit</strong></span> <span class='ocrx_word' id='word_1_326' title='bbox 1425 2647 1496 2700; x_wconf 84' lang='lat' dir='ltr'><strong>ab</strong></span> <span class='ocrx_word' id='word_1_327' title='bbox 1533 2649 1778 2717; x_wconf 87' lang='lat' dir='ltr'><strong>optimis,</strong></span> <span class='ocrx_word' id='word_1_328' title='bbox 1809 2659 1861 2705; x_wconf 92' lang='lat' dir='ltr'><strong>et</strong></span> <span class='ocrx_word' id='word_1_329' title='bbox 1891 2652 2016 2705; x_wconf 88' lang='lat' dir='ltr'><strong>inu-</strong></span> <span class='ocrx_word' id='word_1_330' title='bbox 2121 2647 2342 2704; x_wconf 89' lang='lat' dir='ltr'><strong>tradere</strong></span> <span class='ocrx_word' id='word_1_331' title='bbox 2374 2645 2679 2711; x_wconf 89' lang='lat' dir='ltr'><strong>civitatem,</strong></span> <span class='ocrx_word' id='word_1_332' title='bbox 2719 2655 2775 2702; x_wconf 88' lang='lat' dir='ltr'><strong>et</strong></span> <span class='ocrx_word' id='word_1_333' title='bbox 2828 2644 3269 2703; x_wconf 88' lang='lat' dir='ltr'><strong>exterminatorio</strong></span> <span class='ocrx_word' id='word_1_334' title='bbox 3315 2643 3670 2698; x_wconf 83' lang='lat' dir='ltr'><strong>instrumento</strong></span> 
     </span>
    </p>
   </div>
   <div class='ocr_carea' id='block_1_29' title="bbox 437 2728 3673 2809">
    <p class='ocr_par' dir='ltr' id='par_1_29' title="bbox 437 2728 3673 2809">
     <span class='ocr_line' id='line_1_29' title="bbox 437 2728 3673 2809; baseline 0.003 -27"><span class='ocrx_word' id='word_1_335' title='bbox 437 2728 552 2785; x_wconf 84' lang='lat' dir='ltr'><strong>tilis</strong></span> <span class='ocrx_word' id='word_1_336' title='bbox 595 2732 819 2801; x_wconf 86' lang='lat' dir='ltr'><strong>quidem</strong></span> <span class='ocrx_word' id='word_1_337' title='bbox 871 2734 1094 2791; x_wconf 69' lang='lat' dir='ltr'><strong>virtutis</strong></span> <span class='ocrx_word' id='word_1_338' title='bbox 1133 2739 1498 2809; x_wconf 83' lang='lat' dir='ltr'><strong>quadraginta</strong></span> <span class='ocrx_word' id='word_1_339' title='bbox 1533 2741 1704 2796; x_wconf 87' lang='lat' dir='ltr'><strong>millia</strong></span> <span class='ocrx_word' id='word_1_340' title='bbox 1738 2745 2017 2801; x_wconf 89' lang='lat' dir='ltr'><strong>custodire</strong></span> <span class='ocrx_word' id='word_1_341' title='bbox 2122 2739 2289 2806; x_wconf 70' lang='lat' dir='ltr'><strong>facio,</strong></span> <span class='ocrx_word' id='word_1_342' title='bbox 2329 2740 2480 2809; x_wconf 71' lang='lat' dir='ltr'><strong>Quod</strong></span> <span class='ocrx_word' id='word_1_343' title='bbox 2538 2741 2766 2796; x_wconf 68' lang='lat' dir='ltr'><strong>arietem</strong></span> <span class='ocrx_word' id='word_1_344' title='bbox 2808 2740 3108 2805; x_wconf 86' lang='lat' dir='ltr'><strong>nominant,</strong></span> <span class='ocrx_word' id='word_1_345' title='bbox 3143 2737 3419 2793; x_wconf 85' lang='lat' dir='ltr'><strong>civitatem</strong></span> <span class='ocrx_word' id='word_1_346' title='bbox 3451 2737 3673 2806; x_wconf 89' lang='lat' dir='ltr'><strong>adeptus</strong></span> 
     </span>
    </p>
   </div>
   <div class='ocr_carea' id='block_1_30' title="bbox 435 2822 3671 2904">
    <p class='ocr_par' dir='ltr' id='par_1_30' title="bbox 435 2822 3671 2904">
     <span class='ocr_line' id='line_1_30' title="bbox 435 2822 3671 2904; baseline 0.002 -30"><span class='ocrx_word' id='word_1_347' title='bbox 435 2822 640 2878; x_wconf 85' lang='lat' dir='ltr'><strong>vallum</strong></span> <span class='ocrx_word' id='word_1_348' title='bbox 678 2825 856 2894; x_wconf 90' lang='lat' dir='ltr'><strong>jubet,</strong></span> <span class='ocrx_word' id='word_1_349' title='bbox 889 2827 1190 2884; x_wconf 86' lang='lat' dir='ltr'><strong>electorum</strong></span> <span class='ocrx_word' id='word_1_350' title='bbox 1220 2839 1403 2886; x_wconf 88' lang='lat' dir='ltr'><strong>autem</strong></span> <span class='ocrx_word' id='word_1_351' title='bbox 1428 2847 1522 2887; x_wconf 85' lang='lat' dir='ltr'><strong>sex</strong></span> <span class='ocrx_word' id='word_1_352' title='bbox 1557 2835 1728 2889; x_wconf 90' lang='lat' dir='ltr'><strong>millia</strong></span> <span class='ocrx_word' id='word_1_353' title='bbox 1766 2853 2016 2904; x_wconf 90' lang='lat' dir='ltr'><strong>sumens,</strong></span> <span class='ocrx_word' id='word_1_354' title='bbox 2121 2839 2240 2898; x_wconf 90' lang='lat' dir='ltr'><strong>est;</strong></span> <span class='ocrx_word' id='word_1_355' title='bbox 2284 2831 2552 2888; x_wconf 89' lang='lat' dir='ltr'><strong>ducentes</strong></span> <span class='ocrx_word' id='word_1_356' title='bbox 2582 2831 2730 2902; x_wconf 90' lang='lat' dir='ltr'><strong>quod</strong></span> <span class='ocrx_word' id='word_1_357' title='bbox 2777 2829 3004 2886; x_wconf 85' lang='lat' dir='ltr'><strong>barbari</strong></span> <span class='ocrx_word' id='word_1_358' title='bbox 3051 2836 3502 2901; x_wconf 83' lang='lat' dir='ltr'><strong>argumentosum</strong></span> <span class='ocrx_word' id='word_1_359' title='bbox 3536 2827 3671 2896; x_wconf 82' lang='lat' dir='ltr'><strong>inge-</strong></span> 
     </span>
    </p>
   </div>
   <div class='ocr_carea' id='block_1_31' title="bbox 435 2914 3673 3000">
    <p class='ocr_par' dir='ltr' id='par_1_31' title="bbox 435 2914 3673 3000">
     <span class='ocr_line' id='line_1_31' title="bbox 435 2914 3673 3000; baseline 0.002 -33"><span class='ocrx_word' id='word_1_360' title='bbox 435 2914 546 2970; x_wconf 88' lang='lat' dir='ltr'><strong>duo</strong></span> <span class='ocrx_word' id='word_1_361' title='bbox 584 2918 756 2972; x_wconf 87' lang='lat' dir='ltr'><strong>millia</strong></span> <span class='ocrx_word' id='word_1_362' title='bbox 795 2935 858 2974; x_wconf 81' lang='lat' dir='ltr'><strong>ex</strong></span> <span class='ocrx_word' id='word_1_363' title='bbox 895 2919 980 2976; x_wconf 88' lang='lat' dir='ltr'><strong>bis</strong></span> <span class='ocrx_word' id='word_1_364' title='bbox 1021 2923 1190 2978; x_wconf 87' lang='lat' dir='ltr'><strong>tradit</strong></span> <span class='ocrx_word' id='word_1_365' title='bbox 1221 2922 1388 2980; x_wconf 87' lang='lat' dir='ltr'><strong>Casto</strong></span> <span class='ocrx_word' id='word_1_366' title='bbox 1428 2935 1484 2981; x_wconf 89' lang='lat' dir='ltr'><strong>et</strong></span> <span class='ocrx_word' id='word_1_367' title='bbox 1527 2926 1639 2983; x_wconf 92' lang='lat' dir='ltr'><strong>duo</strong></span> <span class='ocrx_word' id='word_1_368' title='bbox 1673 2927 1935 2995; x_wconf 84' lang='lat' dir='ltr'><strong>Martino,</strong></span> <span class='ocrx_word' id='word_1_369' title='bbox 1963 2939 2019 2988; x_wconf 89' lang='lat' dir='ltr'><strong>et</strong></span> <span class='ocrx_word' id='word_1_370' title='bbox 2124 2929 2274 2982; x_wconf 92' lang='lat' dir='ltr'><strong>nium</strong></span> <span class='ocrx_word' id='word_1_371' title='bbox 2319 2926 2454 3000; x_wconf 75' lang='lat'><strong>(37),</strong></span> <span class='ocrx_word' id='word_1_372' title='bbox 2491 2934 2544 2983; x_wconf 91' lang='lat' dir='ltr'><strong>et</strong></span> <span class='ocrx_word' id='word_1_373' title='bbox 2579 2926 2717 2981; x_wconf 84' lang='lat' dir='ltr'><strong>alias</strong></span> <span class='ocrx_word' id='word_1_374' title='bbox 2741 2925 2932 2995; x_wconf 85' lang='lat' dir='ltr'><strong>plures</strong></span> <span class='ocrx_word' id='word_1_375' title='bbox 2961 2923 3124 2979; x_wconf 88' lang='lat' dir='ltr'><strong>urbes</strong></span> <span class='ocrx_word' id='word_1_376' title='bbox 3156 2922 3214 2976; x_wconf 92' lang='lat' dir='ltr'><strong>in</strong></span> <span class='ocrx_word' id='word_1_377' title='bbox 3242 2920 3557 2978; x_wconf 80' lang='lat' dir='ltr'><strong>servitutem</strong></span> <span class='ocrx_word' id='word_1_378' title='bbox 3599 2933 3673 2973; x_wconf 81' lang='lat' dir='ltr'><strong>re-</strong></span> 
     </span>
    </p>
   </div>
   <div class='ocr_carea' id='block_1_32' title="bbox 437 3005 3672 3092">
    <p class='ocr_par' dir='ltr' id='par_1_32' title="bbox 437 3005 3672 3092">
     <span class='ocr_line' id='line_1_32' title="bbox 437 3005 3672 3092; baseline 0.003 -33"><span class='ocrx_word' id='word_1_379' title='bbox 437 3005 554 3073; x_wconf 89' lang='lat' dir='ltr'><strong>ipse</strong></span> <span class='ocrx_word' id='word_1_380' title='bbox 613 3005 830 3064; x_wconf 90' lang='lat' dir='ltr'><strong>duobus</strong></span> <span class='ocrx_word' id='word_1_381' title='bbox 883 3011 1126 3082; x_wconf 89' lang='lat' dir='ltr'><strong>sumptis</strong></span> <span class='ocrx_word' id='word_1_382' title='bbox 1180 3024 1376 3069; x_wconf 90' lang='lat' dir='ltr'><strong>contra</strong></span> <span class='ocrx_word' id='word_1_383' title='bbox 1426 3015 1694 3075; x_wconf 89' lang='lat' dir='ltr'><strong>barbaros</strong></span> <span class='ocrx_word' id='word_1_384' title='bbox 1738 3032 2016 3092; x_wconf 88' lang='lat' dir='ltr'><strong>properat.</strong></span> <span class='ocrx_word' id='word_1_385' title='bbox 2123 3022 2411 3092; x_wconf 69' lang='lat' dir='ltr'><strong>«legerunt,</strong></span> <span class='ocrx_word' id='word_1_386' title='bbox 2457 3029 2513 3076; x_wconf 93' lang='lat' dir='ltr'><strong>et</strong></span> <span class='ocrx_word' id='word_1_387' title='bbox 2563 3034 2689 3075; x_wconf 92' lang='lat' dir='ltr'><strong>eum</strong></span> <span class='ocrx_word' id='word_1_388' title='bbox 2727 3017 2898 3073; x_wconf 91' lang='lat' dir='ltr'><strong>multa</strong></span> <span class='ocrx_word' id='word_1_389' title='bbox 2943 3015 3265 3088; x_wconf 84' lang='lat' dir='ltr'><strong>captivitate</strong></span> <span class='ocrx_word' id='word_1_390' title='bbox 3301 3011 3504 3070; x_wconf 80' lang='lat' dir='ltr'><strong>reversi</strong></span> <span class='ocrx_word' id='word_1_391' title='bbox 3539 3015 3672 3084; x_wconf 72' lang='lat' dir='ltr'><strong>sunt.</strong></span> 
     </span>
    </p>
   </div>
   <div class='ocr_carea' id='block_1_33' title="bbox 435 3095 3680 3186">
    <p class='ocr_par' dir='ltr' id='par_1_33' title="bbox 435 3095 3680 3186">
     <span class='ocr_line' id='line_1_33' title="bbox 435 3095 3680 3186; baseline 0.004 -35"><span class='ocrx_word' id='word_1_392' title='bbox 435 3095 636 3155; x_wconf 87' lang='lat' dir='ltr'><strong>Castus</strong></span> <span class='ocrx_word' id='word_1_393' title='bbox 669 3111 850 3156; x_wconf 87' lang='lat' dir='ltr'><strong>autent</strong></span> <span class='ocrx_word' id='word_1_394' title='bbox 893 3105 1123 3162; x_wconf 85' lang='lat' dir='ltr'><strong>veniens</strong></span> <span class='ocrx_word' id='word_1_395' title='bbox 1159 3105 1416 3180; x_wconf 79' lang='lat' dir='ltr'><strong>Zandapa</strong></span> <span class='ocrx_word' id='word_1_396' title='bbox 1458 3117 1513 3166; x_wconf 89' lang='lat' dir='ltr'><strong>et</strong></span> <span class='ocrx_word' id='word_1_397' title='bbox 1551 3111 1750 3182; x_wconf 82' lang='lat' dir='ltr'><strong>Emon,</strong></span> <span class='ocrx_word' id='word_1_398' title='bbox 1783 3118 2018 3186; x_wconf 87' lang='lat' dir='ltr'><strong>repertis</strong></span> <span class='ocrx_word' id='word_1_399' title='bbox 2043 3110 2090 3173; x_wconf 91' lang='lat' dir='ltr'><strong>C</strong></span> <span class='ocrx_word' id='word_1_400' title='bbox 2123 3113 2424 3170; x_wconf 82' lang='lat' dir='ltr'><strong>Audientes</strong></span> <span class='ocrx_word' id='word_1_401' title='bbox 2453 3119 2636 3168; x_wconf 87' lang='lat' dir='ltr'><strong>autem</strong></span> <span class='ocrx_word' id='word_1_402' title='bbox 2666 3109 2914 3183; x_wconf 83' lang='lat' dir='ltr'><strong>Byzantii</strong></span> <span class='ocrx_word' id='word_1_403' title='bbox 2947 3110 3098 3182; x_wconf 89' lang='lat' dir='ltr'><strong>quod</strong></span> <span class='ocrx_word' id='word_1_404' title='bbox 3137 3108 3339 3164; x_wconf 87' lang='lat' dir='ltr'><strong>Castus</strong></span> <span class='ocrx_word' id='word_1_405' title='bbox 3366 3122 3397 3160; x_wconf 84' lang='lat' dir='ltr'><strong>a</strong></span> <span class='ocrx_word' id='word_1_406' title='bbox 3442 3104 3680 3158; x_wconf 79' lang='lat' dir='ltr'><strong>Barbaris</strong></span> 
     </span>
    </p>
   </div>
   <div class='ocr_carea' id='block_1_34' title="bbox 438 3189 3680 3277">
    <p class='ocr_par' dir='ltr' id='par_1_34' title="bbox 438 3189 3680 3277">
     <span class='ocr_line' id='line_1_34' title="bbox 438 3189 3680 3277; baseline 0.002 -34"><span class='ocrx_word' id='word_1_407' title='bbox 438 3189 693 3248; x_wconf 82' lang='lat' dir='ltr'><strong>barbaris</strong></span> <span class='ocrx_word' id='word_1_408' title='bbox 723 3193 776 3247; x_wconf 89' lang='lat' dir='ltr'><strong>in</strong></span> <span class='ocrx_word' id='word_1_409' title='bbox 810 3193 1020 3250; x_wconf 87' lang='lat' dir='ltr'><strong>desidia</strong></span> <span class='ocrx_word' id='word_1_410' title='bbox 1056 3198 1396 3265; x_wconf 87' lang='lat' dir='ltr'><strong>constitutis,</strong></span> <span class='ocrx_word' id='word_1_411' title='bbox 1449 3202 1652 3259; x_wconf 89' lang='lat' dir='ltr'><strong>multos</strong></span> <span class='ocrx_word' id='word_1_412' title='bbox 1693 3220 1758 3259; x_wconf 88' lang='lat' dir='ltr'><strong>ex</strong></span> <span class='ocrx_word' id='word_1_413' title='bbox 1791 3207 1872 3262; x_wconf 87' lang='lat' dir='ltr'><strong>eis</strong></span> <span class='ocrx_word' id='word_1_414' title='bbox 1908 3209 2019 3264; x_wconf 90' lang='lat' dir='ltr'><strong>dis-</strong></span> <span class='ocrx_word' id='word_1_415' title='bbox 2123 3207 2374 3277; x_wconf 87' lang='lat' dir='ltr'><strong>captivus</strong></span> <span class='ocrx_word' id='word_1_416' title='bbox 2403 3203 2632 3260; x_wconf 74' lang='lat' dir='ltr'><strong>elfectus</strong></span> <span class='ocrx_word' id='word_1_417' title='bbox 2656 3204 2751 3269; x_wconf 89' lang='lat' dir='ltr'><strong>sit,</strong></span> <span class='ocrx_word' id='word_1_418' title='bbox 2781 3203 2998 3274; x_wconf 80' lang='lat' dir='ltr'><strong>magnis</strong></span> <span class='ocrx_word' id='word_1_419' title='bbox 3041 3201 3309 3258; x_wconf 89' lang='lat' dir='ltr'><strong>conviciis</strong></span> <span class='ocrx_word' id='word_1_420' title='bbox 3331 3205 3511 3255; x_wconf 81' lang='lat' dir='ltr'><strong>contra</strong></span> <span class='ocrx_word' id='word_1_421' title='bbox 3542 3195 3680 3251; x_wconf 84' lang='lat' dir='ltr'><strong>Ilau-</strong></span> 
     </span>
    </p>
   </div>
   <div class='ocr_carea' id='block_1_35' title="bbox 437 3285 3686 3369">
    <p class='ocr_par' dir='ltr' id='par_1_35' title="bbox 437 3285 3686 3369">
     <span class='ocr_line' id='line_1_35' title="bbox 437 3285 3686 3369; baseline 0.002 -32"><span class='ocrx_word' id='word_1_422' title='bbox 437 3285 637 3352; x_wconf 66' lang='lat' dir='ltr'><strong>prrdit,</strong></span> <span class='ocrx_word' id='word_1_423' title='bbox 680 3287 1032 3358; x_wconf 71' lang='lat' dir='ltr'><strong>praedamque</strong></span> <span class='ocrx_word' id='word_1_424' title='bbox 1079 3290 1304 3345; x_wconf 89' lang='lat' dir='ltr'><strong>multam</strong></span> <span class='ocrx_word' id='word_1_425' title='bbox 1349 3292 1610 3350; x_wconf 92' lang='lat' dir='ltr'><strong>obtinens</strong></span> <span class='ocrx_word' id='word_1_426' title='bbox 1641 3299 1916 3369; x_wconf 84' lang='lat' dir='ltr'><strong>armigero</strong></span> <span class='ocrx_word' id='word_1_427' title='bbox 1951 3303 2018 3358; x_wconf 87' lang='lat' dir='ltr'><strong>ad</strong></span> <span class='ocrx_word' id='word_1_428' title='bbox 2129 3294 2324 3350; x_wconf 79' lang='lat' dir='ltr'><strong>ricium</strong></span> <span class='ocrx_word' id='word_1_429' title='bbox 2358 3293 2680 3362; x_wconf 85' lang='lat' dir='ltr'><strong>utebantur,</strong></span> <span class='ocrx_word' id='word_1_430' title='bbox 2705 3295 2925 3350; x_wconf 88' lang='lat' dir='ltr'><strong>ethunc</strong></span> <span class='ocrx_word' id='word_1_431' title='bbox 2951 3293 3010 3348; x_wconf 90' lang='lat' dir='ltr'><strong>in</strong></span> <span class='ocrx_word' id='word_1_432' title='bbox 3026 3291 3320 3348; x_wconf 87' lang='lat' dir='ltr'><strong>manifesto</strong></span> <span class='ocrx_word' id='word_1_433' title='bbox 3348 3287 3686 3360; x_wconf 82' lang='lat' dir='ltr'><strong>blasphemiis</strong></span> 
     </span>
    </p>
   </div>
   <div class='ocr_carea' id='block_1_36' title="bbox 438 3376 2476 3458">
    <p class='ocr_par' dir='ltr' id='par_1_36' title="bbox 438 3376 2476 3458">
     <span class='ocr_line' id='line_1_36' title="bbox 438 3376 2476 3458; baseline 0.012 -30"><span class='ocrx_word' id='word_1_434' title='bbox 438 3376 760 3432; x_wconf 78' lang='lat' dir='ltr'><strong>salvandum</strong></span> <span class='ocrx_word' id='word_1_435' title='bbox 813 3379 1084 3434; x_wconf 86' lang='lat' dir='ltr'><strong>tradebat.</strong></span> <span class='ocrx_word' id='word_1_436' title='bbox 1138 3382 1411 3440; x_wconf 88' lang='lat' dir='ltr'><strong>Martinus</strong></span> <span class='ocrx_word' id='word_1_437' title='bbox 1444 3395 1627 3441; x_wconf 88' lang='lat' dir='ltr'><strong>autem</strong></span> <span class='ocrx_word' id='word_1_438' title='bbox 1669 3390 1818 3445; x_wconf 88' lang='lat' dir='ltr'><strong>circa</strong></span> <span class='ocrx_word' id='word_1_439' title='bbox 1865 3392 2017 3450; x_wconf 85' lang='lat' dir='ltr'><strong>Mean</strong></span> <span class='ocrx_word' id='word_1_440' title='bbox 2126 3387 2476 3458; x_wconf 68' lang='grc' dir='ltr'><strong>θρρειεικιιιιο</strong></span> 
     </span>
    </p>
   </div>
   <div class='ocr_carea' id='block_1_37' title="bbox 439 3467 3689 3554">
    <p class='ocr_par' dir='ltr' id='par_1_37' title="bbox 439 3467 3689 3554">
     <span class='ocr_line' id='line_1_37' title="bbox 439 3467 3689 3554; baseline 0.004 -34"><span class='ocrx_word' id='word_1_441' title='bbox 439 3467 716 3524; x_wconf 71' lang='lat' dir='ltr'><strong>tivitatem</strong></span> <span class='ocrx_word' id='word_1_442' title='bbox 767 3469 1016 3538; x_wconf 71' lang='lat' dir='ltr'><strong>effectus,</strong></span> <span class='ocrx_word' id='word_1_443' title='bbox 1060 3480 1114 3528; x_wconf 91' lang='lat' dir='ltr'><strong>et</strong></span> <span class='ocrx_word' id='word_1_444' title='bbox 1161 3473 1217 3528; x_wconf 92' lang='lat' dir='ltr'><strong>in</strong></span> <span class='ocrx_word' id='word_1_445' title='bbox 1275 3477 1588 3547; x_wconf 79' lang='lat' dir='ltr'><strong>chaganum</strong></span> <span class='ocrx_word' id='word_1_446' title='bbox 1625 3496 1691 3536; x_wconf 89' lang='lat' dir='ltr'><strong>ex</strong></span> <span class='ocrx_word' id='word_1_447' title='bbox 1742 3482 2021 3554; x_wconf 89' lang='lat' dir='ltr'><strong>insperato</strong></span> <span class='ocrx_word' id='word_1_448' title='bbox 2196 3481 2300 3537; x_wconf 84' lang='lat' dir='ltr'><strong>Per</strong></span> <span class='ocrx_word' id='word_1_449' title='bbox 2340 3481 2480 3536; x_wconf 80' lang='lat' dir='ltr'><strong>idem</strong></span> <span class='ocrx_word' id='word_1_450' title='bbox 2514 3495 2735 3553; x_wconf 88' lang='lat' dir='ltr'><strong>quoque</strong></span> <span class='ocrx_word' id='word_1_451' title='bbox 2771 3488 2990 3550; x_wconf 88' lang='lat' dir='ltr'><strong>tempus</strong></span> <span class='ocrx_word' id='word_1_452' title='bbox 3019 3479 3320 3536; x_wconf 85' lang='lat' dir='ltr'><strong>Heraclius</strong></span> <span class='ocrx_word' id='word_1_453' title='bbox 3349 3478 3574 3535; x_wconf 84' lang='lat' dir='ltr'><strong>lleraciii</strong></span> <span class='ocrx_word' id='word_1_454' title='bbox 3600 3492 3689 3546; x_wconf 85' lang='lat' dir='ltr'><strong>pa-</strong></span> 
     </span>
    </p>
   </div>
   <div class='ocr_carea' id='block_1_38' title="bbox 441 3560 3686 3648">
    <p class='ocr_par' dir='ltr' id='par_1_38' title="bbox 441 3560 3686 3648">
     <span class='ocr_line' id='line_1_38' title="bbox 441 3560 3686 3648; baseline 0.003 -35"><span class='ocrx_word' id='word_1_455' title='bbox 441 3560 750 3628; x_wconf 85' lang='lat' dir='ltr'><strong>ineurrens,</strong></span> <span class='ocrx_word' id='word_1_456' title='bbox 772 3564 978 3622; x_wconf 87' lang='lat' dir='ltr'><strong>mu‘ltos</strong></span> <span class='ocrx_word' id='word_1_457' title='bbox 1011 3565 1228 3625; x_wconf 84' lang='lat' dir='ltr'><strong>virtutis</strong></span> <span class='ocrx_word' id='word_1_458' title='bbox 1258 3568 1380 3638; x_wconf 89' lang='lat' dir='ltr'><strong>ejus</strong></span> <span class='ocrx_word' id='word_1_459' title='bbox 1413 3573 1704 3642; x_wconf 81' lang='lat' dir='ltr'><strong>exstinxit,</strong></span> <span class='ocrx_word' id='word_1_460' title='bbox 1732 3576 1807 3631; x_wconf 89' lang='lat' dir='ltr'><strong>ita</strong></span> <span class='ocrx_word' id='word_1_461' title='bbox 1836 3588 1893 3633; x_wconf 93' lang='lat' dir='ltr'><strong>ut</strong></span> <span class='ocrx_word' id='word_1_462' title='bbox 1929 3580 2022 3637; x_wconf 84' lang='lat' dir='ltr'><strong>ille</strong></span> <span class='ocrx_word' id='word_1_463' title='bbox 2127 3580 2212 3628; x_wconf 80' lang='lat' dir='ltr'><strong>ter</strong></span> <span class='ocrx_word' id='word_1_464' title='bbox 2237 3574 2520 3630; x_wconf 87' lang='lat' dir='ltr'><strong>Persicum</strong></span> <span class='ocrx_word' id='word_1_465' title='bbox 2555 3588 2851 3644; x_wconf 78' lang='lat' dir='ltr'><strong>aggressus</strong></span> <span class='ocrx_word' id='word_1_466' title='bbox 2875 3582 2963 3628; x_wconf 86' lang='lat' dir='ltr'><strong>est</strong></span> <span class='ocrx_word' id='word_1_467' title='bbox 2993 3580 3262 3638; x_wconf 86' lang='lat' dir='ltr'><strong>castrum,</strong></span> <span class='ocrx_word' id='word_1_468' title='bbox 3290 3571 3440 3642; x_wconf 86' lang='lat' dir='ltr'><strong>quod</strong></span> <span class='ocrx_word' id='word_1_469' title='bbox 3472 3569 3686 3648; x_wconf 76' lang='lat' dir='ltr'><strong>etcepit.</strong></span> 
     </span>
    </p>
   </div>
   <div class='ocr_carea' id='block_1_39' title="bbox 439 3653 3691 3730">
    <p class='ocr_par' dir='ltr' id='par_1_39' title="bbox 439 3653 3691 3730">
     <span class='ocr_line' id='line_1_39' title="bbox 439 3653 3691 3730; baseline 0.006 -22"><span class='ocrx_word' id='word_1_470' title='bbox 439 3653 674 3709; x_wconf 91' lang='lat' dir='ltr'><strong>salutem</strong></span> <span class='ocrx_word' id='word_1_471' title='bbox 728 3671 885 3712; x_wconf 86' lang='lat' dir='ltr'><strong>suam</strong></span> <span class='ocrx_word' id='word_1_472' title='bbox 929 3656 1055 3730; x_wconf 84' lang='lat' dir='ltr'><strong>fuga</strong></span> <span class='ocrx_word' id='word_1_473' title='bbox 1107 3670 1389 3719; x_wconf 84' lang='lat' dir='ltr'><strong>mercatus</strong></span> <span class='ocrx_word' id='word_1_474' title='bbox 1429 3664 1521 3718; x_wconf 89' lang='lat' dir='ltr'><strong>sit.</strong></span> <span class='ocrx_word' id='word_1_475' title='bbox 1574 3665 1844 3728; x_wconf 82' lang='lat' dir='ltr'><strong>Martinus</strong></span> <span class='ocrx_word' id='word_1_476' title='bbox 1893 3687 2022 3728; x_wconf 85' lang='lat' dir='ltr'><strong>vero</strong></span> <span class='ocrx_word' id='word_1_477' title='bbox 2129 3667 2400 3722; x_wconf 86' lang='lat' dir='ltr'><strong>Similiter</strong></span> <span class='ocrx_word' id='word_1_478' title='bbox 2431 3675 2486 3722; x_wconf 86' lang='lat' dir='ltr'><strong>et</strong></span> <span class='ocrx_word' id='word_1_479' title='bbox 2534 3665 2857 3722; x_wconf 79' lang='lat' dir='ltr'><strong>Theodorus</strong></span> <span class='ocrx_word' id='word_1_480' title='bbox 2901 3675 3146 3721; x_wconf 78' lang='lat' dir='ltr'><strong>castrum</strong></span> <span class='ocrx_word' id='word_1_481' title='bbox 3193 3663 3691 3728; x_wconf 61' lang='lat' dir='ltr'><strong>Nummorum“-</strong></span> 
     </span>
    </p>
   </div>
   <div class='ocr_carea' id='block_1_40' title="bbox 440 3748 3692 3832">
    <p class='ocr_par' dir='ltr' id='par_1_40' title="bbox 440 3748 3692 3832">
     <span class='ocr_line' id='line_1_40' title="bbox 440 3748 3692 3832; baseline 0.003 -33"><span class='ocrx_word' id='word_1_482' title='bbox 440 3748 670 3804; x_wconf 85' lang='lat' dir='ltr'><strong>victoria</strong></span> <span class='ocrx_word' id='word_1_483' title='bbox 707 3749 950 3821; x_wconf 87' lang='lat' dir='ltr'><strong>gloriosa</strong></span> <span class='ocrx_word' id='word_1_484' title='bbox 977 3763 1237 3825; x_wconf 86' lang='lat' dir='ltr'><strong>percepta</strong></span> <span class='ocrx_word' id='word_1_485' title='bbox 1267 3756 1335 3812; x_wconf 92' lang='lat' dir='ltr'><strong>ad</strong></span> <span class='ocrx_word' id='word_1_486' title='bbox 1383 3766 1671 3826; x_wconf 55' lang='lat' dir='ltr'><strong>praetorem</strong></span> <span class='ocrx_word' id='word_1_487' title='bbox 1703 3767 2021 3822; x_wconf 72' lang='lat' dir='ltr'><strong>reverteba-</strong></span> <span class='ocrx_word' id='word_1_488' title='bbox 2129 3762 2312 3832; x_wconf 90' lang='lat' dir='ltr'><strong>boque</strong></span> <span class='ocrx_word' id='word_1_489' title='bbox 2347 3759 2580 3816; x_wconf 84' lang='lat' dir='ltr'><strong>Bavides</strong></span> <span class='ocrx_word' id='word_1_490' title='bbox 2615 3759 2865 3814; x_wconf 84' lang='lat' dir='ltr'><strong>veniunt.</strong></span> <span class='ocrx_word' id='word_1_491' title='bbox 2920 3757 2986 3812; x_wconf 85' lang='lat' dir='ltr'><strong>Et</strong></span> <span class='ocrx_word' id='word_1_492' title='bbox 3019 3773 3143 3813; x_wconf 92' lang='lat' dir='ltr'><strong>cum</strong></span> <span class='ocrx_word' id='word_1_493' title='bbox 3181 3768 3437 3814; x_wconf 90' lang='lat' dir='ltr'><strong>castrum</strong></span> <span class='ocrx_word' id='word_1_494' title='bbox 3469 3756 3692 3812; x_wconf 56' lang='lat' dir='ltr'><strong>munitis.</strong></span> 
     </span>
    </p>
   </div>
   <div class='ocr_carea' id='block_1_41' title="bbox 438 3842 3696 3923">
    <p class='ocr_par' dir='ltr' id='par_1_41' title="bbox 438 3842 3696 3923">
     <span class='ocr_line' id='line_1_41' title="bbox 438 3842 3696 3923; baseline 0.002 -29"><span class='ocrx_word' id='word_1_495' title='bbox 438 3850 550 3908; x_wconf 91' lang='lat' dir='ltr'><strong>tur,</strong></span> <span class='ocrx_word' id='word_1_496' title='bbox 582 3842 671 3899; x_wconf 91' lang='lat' dir='ltr'><strong>ubi</strong></span> <span class='ocrx_word' id='word_1_497' title='bbox 706 3860 767 3900; x_wconf 91' lang='lat' dir='ltr'><strong>se</strong></span> <span class='ocrx_word' id='word_1_498' title='bbox 795 3848 1128 3916; x_wconf 90' lang='lat' dir='ltr'><strong>promiserat</strong></span> <span class='ocrx_word' id='word_1_499' title='bbox 1154 3864 1252 3906; x_wconf 92' lang='lat' dir='ltr'><strong>eos</strong></span> <span class='ocrx_word' id='word_1_500' title='bbox 1281 3863 1753 3922; x_wconf 80' lang='lat' dir='ltr'><strong>exspectaturum.</strong></span> <span class='ocrx_word' id='word_1_501' title='bbox 1785 3859 2023 3916; x_wconf 86' lang='lat' dir='ltr'><strong>Comen-</strong></span> <span class='ocrx_word' id='word_1_502' title='bbox 2128 3855 2330 3910; x_wconf 85' lang='lat' dir='ltr'><strong>simum</strong></span> <span class='ocrx_word' id='word_1_503' title='bbox 2361 3863 2532 3918; x_wconf 86' lang='lat' dir='ltr'><strong>esset,</strong></span> <span class='ocrx_word' id='word_1_504' title='bbox 2571 3851 2730 3908; x_wconf 90' lang='lat' dir='ltr'><strong>miles</strong></span> <span class='ocrx_word' id='word_1_505' title='bbox 2763 3852 2989 3923; x_wconf 88' lang='lat' dir='ltr'><strong>quidam</strong></span> <span class='ocrx_word' id='word_1_506' title='bbox 3031 3851 3304 3922; x_wconf 88' lang='lat' dir='ltr'><strong>Sapbires</strong></span> <span class='ocrx_word' id='word_1_507' title='bbox 3347 3852 3585 3916; x_wconf 90' lang='lat' dir='ltr'><strong>nomine,</strong></span> <span class='ocrx_word' id='word_1_508' title='bbox 3614 3849 3696 3904; x_wconf 82' lang='lat' dir='ltr'><strong>sti-</strong></span> 
     </span>
    </p>
   </div>
   <div class='ocr_carea' id='block_1_42' title="bbox 441 3936 2004 4021">
    <p class='ocr_par' dir='ltr' id='par_1_42' title="bbox 441 3936 2004 4021">
     <span class='ocr_line' id='line_1_42' title="bbox 441 3936 2004 4021; baseline 0.013 -32"><span class='ocrx_word' id='word_1_509' title='bbox 441 3936 609 3992; x_wconf 88' lang='lat' dir='ltr'><strong>tiolus</strong></span> <span class='ocrx_word' id='word_1_510' title='bbox 643 3947 828 3993; x_wconf 91' lang='lat' dir='ltr'><strong>autem</strong></span> <span class='ocrx_word' id='word_1_511' title='bbox 863 3939 1159 3999; x_wconf 89' lang='lat' dir='ltr'><strong>formidine</strong></span> <span class='ocrx_word' id='word_1_512' title='bbox 1190 3959 1419 4014; x_wconf 87' lang='lat' dir='ltr'><strong>pressus</strong></span> <span class='ocrx_word' id='word_1_513' title='bbox 1449 3946 1898 4021; x_wconf 75' lang='lat' dir='ltr'><strong>Marcianopolim</strong></span> <span class='ocrx_word' id='word_1_514' title='bbox 1933 3970 2004 4010; x_wconf 89' lang='lat' dir='ltr'><strong>re-</strong></span> 
     </span>
    </p>
   </div>
   <div class='ocr_carea' id='block_1_43' title="bbox 2141 3936 3694 4021">
    <p class='ocr_par' dir='ltr' id='par_1_43' title="bbox 2141 3942 3694 4018">
     <span class='ocr_line' id='line_1_43' title="bbox 2141 3942 3694 4018; baseline -0.006 -15"><span class='ocrx_word' id='word_1_515' title='bbox 2141 3949 2310 4003; x_wconf 86' lang='lat' dir='ltr'><strong>mulos</strong></span> <span class='ocrx_word' id='word_1_516' title='bbox 2338 3954 2424 4003; x_wconf 89' lang='lat' dir='ltr'><strong>est</strong></span> <span class='ocrx_word' id='word_1_517' title='bbox 2453 3953 2734 4018; x_wconf 88' lang='lat' dir='ltr'><strong>operatus,</strong></span> <span class='ocrx_word' id='word_1_518' title='bbox 2767 3953 2824 4000; x_wconf 89' lang='lat' dir='ltr'><strong>et</strong></span> <span class='ocrx_word' id='word_1_519' title='bbox 2862 3952 3059 4000; x_wconf 88' lang='lat' dir='ltr'><strong>contra</strong></span> <span class='ocrx_word' id='word_1_520' title='bbox 3082 3945 3453 4018; x_wconf 77' lang='lat' dir='ltr'><strong>compagines</strong></span> <span class='ocrx_word' id='word_1_521' title='bbox 3483 3942 3694 4015; x_wconf 87' lang='lat' dir='ltr'><strong>lapidum</strong></span> 
     </span>
    </p>
   </div>
   <div class='ocr_carea' id='block_1_44' title="bbox 440 4030 3700 4114">
    <p class='ocr_par' dir='ltr' id='par_1_44' title="bbox 440 4030 3700 4114">
     <span class='ocr_line' id='line_1_44' title="bbox 440 4030 3700 4114; baseline 0.004 -31"><span class='ocrx_word' id='word_1_522' title='bbox 440 4030 583 4098; x_wconf 87' lang='lat' dir='ltr'><strong>diit;</strong></span> <span class='ocrx_word' id='word_1_523' title='bbox 622 4033 715 4104; x_wconf 90' lang='lat' dir='ltr'><strong>qui</strong></span> <span class='ocrx_word' id='word_1_524' title='bbox 759 4050 872 4090; x_wconf 92' lang='lat' dir='ltr'><strong>non</strong></span> <span class='ocrx_word' id='word_1_525' title='bbox 922 4035 1269 4095; x_wconf 86' lang='lat' dir='ltr'><strong>invenientes</strong></span> <span class='ocrx_word' id='word_1_526' title='bbox 1303 4054 1428 4095; x_wconf 91' lang='lat' dir='ltr'><strong>eum</strong></span> <span class='ocrx_word' id='word_1_527' title='bbox 1482 4041 1823 4114; x_wconf 89' lang='lat' dir='ltr'><strong>collegerunt</strong></span> <span class='ocrx_word' id='word_1_528' title='bbox 1866 4061 2025 4103; x_wconf 83' lang='lat' dir='ltr'><strong>exer-</strong></span> <span class='ocrx_word' id='word_1_529' title='bbox 2130 4042 2233 4097; x_wconf 92' lang='lat' dir='ltr'><strong>hos</strong></span> <span class='ocrx_word' id='word_1_530' title='bbox 2261 4040 2434 4109; x_wconf 83' lang='lat' dir='ltr'><strong>figens</strong></span> <span class='ocrx_word' id='word_1_531' title='bbox 2467 4054 2562 4108; x_wconf 88' lang='lat' dir='ltr'><strong>per</strong></span> <span class='ocrx_word' id='word_1_532' title='bbox 2601 4053 2698 4094; x_wconf 91' lang='lat' dir='ltr'><strong>cos</strong></span> <span class='ocrx_word' id='word_1_533' title='bbox 2727 4035 2940 4092; x_wconf 87' lang='lat' dir='ltr'><strong>aditum</strong></span> <span class='ocrx_word' id='word_1_534' title='bbox 2987 4035 3136 4094; x_wconf 80' lang='lat' dir='ltr'><strong>fecit.</strong></span> <span class='ocrx_word' id='word_1_535' title='bbox 3172 4037 3318 4092; x_wconf 87' lang='lat' dir='ltr'><strong>Cum</strong></span> <span class='ocrx_word' id='word_1_536' title='bbox 3351 4046 3537 4093; x_wconf 85' lang='lat' dir='ltr'><strong>autem</strong></span> <span class='ocrx_word' id='word_1_537' title='bbox 3570 4035 3700 4091; x_wconf 78' lang='lat' dir='ltr'><strong>fortis</strong></span> 
     </span>
    </p>
   </div>
   <div class='ocr_carea' id='block_1_45' title="bbox 439 4123 2004 4198">
    <p class='ocr_par' dir='ltr' id='par_1_45' title="bbox 439 4123 1998 4198">
     <span class='ocr_line' id='line_1_45' title="bbox 439 4123 1998 4198; baseline 0.011 -21"><span class='ocrx_word' id='word_1_538' title='bbox 439 4123 587 4180; x_wconf 88' lang='lat' dir='ltr'><strong>citus</strong></span> <span class='ocrx_word' id='word_1_539' title='bbox 611 4141 766 4193; x_wconf 88' lang='lat' dir='ltr'><strong>suos,</strong></span> <span class='ocrx_word' id='word_1_540' title='bbox 790 4137 845 4182; x_wconf 93' lang='lat' dir='ltr'><strong>et</strong></span> <span class='ocrx_word' id='word_1_541' title='bbox 871 4143 964 4198; x_wconf 88' lang='lat' dir='ltr'><strong>per</strong></span> <span class='ocrx_word' id='word_1_542' title='bbox 987 4138 1166 4184; x_wconf 90' lang='lat' dir='ltr'><strong>artum</strong></span> <span class='ocrx_word' id='word_1_543' title='bbox 1196 4131 1373 4188; x_wconf 90' lang='lat' dir='ltr'><strong>locum</strong></span> <span class='ocrx_word' id='word_1_544' title='bbox 1399 4131 1548 4188; x_wconf 65' lang='lat' dir='ltr'><strong>Emi</strong></span> <span class='ocrx_word' id='word_1_545' title='bbox 1577 4145 1759 4191; x_wconf 88' lang='lat' dir='ltr'><strong>castra</strong></span> <span class='ocrx_word' id='word_1_546' title='bbox 1781 4149 1998 4196; x_wconf 89' lang='lat' dir='ltr'><strong>movent</strong></span> 
     </span>
    </p>
   </div>
   <div class='ocr_carea' id='block_1_46' title="bbox 2141 4123 3698 4198">
    <p class='ocr_par' dir='ltr' id='par_1_46' title="bbox 2141 4130 3698 4194">
     <span class='ocr_line' id='line_1_46' title="bbox 2141 4130 3698 4194; baseline -0.006 -6"><span class='ocrx_word' id='word_1_547' title='bbox 2141 4134 2223 4188; x_wconf 83' lang='lat' dir='ltr'><strong>ille</strong></span> <span class='ocrx_word' id='word_1_548' title='bbox 2273 4132 2618 4188; x_wconf 81' lang='lat' dir='ltr'><strong>ascendisset</strong></span> <span class='ocrx_word' id='word_1_549' title='bbox 2662 4130 2806 4184; x_wconf 88' lang='lat' dir='ltr'><strong>muri</strong></span> <span class='ocrx_word' id='word_1_550' title='bbox 2865 4144 3152 4194; x_wconf 86' lang='lat' dir='ltr'><strong>coronam,</strong></span> <span class='ocrx_word' id='word_1_551' title='bbox 3202 4130 3290 4184; x_wconf 83' lang='lat' dir='ltr'><strong>vir</strong></span> <span class='ocrx_word' id='word_1_552' title='bbox 3355 4130 3524 4186; x_wconf 85' lang='lat' dir='ltr'><strong>Persa</strong></span> <span class='ocrx_word' id='word_1_553' title='bbox 3575 4130 3698 4183; x_wconf 88' lang='lat' dir='ltr'><strong>hunc</strong></span> 
     </span>
    </p>
   </div>
   <div class='ocr_carea' id='block_1_47' title="bbox 443 4218 3703 4298">
    <p class='ocr_par' dir='ltr' id='par_1_47' title="bbox 443 4218 3703 4298">
     <span class='ocr_line' id='line_1_47' title="bbox 443 4218 3703 4298; baseline 0.001 -28"><span class='ocrx_word' id='word_1_554' title='bbox 443 4219 511 4271; x_wconf 83' lang='lat' dir='ltr'><strong>At</strong></span> <span class='ocrx_word' id='word_1_555' title='bbox 549 4233 677 4275; x_wconf 89' lang='lat' dir='ltr'><strong>vero</strong></span> <span class='ocrx_word' id='word_1_556' title='bbox 732 4218 1003 4276; x_wconf 77' lang='lat' dir='ltr'><strong>Martinus</strong></span> <span class='ocrx_word' id='word_1_557' title='bbox 1045 4223 1234 4278; x_wconf 88' lang='lat' dir='ltr'><strong>videns</strong></span> <span class='ocrx_word' id='word_1_558' title='bbox 1280 4224 1594 4296; x_wconf 87' lang='lat' dir='ltr'><strong>chaganum</strong></span> <span class='ocrx_word' id='word_1_559' title='bbox 1643 4236 2020 4289; x_wconf 87' lang='lat' dir='ltr'><strong>transeuntem</strong></span> <span class='ocrx_word' id='word_1_560' title='bbox 2130 4228 2360 4298; x_wconf 85' lang='lat' dir='ltr'><strong>expulit.</strong></span> <span class='ocrx_word' id='word_1_561' title='bbox 2409 4223 2572 4280; x_wconf 87' lang='lat' dir='ltr'><strong>Cadit</strong></span> <span class='ocrx_word' id='word_1_562' title='bbox 2638 4239 2774 4295; x_wconf 86' lang='lat' dir='ltr'><strong>ergo</strong></span> <span class='ocrx_word' id='word_1_563' title='bbox 2821 4221 3086 4294; x_wconf 86' lang='lat' dir='ltr'><strong>Saphires</strong></span> <span class='ocrx_word' id='word_1_564' title='bbox 3112 4221 3413 4288; x_wconf 88' lang='lat' dir='ltr'><strong>deorsum,</strong></span> <span class='ocrx_word' id='word_1_565' title='bbox 3459 4233 3511 4277; x_wconf 87' lang='lat' dir='ltr'><strong>et</strong></span> <span class='ocrx_word' id='word_1_566' title='bbox 3546 4220 3703 4282; x_wconf 76' lang='lat' dir='ltr'><strong>susci-</strong></span> 
     </span>
    </p>
   </div>
   <div class='ocr_carea' id='block_1_48' title="bbox 442 4312 2004 4395">
    <p class='ocr_par' dir='ltr' id='par_1_48' title="bbox 442 4312 2004 4395">
     <span class='ocr_line' id='line_1_48' title="bbox 442 4312 2004 4395; baseline 0.013 -33"><span class='ocrx_word' id='word_1_567' title='bbox 442 4312 668 4364; x_wconf 86' lang='lat' dir='ltr'><strong>ﬂuvium</strong></span> <span class='ocrx_word' id='word_1_568' title='bbox 700 4313 764 4365; x_wconf 92' lang='lat' dir='ltr'><strong>ad</strong></span> <span class='ocrx_word' id='word_1_569' title='bbox 795 4321 1086 4382; x_wconf 63' lang='lat' dir='ltr'><strong>prtetorem</strong></span> <span class='ocrx_word' id='word_1_570' title='bbox 1125 4313 1307 4370; x_wconf 87' lang='lat' dir='ltr'><strong>rediit.</strong></span> <span class='ocrx_word' id='word_1_571' title='bbox 1341 4315 1542 4374; x_wconf 89' lang='lat' dir='ltr'><strong>Castus</strong></span> <span class='ocrx_word' id='word_1_572' title='bbox 1576 4332 1756 4376; x_wconf 91' lang='lat' dir='ltr'><strong>autem</strong></span> <span class='ocrx_word' id='word_1_573' title='bbox 1791 4326 2004 4395; x_wconf 77' lang='lat' dir='ltr'><strong>transiit</strong></span> 
     </span>
    </p>
   </div>
   <div class='ocr_carea' id='block_1_49' title="bbox 2141 4312 3701 4395">
    <p class='ocr_par' dir='ltr' id='par_1_49' title="bbox 2141 4312 3701 4391">
     <span class='ocr_line' id='line_1_49' title="bbox 2141 4312 3701 4391; baseline -0.008 -17"><span class='ocrx_word' id='word_1_574' title='bbox 2141 4321 2288 4391; x_wconf 89' lang='lat' dir='ltr'><strong>piunt</strong></span> <span class='ocrx_word' id='word_1_575' title='bbox 2319 4334 2443 4375; x_wconf 91' lang='lat' dir='ltr'><strong>eum</strong></span> <span class='ocrx_word' id='word_1_576' title='bbox 2483 4318 2539 4373; x_wconf 91' lang='lat' dir='ltr'><strong>in</strong></span> <span class='ocrx_word' id='word_1_577' title='bbox 2576 4317 2753 4372; x_wconf 86' lang='lat' dir='ltr'><strong>scutis</strong></span> <span class='ocrx_word' id='word_1_578' title='bbox 2783 4316 2901 4372; x_wconf 88' lang='lat' dir='ltr'><strong>suis</strong></span> <span class='ocrx_word' id='word_1_579' title='bbox 2943 4313 3205 4370; x_wconf 82' lang='lat' dir='ltr'><strong>Romani.</strong></span> <span class='ocrx_word' id='word_1_580' title='bbox 3232 4312 3301 4367; x_wconf 88' lang='lat' dir='ltr'><strong>Et</strong></span> <span class='ocrx_word' id='word_1_581' title='bbox 3357 4329 3558 4369; x_wconf 83' lang='lat' dir='ltr'><strong>rursus</strong></span> <span class='ocrx_word' id='word_1_582' title='bbox 3586 4325 3701 4380; x_wconf 82' lang='lat' dir='ltr'><strong>Opus</strong></span> 
     </span>
    </p>
   </div>
   <div class='ocr_carea' id='block_1_50' title="bbox 443 4401 3702 4484">
    <p class='ocr_par' dir='ltr' id='par_1_50' title="bbox 443 4401 3702 4484">
     <span class='ocr_line' id='line_1_50' title="bbox 443 4401 3702 4484; baseline 0 -31"><span class='ocrx_word' id='word_1_583' title='bbox 443 4401 669 4458; x_wconf 84' lang='lat' dir='ltr'><strong>ﬂumine</strong></span> <span class='ocrx_word' id='word_1_584' title='bbox 697 4404 1150 4475; x_wconf 84' lang='lat' dir='ltr'><strong>appropinquans</strong></span> <span class='ocrx_word' id='word_1_585' title='bbox 1182 4405 1269 4461; x_wconf 88' lang='lat' dir='ltr'><strong>his</strong></span> <span class='ocrx_word' id='word_1_586' title='bbox 1293 4408 1386 4478; x_wconf 91' lang='lat' dir='ltr'><strong>qui</strong></span> <span class='ocrx_word' id='word_1_587' title='bbox 1427 4423 1851 4484; x_wconf 64' lang='lat' dir='ltr'><strong>praecurrerant,</strong></span> <span class='ocrx_word' id='word_1_588' title='bbox 1878 4419 2022 4474; x_wconf 83' lang='lat' dir='ltr'><strong>Ava-</strong></span> <span class='ocrx_word' id='word_1_589' title='bbox 2057 4459 2101 4484; x_wconf 60' lang='grc' dir='ltr'>λ</span> <span class='ocrx_word' id='word_1_590' title='bbox 2132 4417 2397 4469; x_wconf 90' lang='lat' dir='ltr'><strong>audenter</strong></span> <span class='ocrx_word' id='word_1_591' title='bbox 2442 4409 2660 4481; x_wconf 89' lang='lat' dir='ltr'><strong>arripit,</strong></span> <span class='ocrx_word' id='word_1_592' title='bbox 2696 4417 2752 4466; x_wconf 89' lang='lat' dir='ltr'><strong>et</strong></span> <span class='ocrx_word' id='word_1_593' title='bbox 2805 4407 2987 4464; x_wconf 89' lang='lat' dir='ltr'><strong>denuo</strong></span> <span class='ocrx_word' id='word_1_594' title='bbox 3037 4423 3066 4462; x_wconf 89' lang='lat' dir='ltr'><strong>a</strong></span> <span class='ocrx_word' id='word_1_595' title='bbox 3113 4407 3390 4463; x_wconf 85' lang='lat' dir='ltr'><strong>tirmitate</strong></span> <span class='ocrx_word' id='word_1_596' title='bbox 3424 4406 3702 4477; x_wconf 86' lang='lat' dir='ltr'><strong>repellitur.</strong></span> 
     </span>
    </p>
   </div>
   <div class='ocr_carea' id='block_1_51' title="bbox 446 4494 3703 4576">
    <p class='ocr_par' dir='ltr' id='par_1_51' title="bbox 446 4494 3703 4576">
     <span class='ocr_line' id='line_1_51' title="bbox 446 4494 3703 4576; baseline 0.001 -29"><span class='ocrx_word' id='word_1_597' title='bbox 446 4511 565 4548; x_wconf 92' lang='lat' dir='ltr'><strong>rum</strong></span> <span class='ocrx_word' id='word_1_598' title='bbox 591 4494 802 4553; x_wconf 85' lang='lat' dir='ltr'><strong>obtinet</strong></span> <span class='ocrx_word' id='word_1_599' title='bbox 821 4496 1274 4568; x_wconf 88' lang='lat' dir='ltr'><strong>pugnam.Porro</strong></span> <span class='ocrx_word' id='word_1_600' title='bbox 1298 4501 1421 4555; x_wconf 90' lang='lat' dir='ltr'><strong>vani</strong></span> <span class='ocrx_word' id='word_1_601' title='bbox 1447 4502 1734 4572; x_wconf 84' lang='lat' dir='ltr'><strong>cujusdam</strong></span> <span class='ocrx_word' id='word_1_602' title='bbox 1760 4508 2024 4570; x_wconf 72' lang='lat' dir='ltr'><strong>dtemonis</strong></span> <span class='ocrx_word' id='word_1_603' title='bbox 2057 4494 2100 4516; x_wconf 67' lang='grc' dir='ltr'><strong>ν</strong></span> <span class='ocrx_word' id='word_1_604' title='bbox 2130 4512 2445 4576; x_wconf 71' lang='lat' dir='ltr'><strong>lteruntquc</strong></span> <span class='ocrx_word' id='word_1_605' title='bbox 2480 4502 2712 4559; x_wconf 83' lang='lat' dir='ltr'><strong>Romani</strong></span> <span class='ocrx_word' id='word_1_606' title='bbox 2747 4503 2894 4557; x_wconf 90' lang='lat' dir='ltr'><strong>hunc</strong></span> <span class='ocrx_word' id='word_1_607' title='bbox 2921 4500 3092 4557; x_wconf 85' lang='lat' dir='ltr'><strong>scutis</strong></span> <span class='ocrx_word' id='word_1_608' title='bbox 3113 4499 3465 4570; x_wconf 87' lang='lat' dir='ltr'><strong>suscipiunt,</strong></span> <span class='ocrx_word' id='word_1_609' title='bbox 3487 4507 3540 4555; x_wconf 90' lang='lat' dir='ltr'><strong>et</strong></span> <span class='ocrx_word' id='word_1_610' title='bbox 3568 4496 3703 4552; x_wconf 89' lang='lat' dir='ltr'><strong>tertio</strong></span> 
     </span>
    </p>
   </div>
   <div class='ocr_carea' id='block_1_52' title="bbox 446 4589 3706 4669">
    <p class='ocr_par' dir='ltr' id='par_1_52' title="bbox 446 4589 3706 4669">
     <span class='ocr_line' id='line_1_52' title="bbox 446 4589 3706 4669; baseline 0 -27"><span class='ocrx_word' id='word_1_611' title='bbox 446 4589 974 4657; x_wconf 71' lang='lat' dir='ltr'><strong>repromissionibus</strong></span> <span class='ocrx_word' id='word_1_612' title='bbox 995 4591 1260 4662; x_wconf 89' lang='lat' dir='ltr'><strong>deceptus</strong></span> <span class='ocrx_word' id='word_1_613' title='bbox 1282 4607 1391 4648; x_wconf 93' lang='lat' dir='ltr'><strong>non</strong></span> <span class='ocrx_word' id='word_1_614' title='bbox 1425 4594 1588 4650; x_wconf 89' lang='lat' dir='ltr'><strong>rediit</strong></span> <span class='ocrx_word' id='word_1_615' title='bbox 1612 4597 1678 4652; x_wconf 93' lang='lat' dir='ltr'><strong>ad</strong></span> <span class='ocrx_word' id='word_1_616' title='bbox 1713 4609 2022 4669; x_wconf 72' lang='lat' dir='ltr'><strong>prmtorem.</strong></span> <span class='ocrx_word' id='word_1_617' title='bbox 2131 4601 2198 4657; x_wconf 89' lang='lat' dir='ltr'><strong>ad</strong></span> <span class='ocrx_word' id='word_1_618' title='bbox 2227 4598 2727 4654; x_wconf 88' lang='lat' dir='ltr'><strong>machinamentum</strong></span> <span class='ocrx_word' id='word_1_619' title='bbox 2758 4605 2994 4651; x_wconf 85' lang='lat' dir='ltr'><strong>conatus</strong></span> <span class='ocrx_word' id='word_1_620' title='bbox 3035 4601 3141 4650; x_wconf 91' lang='lat' dir='ltr'><strong>est.</strong></span> <span class='ocrx_word' id='word_1_621' title='bbox 3165 4593 3440 4665; x_wconf 87' lang='lat' dir='ltr'><strong>Cumque</strong></span> <span class='ocrx_word' id='word_1_622' title='bbox 3486 4593 3554 4648; x_wconf 89' lang='lat' dir='ltr'><strong>ad</strong></span> <span class='ocrx_word' id='word_1_623' title='bbox 3585 4589 3706 4646; x_wconf 84' lang='lat' dir='ltr'><strong>muri</strong></span> 
     </span>
    </p>
   </div>
   <div class='ocr_carea' id='block_1_53' title="bbox 447 4678 3709 4765">
    <p class='ocr_par' dir='ltr' id='par_1_53' title="bbox 447 4678 3709 4765">
     <span class='ocr_line' id='line_1_53' title="bbox 447 4678 3709 4765; baseline 0.002 -31"><span class='ocrx_word' id='word_1_624' title='bbox 447 4678 786 4754; x_wconf 87' lang='lat' dir='ltr'><strong>Posteraque</strong></span> <span class='ocrx_word' id='word_1_625' title='bbox 813 4684 900 4739; x_wconf 89' lang='lat' dir='ltr'><strong>die</strong></span> <span class='ocrx_word' id='word_1_626' title='bbox 931 4693 1122 4741; x_wconf 89' lang='lat' dir='ltr'><strong>tenens</strong></span> <span class='ocrx_word' id='word_1_627' title='bbox 1152 4685 1417 4742; x_wconf 87' lang='lat' dir='ltr'><strong>transitus</strong></span> <span class='ocrx_word' id='word_1_628' title='bbox 1444 4687 1725 4759; x_wconf 88' lang='lat' dir='ltr'><strong>chaganus</strong></span> <span class='ocrx_word' id='word_1_629' title='bbox 1756 4696 2029 4752; x_wconf 83' lang='lat' dir='ltr'><strong>conclusit</strong></span> <span class='ocrx_word' id='word_1_630' title='bbox 2129 4699 2296 4765; x_wconf 89' lang='lat' dir='ltr'><strong>caput</strong></span> <span class='ocrx_word' id='word_1_631' title='bbox 2348 4690 2714 4763; x_wconf 77' lang='lat' dir='ltr'><strong>pervenisset,</strong></span> <span class='ocrx_word' id='word_1_632' title='bbox 2762 4690 2988 4743; x_wconf 88' lang='lat' dir='ltr'><strong>Persam</strong></span> <span class='ocrx_word' id='word_1_633' title='bbox 3044 4685 3270 4752; x_wconf 83' lang='lat' dir='ltr'><strong>excidit,</strong></span> <span class='ocrx_word' id='word_1_634' title='bbox 3313 4687 3533 4743; x_wconf 86' lang='lat' dir='ltr'><strong>deinde</strong></span> <span class='ocrx_word' id='word_1_635' title='bbox 3568 4689 3709 4753; x_wconf 73' lang='lat' dir='ltr'><strong>caput</strong></span> 
     </span>
    </p>
   </div>
   <div class='ocr_carea' id='block_1_54' title="bbox 445 4772 3710 4858">
    <p class='ocr_par' dir='ltr' id='par_1_54' title="bbox 445 4772 3710 4858">
     <span class='ocr_line' id='line_1_54' title="bbox 445 4772 3710 4858; baseline 0.002 -33"><span class='ocrx_word' id='word_1_636' title='bbox 445 4788 595 4827; x_wconf 91' lang='lat' dir='ltr'><strong>cum.</strong></span> <span class='ocrx_word' id='word_1_637' title='bbox 622 4772 906 4830; x_wconf 87' lang='lat' dir='ltr'><strong>Scinditur</strong></span> <span class='ocrx_word' id='word_1_638' title='bbox 934 4777 1102 4846; x_wconf 88' lang='lat' dir='ltr'><strong>igitur</strong></span> <span class='ocrx_word' id='word_1_639' title='bbox 1139 4779 1402 4849; x_wconf 83' lang='lat' dir='ltr'><strong>populus,</strong></span> <span class='ocrx_word' id='word_1_640' title='bbox 1439 4790 1495 4836; x_wconf 89' lang='lat' dir='ltr'><strong>et</strong></span> <span class='ocrx_word' id='word_1_641' title='bbox 1527 4785 1935 4855; x_wconf 89' lang='lat' dir='ltr'><strong>unusquisque,</strong></span> <span class='ocrx_word' id='word_1_642' title='bbox 1968 4799 2026 4843; x_wconf 90' lang='lat' dir='ltr'><strong>ut</strong></span> <span class='ocrx_word' id='word_1_643' title='bbox 2128 4788 2251 4858; x_wconf 89' lang='lat' dir='ltr'><strong>ejus</strong></span> <span class='ocrx_word' id='word_1_644' title='bbox 2284 4784 2549 4840; x_wconf 77' lang='lat' dir='ltr'><strong>Romanis</strong></span> <span class='ocrx_word' id='word_1_645' title='bbox 2577 4783 2826 4853; x_wconf 58' lang='lat' dir='ltr'><strong>praebens</strong></span> <span class='ocrx_word' id='word_1_646' title='bbox 2855 4780 2956 4836; x_wconf 89' lang='lat' dir='ltr'><strong>bos</strong></span> <span class='ocrx_word' id='word_1_647' title='bbox 2989 4779 3188 4834; x_wconf 89' lang='lat' dir='ltr'><strong>fiducia</strong></span> <span class='ocrx_word' id='word_1_648' title='bbox 3218 4794 3438 4852; x_wconf 83' lang='lat' dir='ltr'><strong>magna</strong></span> <span class='ocrx_word' id='word_1_649' title='bbox 3469 4776 3710 4850; x_wconf 75' lang='lat' dir='ltr'><strong>replevit;</strong></span> 
     </span>
    </p>
   </div>
   <div class='ocr_carea' id='block_1_55' title="bbox 446 4864 3712 4950">
    <p class='ocr_par' dir='ltr' id='par_1_55' title="bbox 446 4864 3712 4950">
     <span class='ocr_line' id='line_1_55' title="bbox 446 4864 3712 4950; baseline 0.005 -35"><span class='ocrx_word' id='word_1_650' title='bbox 446 4864 596 4920; x_wconf 90' lang='lat' dir='ltr'><strong>vires</strong></span> <span class='ocrx_word' id='word_1_651' title='bbox 649 4866 909 4935; x_wconf 81' lang='lat' dir='ltr'><strong>habebat,</strong></span> <span class='ocrx_word' id='word_1_652' title='bbox 961 4886 1057 4940; x_wconf 88' lang='lat' dir='ltr'><strong>per</strong></span> <span class='ocrx_word' id='word_1_653' title='bbox 1095 4886 1324 4926; x_wconf 89' lang='lat' dir='ltr'><strong>nemora</strong></span> <span class='ocrx_word' id='word_1_654' title='bbox 1382 4870 1651 4944; x_wconf 86' lang='lat' dir='ltr'><strong>fugiebat.</strong></span> <span class='ocrx_word' id='word_1_655' title='bbox 1717 4876 2027 4949; x_wconf 88' lang='lat' dir='ltr'><strong>Capiuntur</strong></span> <span class='ocrx_word' id='word_1_656' title='bbox 2132 4881 2430 4950; x_wconf 85' lang='lat' dir='ltr'><strong>multisque</strong></span> <span class='ocrx_word' id='word_1_657' title='bbox 2483 4876 2832 4932; x_wconf 86' lang='lat' dir='ltr'><strong>imitantibus</strong></span> <span class='ocrx_word' id='word_1_658' title='bbox 2867 4874 3046 4930; x_wconf 88' lang='lat' dir='ltr'><strong>virum</strong></span> <span class='ocrx_word' id='word_1_659' title='bbox 3077 4875 3294 4937; x_wconf 85' lang='lat' dir='ltr'><strong>fortem,</strong></span> <span class='ocrx_word' id='word_1_660' title='bbox 3329 4886 3394 4929; x_wconf 89' lang='lat' dir='ltr'><strong>et</strong></span> <span class='ocrx_word' id='word_1_661' title='bbox 3440 4891 3543 4945; x_wconf 88' lang='lat' dir='ltr'><strong>per</strong></span> <span class='ocrx_word' id='word_1_662' title='bbox 3585 4871 3712 4942; x_wconf 74' lang='lat' dir='ltr'><strong>palos</strong></span> 
     </span>
    </p>
   </div>
   <div class='ocr_carea' id='block_1_56' title="bbox 448 4957 3713 5036">
    <p class='ocr_par' dir='ltr' id='par_1_56' title="bbox 448 4957 3713 5036">
     <span class='ocr_line' id='line_1_56' title="bbox 448 4957 3713 5036; baseline 0.002 -26"><span class='ocrx_word' id='word_1_663' title='bbox 448 4957 634 5027; x_wconf 87' lang='lat' dir='ltr'><strong>itaque</strong></span> <span class='ocrx_word' id='word_1_664' title='bbox 663 4959 885 5028; x_wconf 88' lang='lat' dir='ltr'><strong>quidam</strong></span> <span class='ocrx_word' id='word_1_665' title='bbox 919 4976 948 5013; x_wconf 92' lang='lat' dir='ltr'><strong>a</strong></span> <span class='ocrx_word' id='word_1_666' title='bbox 983 4961 1256 5030; x_wconf 89' lang='lat' dir='ltr'><strong>barbaris,</strong></span> <span class='ocrx_word' id='word_1_667' title='bbox 1288 4973 1342 5019; x_wconf 89' lang='lat' dir='ltr'><strong>et</strong></span> <span class='ocrx_word' id='word_1_668' title='bbox 1375 4964 1621 5021; x_wconf 90' lang='lat' dir='ltr'><strong>indicant</strong></span> <span class='ocrx_word' id='word_1_669' title='bbox 1652 4967 1744 5023; x_wconf 91' lang='lat' dir='ltr'><strong>ubi</strong></span> <span class='ocrx_word' id='word_1_670' title='bbox 1775 4970 2027 5028; x_wconf 88' lang='lat' dir='ltr'><strong>latitabat</strong></span> <span class='ocrx_word' id='word_1_671' title='bbox 2131 4973 2557 5031; x_wconf 84' lang='lat' dir='ltr'><strong>ascendentibus</strong></span> <span class='ocrx_word' id='word_1_672' title='bbox 2593 4985 2834 5036; x_wconf 90' lang='lat' dir='ltr'><strong>murum,</strong></span> <span class='ocrx_word' id='word_1_673' title='bbox 2874 4967 3140 5024; x_wconf 75' lang='lat' dir='ltr'><strong>Romanis</strong></span> <span class='ocrx_word' id='word_1_674' title='bbox 3171 4967 3427 5022; x_wconf 86' lang='lat' dir='ltr'><strong>traditur</strong></span> <span class='ocrx_word' id='word_1_675' title='bbox 3464 4976 3713 5022; x_wconf 82' lang='lat' dir='ltr'><strong>castrum.</strong></span> 
     </span>
    </p>
   </div>
   <div class='ocr_carea' id='block_1_57' title="bbox 445 5047 3714 5136">
    <p class='ocr_par' dir='ltr' id='par_1_57' title="bbox 445 5047 3714 5136">
     <span class='ocr_line' id='line_1_57' title="bbox 445 5047 3714 5136; baseline 0.001 -33"><span class='ocrx_word' id='word_1_676' title='bbox 445 5047 681 5116; x_wconf 84' lang='lat' dir='ltr'><strong>Castus;</strong></span> <span class='ocrx_word' id='word_1_677' title='bbox 715 5059 769 5104; x_wconf 89' lang='lat' dir='ltr'><strong>et</strong></span> <span class='ocrx_word' id='word_1_678' title='bbox 833 5050 937 5106; x_wconf 90' lang='lat' dir='ltr'><strong>hoc</strong></span> <span class='ocrx_word' id='word_1_679' title='bbox 981 5062 1144 5123; x_wconf 88' lang='lat' dir='ltr'><strong>capto</strong></span> <span class='ocrx_word' id='word_1_680' title='bbox 1193 5056 1547 5112; x_wconf 83' lang='lat' dir='ltr'><strong>exsultabant</strong></span> <span class='ocrx_word' id='word_1_681' title='bbox 1577 5069 1632 5115; x_wconf 90' lang='lat' dir='ltr'><strong>et</strong></span> <span class='ocrx_word' id='word_1_682' title='bbox 1673 5059 2024 5120; x_wconf 73' lang='lat' dir='ltr'><strong>lzetabantur.</strong></span> <span class='ocrx_word' id='word_1_683' title='bbox 2132 5067 2197 5121; x_wconf 88' lang='lat' dir='ltr'><strong>Et</strong></span> <span class='ocrx_word' id='word_1_684' title='bbox 2237 5067 2376 5120; x_wconf 89' lang='lat' dir='ltr'><strong>alios</strong></span> <span class='ocrx_word' id='word_1_685' title='bbox 2405 5065 2624 5136; x_wconf 89' lang='lat' dir='ltr'><strong>quidem</strong></span> <span class='ocrx_word' id='word_1_686' title='bbox 2677 5062 2974 5118; x_wconf 86' lang='lat' dir='ltr'><strong>Persarum</strong></span> <span class='ocrx_word' id='word_1_687' title='bbox 3013 5059 3367 5126; x_wconf 87' lang='lat' dir='ltr'><strong>occiderunt,</strong></span> <span class='ocrx_word' id='word_1_688' title='bbox 3406 5059 3556 5115; x_wconf 86' lang='lat' dir='ltr'><strong>alios</strong></span> <span class='ocrx_word' id='word_1_689' title='bbox 3607 5067 3714 5110; x_wconf 81' lang='lat' dir='ltr'><strong>veno</strong></span> 
     </span>
    </p>
   </div>
   <div class='ocr_carea' id='block_1_58' title="bbox 445 5142 3712 5230">
    <p class='ocr_par' dir='ltr' id='par_1_58' title="bbox 445 5142 3712 5230">
     <span class='ocr_line' id='line_1_58' title="bbox 445 5142 3712 5230; baseline -0 -33"><span class='ocrx_word' id='word_1_690' title='bbox 445 5142 743 5214; x_wconf 84' lang='lat' dir='ltr'><strong>Chaganus</strong></span> <span class='ocrx_word' id='word_1_691' title='bbox 795 5159 928 5198; x_wconf 88' lang='lat' dir='ltr'><strong>sane</strong></span> <span class='ocrx_word' id='word_1_692' title='bbox 988 5160 1085 5214; x_wconf 90' lang='lat' dir='ltr'><strong>per</strong></span> <span class='ocrx_word' id='word_1_693' title='bbox 1123 5146 1406 5202; x_wconf 89' lang='lat' dir='ltr'><strong>meridiem</strong></span> <span class='ocrx_word' id='word_1_694' title='bbox 1455 5149 1560 5205; x_wconf 93' lang='lat' dir='ltr'><strong>iter</strong></span> <span class='ocrx_word' id='word_1_695' title='bbox 1612 5165 1782 5222; x_wconf 83' lang='lat' dir='ltr'><strong>agens</strong></span> <span class='ocrx_word' id='word_1_696' title='bbox 1837 5163 2030 5210; x_wconf 89' lang='lat' dir='ltr'><strong>contra</strong></span> <span class='ocrx_word' id='word_1_697' title='bbox 2133 5158 2378 5230; x_wconf 76' lang='lat' dir='ltr'><strong>captivos</strong></span> <span class='ocrx_word' id='word_1_698' title='bbox 2409 5156 2686 5210; x_wconf 86' lang='lat' dir='ltr'><strong>duxerunt</strong></span> <span class='ocrx_word' id='word_1_699' title='bbox 2717 5169 2824 5207; x_wconf 89' lang='lat' dir='ltr'><strong>una</strong></span> <span class='ocrx_word' id='word_1_700' title='bbox 2863 5168 2990 5207; x_wconf 91' lang='lat' dir='ltr'><strong>cum</strong></span> <span class='ocrx_word' id='word_1_701' title='bbox 3036 5151 3402 5222; x_wconf 73' lang='lat' dir='ltr'><strong>supellectili,</strong></span> <span class='ocrx_word' id='word_1_702' title='bbox 3457 5150 3572 5222; x_wconf 84' lang='lat' dir='ltr'><strong>igni</strong></span> <span class='ocrx_word' id='word_1_703' title='bbox 3607 5162 3712 5218; x_wconf 79' lang='lat' dir='ltr'><strong>pro-</strong></span> 
     </span>
    </p>
   </div>
   <div class='ocr_carea' id='block_1_59' title="bbox 450 5231 3714 5317">
    <p class='ocr_par' dir='ltr' id='par_1_59' title="bbox 450 5231 3714 5317">
     <span class='ocr_line' id='line_1_59' title="bbox 450 5231 3714 5317; baseline 0.002 -31"><span class='ocrx_word' id='word_1_704' title='bbox 450 5231 718 5291; x_wconf 82' lang='lat' dir='ltr'><strong>Thraccm</strong></span> <span class='ocrx_word' id='word_1_705' title='bbox 773 5245 1051 5307; x_wconf 88' lang='lat' dir='ltr'><strong>properat,</strong></span> <span class='ocrx_word' id='word_1_706' title='bbox 1099 5235 1428 5308; x_wconf 89' lang='lat' dir='ltr'><strong>Longosque</strong></span> <span class='ocrx_word' id='word_1_707' title='bbox 1477 5257 1664 5298; x_wconf 90' lang='lat' dir='ltr'><strong>muros</strong></span> <span class='ocrx_word' id='word_1_708' title='bbox 1700 5247 1931 5316; x_wconf 84' lang='lat' dir='ltr'><strong>accepit.</strong></span> <span class='ocrx_word' id='word_1_709' title='bbox 1963 5247 2031 5302; x_wconf 81' lang='lat' dir='ltr'><strong>At</strong></span> <span class='ocrx_word' id='word_1_710' title='bbox 2133 5250 2247 5305; x_wconf 88' lang='lat' dir='ltr'><strong>dito</strong></span> <span class='ocrx_word' id='word_1_711' title='bbox 2281 5256 2483 5303; x_wconf 89' lang='lat' dir='ltr'><strong>castro.</strong></span> <span class='ocrx_word' id='word_1_712' title='bbox 2517 5245 2728 5301; x_wconf 84' lang='lat' dir='ltr'><strong>Interea</strong></span> <span class='ocrx_word' id='word_1_713' title='bbox 2771 5245 3110 5317; x_wconf 90' lang='lat' dir='ltr'><strong>Philippicus</strong></span> <span class='ocrx_word' id='word_1_714' title='bbox 3149 5260 3348 5299; x_wconf 86' lang='lat' dir='ltr'><strong>rursus</strong></span> <span class='ocrx_word' id='word_1_715' title='bbox 3397 5243 3714 5316; x_wconf 80' lang='lat' dir='ltr'><strong>Byzantium</strong></span> 
     </span>
    </p>
   </div>
   <div class='ocr_carea' id='block_1_60' title="bbox 1955 5409 2188 5466">
    <p class='ocr_par' dir='ltr' id='par_1_60' title="bbox 1955 5409 2188 5466">
     <span class='ocr_line' id='line_1_60' title="bbox 1955 5409 2188 5466; baseline 0.021 -5"><span class='ocrx_word' id='word_1_716' title='bbox 1955 5409 2188 5466; x_wconf 62' lang='lat' dir='ltr'><strong>NO&#39;l&#39;zE.</strong></span> 
     </span>
    </p>
   </div>
   <div class='ocr_carea' id='block_1_61' title="bbox 494 5512 2027 5590">
    <p class='ocr_par' dir='ltr' id='par_1_61' title="bbox 494 5512 2027 5590">
     <span class='ocr_line' id='line_1_61' title="bbox 494 5512 2027 5590; baseline 0.005 -25"><span class='ocrx_word' id='word_1_717' title='bbox 494 5512 636 5590; x_wconf 79' lang='lat'><strong>_(36)</strong></span> <span class='ocrx_word' id='word_1_718' title='bbox 670 5513 1098 5590; x_wconf 42' lang='lat' dir='ltr'><strong>ASubjttgalibus.</strong></span> <span class='ocrx_word' id='word_1_719' title='bbox 1136 5515 1426 5590; x_wconf 24' lang='lat' dir='ltr'><strong>“Glossaadz</strong></span> <span class='ocrx_word' id='word_1_720' title='bbox 1481 5515 1776 5590; x_wconf 61' lang='grc' dir='ltr'><strong>ᾢποςιᾷγιον</strong></span> <span class='ocrx_word' id='word_1_721' title='bbox 1839 5521 2027 5589; x_wconf 73' lang='lat' dir='ltr'><strong>subju-</strong></span> 
     </span>
    </p>
   </div>
   <div class='ocr_carea' id='block_1_62' title="bbox 453 5583 2026 5660">
    <p class='ocr_par' dir='ltr' id='par_1_62' title="bbox 453 5583 2026 5660">
     <span class='ocr_line' id='line_1_62' title="bbox 453 5583 2026 5660; baseline 0.009 -30"><span class='ocrx_word' id='word_1_722' title='bbox 453 5583 637 5660; x_wconf 66' lang='lat' dir='ltr'><strong>gittnt._</strong></span> <span class='ocrx_word' id='word_1_723' title='bbox 661 5583 1052 5660; x_wconf 16' lang='lat' dir='ltr'><strong>Onutn-aisticon</strong></span> <span class='ocrx_word' id='word_1_724' title='bbox 1080 5603 1094 5660; x_wconf 89' lang='lat'><strong>_:</strong></span> <span class='ocrx_word' id='word_1_725' title='bbox 1126 5585 1436 5660; x_wconf 73' lang='lat' dir='ltr'><strong>Sttbjttgalt&#39;s</strong></span> <span class='ocrx_word' id='word_1_726' title='bbox 1459 5587 1795 5660; x_wconf 64' lang='lat' dir='ltr'><strong>_t31to§uyto;_.</strong></span> <span class='ocrx_word' id='word_1_727' title='bbox 1833 5583 2026 5660; x_wconf 59' lang='grc' dir='ltr'><strong>διώξητ-</strong></span> 
     </span>
    </p>
   </div>
   <div class='ocr_carea' id='block_1_63' title="bbox 456 5650 1920 5728">
    <p class='ocr_par' dir='ltr' id='par_1_63' title="bbox 456 5650 1920 5728">
     <span class='ocr_line' id='line_1_63' title="bbox 456 5650 1920 5728; baseline 0.008 -28"><span class='ocrx_word' id='word_1_728' title='bbox 456 5650 802 5728; x_wconf 74' lang='lat' dir='ltr'><strong>gali_s_bestia</strong></span> <span class='ocrx_word' id='word_1_729' title='bbox 831 5654 1132 5712; x_wconf 89' lang='lat' dir='ltr'><strong>Prudentio</strong></span> <span class='ocrx_word' id='word_1_730' title='bbox 1168 5650 1430 5728; x_wconf 53' lang='lat' dir='ltr'><strong>in&#39;agone</strong></span> <span class='ocrx_word' id='word_1_731' title='bbox 1459 5650 1719 5719; x_wconf 76' lang='lat' dir='ltr'><strong>Romani.</strong></span> <span class='ocrx_word' id='word_1_732' title='bbox 1755 5657 1920 5714; x_wconf 62' lang='grc' dir='ltr'><strong>ἣκει.</strong></span> 
     </span>
    </p>
   </div>
   <div class='ocr_carea' id='block_1_64' title="bbox 529 5720 2026 5798">
    <p class='ocr_par' dir='ltr' id='par_1_64' title="bbox 529 5720 2026 5798">
     <span class='ocr_line' id='line_1_64' title="bbox 529 5720 2026 5798; baseline 0.009 -27"><span class='ocrx_word' id='word_1_733' title='bbox 529 5720 642 5798; x_wconf 58' lang='grc'><strong>(57)</strong></span> <span class='ocrx_word' id='word_1_734' title='bbox 687 5722 996 5798; x_wconf 48' lang='lat' dir='ltr'><strong>Ingenium.</strong></span> <span class='ocrx_word' id='word_1_735' title='bbox 1038 5728 1209 5782; x_wconf 86' lang='lat' dir='ltr'><strong>Gallis</strong></span> <span class='ocrx_word' id='word_1_736' title='bbox 1267 5720 1450 5798; x_wconf 58' lang='lat' dir='ltr'><strong>e&#39;ngin.</strong></span> <span class='ocrx_word' id='word_1_737' title='bbox 1504 5731 1759 5784; x_wconf 85' lang='lat' dir='ltr'><strong>machina</strong></span> <span class='ocrx_word' id='word_1_738' title='bbox 1816 5731 2026 5786; x_wconf 87' lang='lat' dir='ltr'><strong>bellica.</strong></span> 
     </span>
    </p>
   </div>
   <div class='ocr_carea' id='block_1_65' title="bbox 463 5788 2023 5863">
    <p class='ocr_par' dir='ltr' id='par_1_65' title="bbox 463 5788 2023 5863">
     <span class='ocr_line' id='line_1_65' title="bbox 463 5788 2023 5863; baseline 0.008 -19"><span class='ocrx_word' id='word_1_739' title='bbox 463 5788 654 5847; x_wconf 60' lang='lat' dir='ltr'><strong>Matth.</strong></span> <span class='ocrx_word' id='word_1_740' title='bbox 685 5788 890 5848; x_wconf 70' lang='lat' dir='ltr'><strong>Parim</strong></span> <span class='ocrx_word' id='word_1_741' title='bbox 918 5795 987 5848; x_wconf 89' lang='lat' dir='ltr'><strong>Ut</strong></span> <span class='ocrx_word' id='word_1_742' title='bbox 1008 5799 1287 5863; x_wconf 77' lang='lat' dir='ltr'><strong>ingenium</strong></span> <span class='ocrx_word' id='word_1_743' title='bbox 1306 5788 1657 5858; x_wconf 68' lang='lat' dir='ltr'><strong>adhiberetur</strong></span> <span class='ocrx_word' id='word_1_744' title='bbox 1681 5803 1746 5858; x_wconf 89' lang='lat' dir='ltr'><strong>ad</strong></span> <span class='ocrx_word' id='word_1_745' title='bbox 1768 5804 1982 5860; x_wconf 85' lang='lat' dir='ltr'><strong>turrim.</strong></span> <span class='ocrx_word' id='word_1_746' title='bbox 2006 5821 2023 5856; x_wconf 73' lang='grc' dir='ltr'>ι</span> 
     </span>
    </p>
   </div>
   <div class='ocr_carea' id='block_1_66' title="bbox 2143 5514 3714 5597">
    <p class='ocr_par' dir='ltr' id='par_1_66' title="bbox 2143 5514 3714 5597">
     <span class='ocr_line' id='line_1_66' title="bbox 2143 5514 3714 5597; baseline -0.009 -18"><span class='ocrx_word' id='word_1_747' title='bbox 2143 5527 2232 5580; x_wconf 87' lang='lat' dir='ltr'><strong>Sic</strong></span> <span class='ocrx_word' id='word_1_748' title='bbox 2263 5525 2462 5597; x_wconf 86' lang='lat' dir='ltr'><strong>Papias</strong></span> <span class='ocrx_word' id='word_1_749' title='bbox 2497 5525 2550 5577; x_wconf 92' lang='lat' dir='ltr'><strong>in</strong></span> <span class='ocrx_word' id='word_1_750' title='bbox 2595 5520 2982 5597; x_wconf 49' lang='lat' dir='ltr'><strong>Xocalmlariq</strong></span> <span class='ocrx_word' id='word_1_751' title='bbox 3006 5514 3714 5597; x_wconf 46' lang='lat' dir='ltr'><strong>argumentquingeniive:</strong></span> 
     </span>
    </p>
   </div>
   <div class='ocr_carea' id='block_1_67' title="bbox 2141 5581 3716 5668">
    <p class='ocr_par' dir='ltr' id='par_1_67' title="bbox 2141 5581 3716 5668">
     <span class='ocr_line' id='line_1_67' title="bbox 2141 5581 3716 5668; baseline -0.011 -18"><span class='ocrx_word' id='word_1_752' title='bbox 2141 5581 2733 5668; x_wconf 13' lang='lat' dir='ltr'><strong>interpr&#39;ctatnr._i\’ide</strong></span> <span class='ocrx_word' id='word_1_753' title='bbox 2774 5581 3237 5668; x_wconf 5' lang='lat' dir='ltr'><strong>ljigltnenhor‘s&#39;tiutn</strong></span> <span class='ocrx_word' id='word_1_754' title='bbox 3269 5585 3338 5639; x_wconf 81' lang='lat' dir='ltr'><strong>ad</strong></span> <span class='ocrx_word' id='word_1_755' title='bbox 3396 5581 3573 5656; x_wconf 76' lang='lat' dir='ltr'><strong>Apul.</strong></span> <span class='ocrx_word' id='word_1_756' title='bbox 3604 5581 3716 5637; x_wconf 75' lang='lat' dir='ltr'><strong>lict.</strong></span> 
     </span>
    </p>
   </div>
   <div class='ocr_carea' id='block_1_68' title="bbox 2141 5661 3718 5749">
    <p class='ocr_par' dir='ltr' id='par_1_68' title="bbox 2141 5661 3718 5749">
     <span class='ocr_line' id='line_1_68' title="bbox 2141 5661 3718 5749; baseline -0.011 -29"><span class='ocrx_word' id='word_1_757' title='bbox 2141 5667 2176 5720; x_wconf 89' lang='lat' dir='ltr'><strong>l.</strong></span> <span class='ocrx_word' id='word_1_758' title='bbox 2207 5683 2258 5731; x_wconf 80' lang='grc' dir='ltr'><strong>ν,</strong></span> <span class='ocrx_word' id='word_1_759' title='bbox 2377 5667 2502 5749; x_wconf 59' lang='grc'><strong>207.</strong></span> <span class='ocrx_word' id='word_1_760' title='bbox 2533 5665 2743 5749; x_wconf 62' lang='lat' dir='ltr'><strong>(“ossae</strong></span> <span class='ocrx_word' id='word_1_761' title='bbox 2789 5662 3031 5719; x_wconf 83' lang='lat' dir='ltr'><strong>Dositltci</strong></span> <span class='ocrx_word' id='word_1_762' title='bbox 3060 5681 3068 5714; x_wconf 89' lang='lat'><em>:</em></span> <span class='ocrx_word' id='word_1_763' title='bbox 3114 5679 3131 5712; x_wconf 84' lang='lat' dir='ltr'><strong>t</strong></span> <span class='ocrx_word' id='word_1_764' title='bbox 3174 5661 3616 5730; x_wconf 78' lang='lat' dir='ltr'><strong>Argumentum,</strong></span> <span class='ocrx_word' id='word_1_765' title='bbox 3645 5668 3718 5706; x_wconf 74' lang='lat' dir='ltr'><strong>ar~</strong></span> 
     </span>
    </p>
   </div>
   <div class='ocr_carea' id='block_1_69' title="bbox 2141 5736 2706 5811">
    <p class='ocr_par' dir='ltr' id='par_1_69' title="bbox 2141 5736 2706 5811">
     <span class='ocr_line' id='line_1_69' title="bbox 2141 5736 2706 5811; baseline -0.007 -17"><span class='ocrx_word' id='word_1_766' title='bbox 2141 5749 2267 5811; x_wconf 82' lang='lat' dir='ltr'><strong>gute</strong></span> <span class='ocrx_word' id='word_1_767' title='bbox 2295 5736 2596 5794; x_wconf 84' lang='lat' dir='ltr'><strong>inventum.</strong></span> <span class='ocrx_word' id='word_1_768' title='bbox 2633 5736 2706 5790; x_wconf 85' lang='grc' dir='ltr'><strong>Ιυ.</strong></span> 
     </span>
    </p>
   </div>
   <div class='ocr_carea' id='block_1_70' title="bbox 3807 1501 3813 1534">
    <p class='ocr_par' dir='ltr' id='par_1_70' title="bbox 3807 1501 3813 1534">
     <span class='ocr_line' id='line_1_70' title="bbox 3807 1501 3813 1534; baseline 0 0"><span class='ocrx_word' id='word_1_769' title='bbox 3807 1501 3813 1534; x_wconf 91' lang='lat' dir='ltr'><strong>l</strong></span> 
     </span>
    </p>
   </div>
  </div>
