3906 6226
63 307 216 372 1271

867 303 1841 370 1IISTORIAECCLESIASTICA
1883 305 1982 367 EX
2018 305 2504 368 ΤΗΕΟΡΗΛΝΕ.

3212 307 3356 369 1278

61 419 182 476 iter
215 418 352 489 egit,
412 397 667 474 Heraclio
692 411 1069 468 Romanorum
1115 415 1258 468 duce
1306 413 1518 470 relicto.
1561 413 1664 470 Ve-
1694 417 1742 474 Δ
1843 413 2031 473 Ilundi
2057 429 2202 469 anno
2221 413 2387 478 6080,
2415 413 2618 469 divina:
2636 411 3036 470 incarnationis
3063 429 3210 472 anno
3226 416 3359 475 580.

67 511 244 566 uiens
298 515 486 563 autem
541 505 803 569 Tarsum,
844 513 899 560 et
941 504 1135 561 dicens
1179 504 1325 575 quod
1373 505 1673 575 imperator

67 602 342 658 Priscum
407 597 653 655 Orientis
710 604 1001 666 praetorem
1067 605 1317 653 creatum
1375 597 1670 662 direxerit,

67 694 276 750 scribit
316 691 574 748 Heraclio
593 691 827 747 dimisso
859 690 1104 745 exercitu
1134 689 1190 744 in
1232 689 1548 745 Armeniam
1579 705 1671 744 ve-

69 786 200 842 nire
231 783 305 839 ad
347 783 561 840 Narsen
604 792 660 838 et
705 782 885 839 Prisci
925 783 1048 852 ejus
1097 783 1447 852 prmsentiam
1492 782 1674 838 facere

73 875 460 932 manifestam.
514 875 822 946 imperator
873 874 1020 930 enim
1064 875 1376 946 Philippico
1423 875 1674 945 jusserat

78 980 281 1039 quarta
335 983 481 1038 roga:
517 975 675 1038 parte
727 967 949 1038 privare
1000 967 1278 1022 militiam.
1327 967 1673 1039 Philippicus

81 1072 270 1117 autem
321 1061 524 1116 timens
557 1074 628 1115 ne
670 1059 895 1115 occasio
942 1059 1252 1130 tyrannidis
1291 1059 1469 1127 fieret,
1509 1075 1675 1131 super

82 1155 186 1208 hoc
219 1151 545 1222 imperatori
579 1165 688 1206 non
732 1150 938 1222 paruit,
983 1150 1217 1221 ideoque
1239 1165 1269 1204 a
1307 1157 1548 1220 praetura
1576 1150 1670 1205 de-

86 1247 331 1317 ponitur.
399 1244 626 1301 Priscus
698 1251 882 1298 autem
941 1245 1273 1314 perveniens
1325 1245 1671 1300 Antiochiam

90 1336 352 1407 precepit
381 1335 584 1392 milites
608 1335 752 1406 apud
783 1332 1164 1390 Monocartum
1189 1335 1397 1406 colligi.
1427 1334 1675 1390 Advocat

93 1441 272 1485 autem
305 1441 359 1484 et
379 1428 742 1494 Germanum,
766 1427 853 1483 cui
879 1426 1317 1483 iledessenorutn
1340 1429 1675 1498 principatus

91 1523 331 1578 creditus
373 1529 518 1583 erat,
557 1535 665 1574 una
700 1535 824 1576 cum
864 1520 1153 1590 episcopo,
1188 1530 1244 1576 et
1283 1535 1390 1575 una
1428 1535 1555 1575 cum
1594 1521 1674 1576 eis

92 1617 158 1672 ad
192 1617 498 1674 exercitum
537 1615 678 1680 ibat,
701 1615 1110 1672 solemnitatem
1144 1614 1372 1672 Pascha:
1403 1632 1530 1672 cum
1563 1616 1674 1672 illis

94 1709 367 1764 facturus.
400 1710 469 1762 At
497 1722 628 1764 vero
659 1707 830 1763 duces
859 1707 1137 1763 exercitus
1165 1707 1382 1762 obviam
1408 1715 1674 1764 venerunt

90 1804 138 1856 ei
167 1817 293 1856 cum
340 1802 562 1865 bandis,
604 1801 820 1857 duobus
860 1801 1039 1873 signis
1071 1802 1262 1873 procul
1294 1802 1364 1858 ab
1399 1803 1668 1858 exercitu.

91 1897 190 1950 Ast
234 1894 463 1950 Priscus
511 1893 816 1949 secundum
852 1908 1060 1950 morem
1123 1909 1233 1950 non
1282 1893 1571 1950 descendit
1601 1895 1673 1950 ab

91 2000 257 2058 equo,
295 2000 400 2042 nec
431 1985 717 2042 consuetis
768 1985 1200 2043 salutationibus
1230 2001 1368 2042 usus
1400 1996 1503 2042 est.
1535 1986 1673 2042 Hine

87 2096 220 2151 ergo
242 2088 299 2136 et
326 2080 438 2136 odii
467 2079 754 2136 exordium
800 2078 1012 2134 factum
1039 2089 1123 2136 est
1148 2097 1163 2135 :
1196 2081 1254 2136 in
1284 2081 1673 2138 communibus

89 2189 331 2244 namque
379 2171 599 2244 injuriis
635 2172 1022 2228 multitudines
1073 2172 1325 2229 severius
1360 2174 1669 2244 patiuntur.

91 2266 223 2321 Post
251 2263 456 2320 festqu
489 2270 670 2320 autem
715 2263 859 2320 diem
908 2263 1436 2321 demonstrabantur
1480 2267 1673 2324 tetrico

93 2354 441 2424 imperatoris
471 2353 688 2408 litterae.
721 2352 1021 2409 Conﬂuunt
1060 2354 1246 2426 itaque
1285 2355 1671 2414 multitudines

94 2446 157 2500 ad
191 2447 444 2516 pra-toris
475 2445 707 2501 ﬁxuram
748 2447 1114 2515 tabernaculi,
1150 2448 1275 2505 aliis
1303 2449 1525 2520 quidem
1557 2451 1673 2522 gla-

97 2540 218 2594 dios
237 2539 615 2610 portantibus,
635 2540 762 2598 aliis
790 2555 918 2596 vero
947 2541 1160 2612 lapides
1185 2543 1272 2598 vel
1299 2543 1442 2614 ligna
1462 2544 1671 2614 jactan-

99 2634 262 2687 tibus.
320 2631 405 2686 Fit
458 2631 624 2704 igitur
682 2632 918 2702 pavidus
968 2633 1215 2700 Priscus,
1260 2643 1317 2690 et
1369 2637 1673 2694 ascendens

97 2737 294 2793 equum
328 2723 455 2795 fuga
487 2725 665 2781 evasit
692 2725 1026 2795 periculum.
1065 2727 1151 2780 llli
1198 2741 1330 2782 vero
1359 2728 1674 2784 scindentes

101 2817 263 2870 iisum
293 2817 458 2886 hujus
489 2815 928 2883 tabernaculum,
958 2817 1143 2872 omnia
1169 2833 1292 2889 quae
1314 2820 1489 2889 ipsius
1517 2831 1677 2876 erant

97 2907 466 2978 diripuerunt.
499 2907 597 2962 Ast
622 2906 712 2962 ille
741 2905 1124 2964 Constantiam
1152 2910 1478 2978 perveniens
1503 2924 1532 2964 a
1557 2925 1674 2966 me-

95 2999 234 3055 dicis
247 2999 316 3054 de
333 2997 780 3069 percussionibus
792 2996 1031 3071 lapidum
1045 3005 1099 3055 et
1111 2999 1430 3056 vulneribus
1445 3002 1677 3057 curaba-

1703 1765 1751 1825 B

1777 523 1973 564 mense
2019 506 2394 578 Septetnbrio,
2441 506 2744 562 indictione
2789 516 2969 574 sexta,
3012 506 3358 580 Langobardi

1778 603 1981 658 bellum
2028 601 2300 656 adversus
2352 598 2634 654 Romanos
2678 599 3009 664 intulerunt,
3046 607 3102 654 et
3137 599 3362 654 Mauru-

1778 693 1992 750 siorum
2044 699 2239 764 gentes
2270 692 2539 746 adversus
2587 690 2831 748 Africam
2881 710 3108 764 magnas
3149 705 3362 765 pertur-

1778 788 2032 843 bationes
2063 794 2543 857 perpetraverunt.
2585 785 2642 840 In
2675 786 2909 842 Perside
2956 796 3140 843 autem
3171 803 3364 844 carcer

1777 889 1862 938 est
1895 881 1993 952 qui
2019 881 2228 936 dicitur
2266 879 2460 947 Lethe,
2516 887 2574 934 et
2621 879 2827 934 multos
2862 879 3151 934 Persarum
3206 895 3298 933 rex
3332 895 3360 932 a

1776 975 2017 1031 diversis
2051 973 2311 1043 gentibus
2342 973 2396 1027 in
2431 971 2535 1027 hoc
2568 972 2798 1028 inclusit
2841 987 2948 1026 una
2980 987 3104 1028 cum
3131 973 3364 1041 captivis

1778 1069 2022 1124 civitatis
2045 1067 2226 1122 Darsa.
2252 1064 2348 1122 Isti
2379 1078 2514 1134 ergo
2544 1061 2823 1136 desperati
2852 1065 3144 1134 insurgunt
3169 1074 3363 1118 contra

1775 1177 1874 1218 eos
1905 1161 2002 1232 qui
2051 1175 2111 1217 se
2149 1157 2566 1225 custodiebant,
2606 1165 2662 1214 et
2692 1158 2883 1214 occiso
2933 1156 3150 1211 Marusa
3198 1164 3364 1227 caput

1777 1255 1899 1326 ejus
1951 1253 2279 1325 Byzantium
2331 1255 2656 1310 attulerunt.
2721 1252 2819 1306 Ast
2873 1250 3180 1320 imperator
3238 1265 3361 1303 cum

1778 1346 1982 1415 gaudio
2016 1362 2216 1416 magno
2269 1346 2397 1404 illos
2446 1344 2712 1413 suscepit.
2756 1341 3126 1412 Philippicum
3182 1349 3362 1393 autem

1779 1438 1865 1492 vix
1898 1447 2190 1507 praetorem
2236 1438 2443 1508 recepit
2474 1435 2774 1492 exercitus.
2808 1433 2946 1487 Cum
2999 1440 3179 1486 autem
3229 1430 3363 1482 Pur-

1778 1545 1965 1585 sarum
2004 1529 2496 1600 Romanorumque
2529 1529 2737 1585 bellum
2785 1525 3138 1600 Martyropoli
3190 1524 3364 1587 ﬁeret,

1778 1635 2118 1692 superantur
2165 1623 2427 1679 Romani.
2472 1624 2778 1694 Imperator
2807 1630 2988 1676 autem
3035 1633 3064 1672 a
3119 1624 3381 1704 praetura

1784 1717 2094 1787 Philippico
2121 1731 2317 1774 rursus
2347 1723 2553 1780 amoto,
2579 1713 3040 1770 Commentiolum
3073 1717 3365 1780 praetorem

1779 1807 2030 1864 Orientis
2080 1807 2306 1863 direxit.
2355 1806 2650 1862 lleraclius
2693 1813 2876 1860 autem
2913 1808 3274 1873 prosperatus
3313 1800 3366 1851 in

1775 1901 1923 1956 bello
1955 1900 2189 1969 peremit
2213 1899 2509 1955 Persarum
2543 1906 2862 1970 praetorem.
2897 1893 3216 1965 Aphrahato
3240 1904 3370 1945 vero

1777 1995 2110 2064 interempto
2135 1975 2358 2064 fugiunt
2394 1991 2577 2048 Persae
2616 1999 2671 2047 et
2703 1992 3077 2059 insequuntur
3110 1983 3368 2038 Romani.

1774 2084 1945 2161 Cum_
1977 2092 2159 2140 autem
2206 2083 2444 2139 multum
2485 2081 2687 2139 fuisset
2732 2085 2789 2138 in
2841 2082 2928 2137 eis
2966 2077 3240 2136 excidium
3288 2074 3370 2128 fa-

1776 2187 1950 2244 ctum,
1995 2178 2479 2249 comprehendunt
2519 2178 2689 2232 etiam
2735 2175 3048 2232 custodiam
3077 2180 3133 2227 et
3163 2170 3369 2225 multas

1775 2271 2005 2327 exuvias
2073 2270 2398 2341 Byzantium
2460 2271 2712 2326 mittunt.
2769 2266 3018 2336 Denique
3071 2265 3373 2332 imperator

1775 2363 2127 2434 equestribus
2168 2361 2648 2433 speculationibus
2693 2371 2740 2416 et
2781 2355 3133 2415 commerciis
3180 2353 3372 2408 urbem

1776 2454 2128 2525 splendidam
2166 2452 2432 2509 reddidit.
2460 2451 2755 2506 llormisda
2785 2450 3080 2506 Persarum
3108 2458 3202 2500 rex
3234 2457 3375 2514 prae—

1777 2556 1957 2602 torem
2015 2545 2216 2600 Baram
2275 2554 2596 2616 promotum
2646 2557 2754 2598 una
2806 2557 2934 2597 cum
2994 2537 3376 2610 potentatibus

1779 2638 1976 2693 multis
2011 2647 2207 2693 contra
2242 2638 2510 2693 Suaniam
2543 2635 2736 2690 mittit.
2772 2634 2850 2688 Ex
2882 2633 3166 2701 insperato
3192 2635 3377 2682 autem

1779 2730 1909 2784 huic
1953 2731 2170 2786 instans
2213 2729 2282 2784 ad
2315 2731 2556 2784 Araxem
2591 2728 2796 2781 flumen
2826 2731 3011 2780 castra
3042 2725 3374 2782 commovet,

1779 2822 2053 2893 siquidetn
2085 2821 2424 2894 expugnatis
2442 2820 2643 2876 Turcis
2667 2835 2696 2874 a
2721 2817 2904 2874 Persis
2926 2815 3062 2869 adeo
3085 2811 3376 2867 llormisda

1778 2913 1953 2968 crevit
1985 2921 2045 2968 ut
2074 2913 2248 2968 etiam
2292 2912 2507 2967 tributa
2535 2909 2902 2980 quadraginta
2951 2905 3122 2962 millia
3172 2901 3292 2955 auri
3345 2915 3376 2954 a

1779 3003 1980 3059 Turcis
2031 3004 2330 3073 acciperet,
2377 3016 2506 3055 cum
2546 3001 2702 3071 prius
2754 2999 2871 3068 ipse
2912 2993 3146 3066 aequalia
3179 2989 3378 3046 Turcis

99 3104 209 3157 tur,
227 3099 281 3146 et
302 3091 804 3162 mittitepiscopum
823 3091 1065 3148 civitatis
1095 3092 1366 3150 rationem
1387 3093 1595 3151 faciens
1614 3111 1678 3152 ac
1705 3122 1754 3186 ε
1786 3094 2144 3165 persolveret.
2196 3091 2401 3148 Verum
2454 3091 2760 3146 Mauricius
2805 3090 2908 3144 hoc
2941 3093 3226 3156 comperto
3260 3085 3375 3138 Ro-

102 3186 368 3255 pollicens
390 3184 736 3242 exercituise
768 3199 1066 3242 suasurum
1102 3184 1443 3256 imperatori,
1463 3189 1674 3245 neillos

103 3279 278 3348 privet
309 3277 490 3349 aliqua
515 3277 980 3334 conferendarum
1033 3280 1504 3336 consuetudinum
1540 3281 1680 3352 (38).

100 3370 820 3442 Astexercitusepiscopum
849 3385 975 3426 eum
1001 3371 1220 3443 injuriis
1257 3374 1686 3446 respuerunt,|et

99 3465 440 3519 Germanum
472 3463 708 3519 invitum
735 3471 1025 3534 praetorem
1055 3467 1564 3535 pronuntiaverunt
1593 3483 1686 3524 su-

101 3572 196 3625 per
231 3562 449 3611 scutum
481 3555 710 3620 elatum,
733 3553 1263 3625 imperetoriamque
1294 3565 1531 3612 statuam
1558 3559 1685 3615 sub-

101 3656 406 3715 verterunt,
441 3657 498 3704 et
539 3648 707 3719 bujus
753 3647 1022 3719 imagines
1058 3648 1304 3706 demoliti
1351 3657 1502 3707 sunt.
1533 3650 1598 3705 Et
1630 3652 1685 3707 in

101 3739 448 3812 tyrannidem
496 3745 924 3810 prorumperent
969 3746 1024 3795 et
1075 3739 1244 3796 urbes
1300 3741 1684 3812 dispoliarent,

101 3834 207 3890 nisi
248 3832 562 3889 Germanus
605 3831 656 3888 id
707 3847 872 3903 agere
912 3831 1083 3887 multa
1141 3835 1577 3892 commonitione
1631 3845 1688 3892 et

97 3925 484 3982 exhortatione
546 3925 832 3982 vetuisset.
871 3924 1096 3982 Priscus
1145 3933 1328 3981 autem
1399 3927 1516 3982 haec
1579 3929 1684 3981 im-

99 4019 347 4090 peratori
381 4017 671 4074 manifesta
702 4014 856 4084 fecit,
891 4026 945 4073 et
981 4018 1280 4087 imperator
1313 4016 1684 4090 Philippicum

100 4115 286 4169 denuo
321 4119 611 4183 praetorem
653 4107 894 4166 Orientis
945 4109 1252 4164 constituit.
1285 4108 1516 4164 Priscus
1556 4124 1686 4164 vero

97 4205 430 4278 Byzantium
485 4203 674 4259 rediit.
709 4201 886 4258 Porro
927 4203 1210 4257 exercitus
1255 4201 1587 4273 jurameutis
1626 4217 1687 4258 se

105 4297 418 4353 aﬂirmabat
443 4313 475 4352 a
505 4296 771 4352 Mauricio
797 4295 1112 4351 nullatenus
1145 4295 1429 4365 imperari.
1460 4296 1684 4352 Barbari

98 4408 240 4448 sane
276 4391 540 4446 Romanis
569 4389 985 4444 calamitatibus
1014 4388 1452 4443 delectabantur.
1484 4387 1684 4444 Verum

1790 3200 2016 3241 manum
2059 3184 2319 3256 provehit
2366 3192 2679 3254 praetorem,
2712 3190 2768 3237 et
2826 3181 2882 3235 in
2931 3177 3198 3233 Suaniam
3248 3188 3375 3228 cum

1790 3285 2077 3350 potentatu
2125 3277 2472 3334 transmittit.
2504 3275 2754 3344 Cumque
2796 3272 3138 3344 pervenisset
3177 3269 3379 3323 Roma-

1789 3389 1897 3430 nus
1932 3372 2189 3428 Lazicem
2219 3379 2274 3428 et
2304 3370 2373 3427 ad
2413 3369 2632 3425 Phasim
2668 3368 2895 3422 ﬂuvium
2926 3362 3284 3425 accessisset,
3319 3361 3375 3414 in

1789 3465 2079 3520 Albaniam
2110 3463 2419 3520 exercitum
2453 3461 2645 3518 movit.
2676 3459 2870 3515 Baram
2919 3465 3102 3511 autem
3139 3452 3380 3508 audiens

1789 3559 2097 3616 Romanum
2123 3556 2428 3628 profectum
2445 3571 2560 3610 rem
2582 3552 2886 3608 deridebat.
2913 3548 3186 3618 Cupiebat
3208 3546 3375 3600 etiam

1791 3653 2166 3708 Romanorum
2193 3650 2366 3704 aciem
2402 3662 2568 3701 manu
2605 3661 2846 3715 capere:
2882 3659 2990 3696 non
3022 3641 3169 3695 enim
3203 3640 3382 3691 adhuc

1789 3743 2056 3798 adversus
2104 3739 2386 3795 Romanos
2413 3735 2616 3790 bellum
2651 3733 2870 3786 inierat.
2901 3730 2972 3782 At
3011 3742 3141 3780 vero
3178 3727 3379 3779 Roma-

1790 3851 1897 3891 nus
1947 3833 2251 3889 Romanam
2305 3825 2717 3883 multitudinem
2750 3819 3053 3890 separavit,
3107 3832 3214 3870 non
3250 3829 3382 3884 pro-

1799 3929 1941 3984 batis
1976 3939 2144 3998 penes
2174 3923 2424 3979 sarcinas
2447 3915 2751 3975 derelictis.
2776 3914 2973 3967 Decem
3014 3909 3180 3963 millia
3211 3906 3378 3961 etiam

1793 4036 1980 4077 secum
2017 4016 2301 4088 accipiens
2330 4012 2600 4069 adversus
2628 4008 2900 4064 barbaros
2933 4000 3295 4073 properabat,
3324 4006 3380 4050 ct

1789 4114 1902 4169 duo
1961 4110 2132 4166 millia
2192 4105 2506 4176 praecedere
2549 4102 2706 4174 jubet
2747 4097 3076 4155 exercitum.
3129 4093 3234 4160 Qui
3281 4107 3378 4147 ve-

1790 4207 2008 4260 nientes
2033 4201 2252 4258 obviam
2305 4198 2395 4254 his
2443 4197 2538 4268 qui
2577 4197 3006 4266 praecesserant,
3036 4187 3234 4243 Persas
3279 4185 3382 4239 hos

1793 4301 1845 4353 in
1871 4305 2027 4366 terga
2051 4301 2291 4359 vertunt,
2313 4299 2368 4349 et
2389 4305 2584 4347 omnes
2612 4287 2977 4343 interimunt:
3002 4281 3149 4336 facta
3177 4277 3382 4349 quippe

1792 4390 1924 4458 luga
1976 4395 2034 4442 et
2072 4383 2382 4456 praecipitio
2434 4381 2537 4437 sibi
2590 4379 2854 4436 obstante
2884 4372 3134 4431 conclusi
3167 4383 3384 4424 omnes

101 4488 404 4554 imperator
460 4482 884 4546 Aristobolum,
935 4487 1250 4535 curatorem
1311 4480 1680 4549 imperialium
1717 4469 2145 4537 Dinterierunt.
2207 4478 2306 4534 Ast
2365 4465 2596 4532 Romani
2657 4486 2834 4543 usque
2892 4470 2958 4523 ad
3018 4465 3383 4522 barbarorum

94 4578 416 4640 domorum,
456 4575 522 4630 ad
553 4574 855 4630 exercitum
891 4573 1064 4640 misit,
1096 4583 1372 4643 quatenus
1397 4574 1684 4644 juramen-

98 4674 176 4726 tis
212 4679 268 4725 et
301 4669 466 4726 donis
511 4666 861 4740 tyrannidem
913 4665 1192 4733 solveret;
1235 4666 1384 4737 quod
1425 4675 1482 4722 et
1531 4666 1680 4723 fecit.

98 4763 426 4838 Tyrannide
458 4777 588 4816 vero
621 4761 904 4816 destructa
941 4760 1000 4813 fit
1037 4758 1331 4814 Persarum
1368 4767 1533 4829 atque
1567 4759 1680 4816 Ro-

95 4873 394 4914 manorum
439 4855 584 4910 circa
638 4852 1050 4925 Martyropolim
1107 4854 1408 4908 niaximum
1459 4853 1686 4909 bellum.

97 4949 373 5004 Romanis
423 4963 556 5003 vero
609 4948 852 5018 potentia
900 4954 956 5000 et
1004 4944 1210 5000 ducum
1258 4946 1463 5002 virtute
1519 4962 1690 5018 expu—

95 5042 405 5114 gnautthus
447 5040 667 5109 Persas,
721 5039 1048 5096 interficitur
1094 5037 1346 5094 Maruzas
1389 5038 1688 5096 Persarum

95 5147 331 5206 pnntor.
368 5131 926 5203 Comprehenduntur
957 5131 1120 5185 etiam
1153 5130 1456 5185 viventium
1490 5144 1556 5186 es
1605 5131 1690 5186 his

98 5233 211 5284 tria
242 5229 444 5292 millia,
469 5239 526 5283 et
555 5227 902 5284 Persicorum
935 5224 1212 5295 principes
1231 5223 1511 5294 agminum
1541 5224 1690 5280 mille

95 5331 324 5373 tantum
365 5319 570 5375 reversi
606 5326 737 5373 sunt
789 5317 844 5371 in
890 5313 1191 5371 Persidem.
1244 5312 1418 5368 Porro
1452 5314 1685 5369 Romani

94 5416 492 5469 transmittunt
537 5412 605 5466 ad
655 5412 1040 5481 imperatorem
1074 5425 1139 5464 ex
1183 5406 1425 5464 Persicis
1467 5407 1686 5464 exuviis

97 5506 279 5561 multa
309 5512 366 5560 et
396 5511 593 5576 captos
622 5512 676 5559 et
706 5503 994 5559 universos
1024 5516 1131 5557 una
1166 5515 1289 5556 cum
1324 5497 1542 5555 bandis.

1792 4573 1998 4628 vallum
2024 4579 2317 4636 venerunt,
2350 4571 2424 4624 ita
2450 4578 2509 4622 ut
2557 4566 2751 4619 Baram
2783 4575 2950 4632 super
2989 4558 3096 4612 hoc
3119 4554 3380 4622 obstupe-

1793 4673 1994 4722 sceret.
2016 4665 2172 4730 Quod
2196 4664 2426 4719 audiens
2449 4660 2734 4716 Romanus
2757 4654 3008 4708 animare
3029 4647 3201 4718 cmpit
3221 4659 3380 4700 exer-

1792 4760 1990 4822 citum,
2050 4767 2104 4812 et
2139 4755 2434 4828 prazliatnri
2464 4755 2732 4822 parantur
2772 4746 2828 4799 in
2881 4755 3079 4810 campo
3119 4737 3380 4793 Albaniae.

1796 4851 1992 4906 Baram
2043 4859 2226 4906 autem
2255 4847 2536 4904 nitebatur
2582 4842 2782 4898 bellum
2836 4836 3035 4897 furari,
3084 4833 3385 4888 frustratus

1796 4951 1978 4999 tamen
2037 4941 2275 4999 consilio
2303 4947 2388 4996 est
2424 4957 2439 4994 ε
2498 4933 2743 4992 surrexit
2786 4931 2933 4986 enim
2984 4926 3286 4986 Romanus,
3324 4931 3380 4976 et

1798 5036 2183 5107 comptissime-
2206 5033 2524 5105 parabatur.
2567 5030 2705 5084 Cum
2743 5034 2927 5081 autem
2973 5022 3207 5077 invicem
3249 5031 3383 5071 cou-

1801 5128 1982 5184 llictus
2029 5128 2334 5199 agitaretur
2362 5131 2418 5180 et
2455 5122 2611 5178 multi
2649 5120 3020 5176 Barbarorum
3047 5110 3221 5170 occisi
3248 5108 3382 5162 luis—

1799 5233 1943 5290 sent,
1990 5224 2048 5278 lit
2095 5223 2333 5278 maxima
2388 5219 2652 5276 Romanis
2689 5215 2944 5273 victoria.
3004 5207 3382 5278 Dispoliantur

1795 5319 1962 5389 igitur
1992 5317 2245 5378 Barbari.
2297 5323 2353 5371 et
2409 5313 2695 5384 sepultura
2744 5315 3001 5364 carentes
3060 5297 3378 5355 elficiuntur

1795 5413 1990 5470 bestiis
2018 5427 2167 5468 esca.
2201 5409 2317 5465 lloc
2349 5407 2541 5464 audito
2574 5402 2899 5460 Hormisdas
2928 5399 3221 5453 Persarum
3254 5402 3374 5450 rex,

1799 5504 2182 5562 confusionem
2221 5519 2331 5558 non
2357 5500 2563 5565 ferens,
2597 5493 2920 5551 muliebrem
2943 5493 3150 5543 vestem
3177 5483 3372 5537 Baram

1637 5619 1872 5683 ΝΟΤΛΕ.

173 5717 292 5792 (38)
328 5719 801 5792 Consuctmlimmi.
827 5717 1182 5777 Consuetudo
1243 5721 1540 5791 praestatis,
1574 5738 1678 5791 παρ

1784 5742 1810 5792 ι.
1841 5721 2086 5776 (ilossac:
2125 5714 2384 5772 salarium
2423 5707 2706 5780 συνήθεια,
2733 5721 2781 5760 v.
2806 5698 2948 5756 Hist.
3015 5697 3157 5768 Trip.
3204 5695 3240 5750 I.
3285 5707 3363 5764 Vt,

95 5808 150 5845 c.
183 5791 237 5857 7,
265 5803 320 5846 et
352 5793 391 5848 l.
424 5808 521 5858 vn,
557 5809 606 5848 c.
637 5795 692 5850 5.
719 5791 881 5847 ΙίἈβκ.
