3906 6226
594 247 732 314 1273

1696 199 2092 306 Amsrasn
2130 247 2773 313 BIBLIOTHECARII
3649 262 3736 333 mo

593 365 924 430 transmisit,
951 371 1005 418 et
1046 364 1192 419 hunc
1227 372 1462 431 praetura
1507 363 1762 432 privavit.
1804 364 2174 422 Parate.con~
2205 377 2247 433 Α
2282 367 2540 422 misdam.
2595 367 2661 422 Et
2709 369 2921 423 ducunt
2967 367 3020 421 in
3071 368 3544 429 medium'uxorem
3588 379 3674 448 ejus
3700 396 3734 438 ει

593 473 676 516 tra
704 461 1059 516 rebellionem
1087 458 1305 526 Baram,
1341 459 1693 530 prOgreditur
1718 460 1772 513 in
1806 461 2176 532 tyrannidem,

590 565 644 610 et
675 553 973 624 reciprocis
1032 552 1250 622 injuriis
1300 567 1395 622 per
1439 553 1648 607 litteras
1697 551 2043 609 llormisdam
2103 555 2180 608 la-

593 647 783 712 cessit,
831 646 1251 716 superscribens
1296 645 1541 714 epistolae
1575 645 1648 699 ita
1679 661 1693 698 :
1721 646 2022 702 llormisdn:
2049 647 2180 715 ﬁlia:

593 741 848 796 Cltosroa:
889 738 1092 793 Baram
1125 737 1235 791 ha‘c
1285 738 1474 791 mittit.
1509 737 1770 794 Collectis
1806 754 1935 794 vero
1967 740 2179 795 militiis

593 835 879 892 asserebat
929 832 1278 888 llormisdam
1323 833 1665 904 indignatum
1727 834 1994 892 adversus
2032 837 2180 891 mili-

595 928 721 993 tias,
765 935 956 998 utpote
1024 940 1147 995 quae
1201 939 1230 978 a
1292 923 1556 980 Romanis
1612 927 1829 983 fuerant
1885 937 2178 999 superatae.

594 999 936 1077 Ostendebat
980 1027 1161 1075 autem
1192 1025 1248 1073 et
1290 1019 1444 1074 fictas
1491 1020 1705 1076 litteras
1741 1021 1896 1091 quasi
1933 1021 2001 1077 ab
2043 1020 2182 1078 lior-

593 1112 769 1168 misda
819 1110 1018 1167 missas
1065 1109 1133 1162 ad
1189 1108 1521 1164 minuendas
1579 1110 1814 1164 militum
1869 1125 2052 1181 rogas,
2110 1109 2180 1164 ad

597 1208 921 1265 meritoriam
955 1206 1037 1263 eis
1066 1204 1339 1260 reducens
1362 1206 1705 1259 atrocitatem
1731 1203 2057 1267 llormisdre,
2083 1221 2181 1260 seu

599 1303 1008 1369 crudelitatem,
1052 1300 1337 1354 avaritiam
1397 1307 1452 1353 et
1487 1299 1826 1372 violentiam,
1869 1305 1924 1352 et
1948 1298 2183 1368 qualiter

599 1395 914 1450 homicidiis
952 1393 1256 1449 delectatus
1285 1403 1337 1447 et
1361 1407 1389 1446 a
1431 1407 1564 1463 pace
1608 1392 1820 1448 alienus
1849 1401 2013 1458 esset,
2043 1407 2182 1463 qua-

597 1490 834 1558 literque
854 1486 1151 1557 optimates
1184 1485 1423 1542 vinculis
1450 1485 1742 1550 dediderit,
1775 1502 2012 1557 quorum
2043 1487 2183 1543 alios

594 1579 819 1649 quidem
870 1577 1052 1650 gladio
1104 1576 1409 1641 reciderit,
1466 1577 1606 1631 alios
1653 1588 1836 1632 autem
1904 1577 2185 1633 necaverit

595 1669 861 1740 Tigride,
921 1678 976 1725 et
1027 1669 1265 1740 qualiter
1320 1669 1552 1740 cogebat
1611 1669 1806 1726 Persas
1858 1671 1914 1726 in
1971 1672 2183 1741 magnis

2283 462 2480 529 filiutn,
2507 470 2562 517 et
2603 478 2768 518 serra:
2817 463 3067 518 sectione
3120 464 3219 518 hos
3263 466 3441 533 partiti
3487 479 3588 522 sunt
3615 487 3731 528 coram

2282 552 2590 609 llormisdae
2627 555 2864 618 visibus,
2891 553 3347 628 Hormisdamque
3376 563 3528 616 oculis
3552 567 3734 632 privatim

2286 646 2339 700 in
2385 662 2662 702 carcerem
2717 659 3041 718 posuerunt.
3080 650 3144 704 Et
3177 650 3440 707 Cbosroes
3483 657 3646 725 quidem
3674 662 3734 712 tti-

2282 740 2530 808 quandiu
2573 749 2781 810 patrem
2823 743 3060 812 benigne
3092 744 3378 812 tractabat,
3405 747 3452 800 in
3479 753 3735 807 custodiaitli

2283 843 2503 885 onmem
2535 831 2786 886 tribuens
2820 846 3026 887 escam.
3059 833 3156 888 Ast
3191 833 3493 893 llormisdas
3517 839 3626 892 hunc
3649 842 3737 910 inju~

2283 921 2383 976 riis
2411 937 2442 977 e
2473 921 2695 978 diverso
2742 922 3044 987 lacerabat,
3083 925 3409 981 conculcans
3432 943 3484 981 ea
3510 945 3608 998 qua:
3626 932 3738 985 mitte-

2285 1014 2486 1069 bantur
2517 1030 2546 1068 a
2577 1030 2728 1086 rege.
2761 1014 2919 1070 Unde
2939 1014 3216 1072 Chosroes
3245 1017 3409 1073 iratus
3439 1021 3634 1076 fustibus
3651 1023 3741 1076 hunc

2285 1107 2640 1164 silvestribus
2671 1108 2842 1178 jussit
2883 1124 2981 1179 per
3017 1109 3108 1163 ilia
3143 1123 3341 1164 caesum
3374 1111 3524 1166 obire.
3549 1111 3670 1179 Quod
3698 1117 3746 1168 ia-

2285 1208 2434 1255 ctum
2476 1209 2530 1255 et
2562 1200 2760 1257 Persas
2798 1201 2985 1256 tristes
3019 1200 3254 1256 reddidit
3280 1213 3325 1257 et
3350 1215 3511 1258 contra
3542 1206 3752 1262 Chosroen

2285 1293 2475 1348 odium
2501 1295 2677 1347 auxit.
2707 1293 2982 1349 Chosroes
3019 1310 3156 1350 vero
3199 1298 3501 1366 congregatis
3526 1297 3757 1354 virtutibus

2287 1400 2584 1456 regnorum
2624 1401 2882 1457 egressus
2908 1397 3103 1442 contra
3127 1390 3317 1440 Baram
3347 1391 3553 1459 pervenit
3578 1389 3622 1442 in
3645 1405 3760 1443 carn-

2286 1491 2416 1546 pum
2471 1474 2617 1530 Zaba
2661 1474 2928 1540 ﬂuminis,
2987 1477 3080 1532 ubi
3117 1476 3313 1531 [laram
3359 1478 3523 1532 vallum
3558 1477 3757 1532 habebat.

2285 1568 2616 1637 Suspicatus
2649 1577 2830 1623 autem
2872 1569 3153 1623 Chosroes
3174 1566 3322 1638 quod
3353 1568 3495 1637 aliqui
3520 1567 3756 1636 principum

2287 1660 2609 1730 adiacerent
2655 1659 2878 1726 Baram,
2918 1661 3020 1716 hos
3053 1657 3284 1714 occidit.
3313 1658 3434 1714 Cum
3463 1673 3570 1713 vero
3588 1658 3759 1728 populus

595 1763 808 1834 praeliis
838 1763 1113 1834 separari,
1149 1777 1260 1833 quo
1285 1763 1742 1832 disperderentur
1765 1773 1815 1820 et
1847 1781 1957 1820 non
1991 1773 2182 1820 contra

2293 1752 2634 1817 turbaretur,
2667 1750 2848 1819 fugam
2905 1751 3030 1805 iniit
3063 1749 3340 1806 Chosroes
3371 1766 3479 1806 cum
3509 1752 3656 1819 paucis
3677 1751 3759 1819 qui-

599 1855 756 1911 illmn
791 1859 1290 1914 tumultuarentur.
1341 1855 1570 1911 Talibus
1605 1871 1736 1925 ergo
1771 1858 1954 1913 verbis
1989 1858 2180 1913 Baram

597 1949 853 2005 militiam
914 1950 1113 2005 allatus
1158 1947 1504 2020 tyrannidem
1564 1950 1858 2007 maximam
1917 1952 2183 2008 adversus

601 2040 952 2099 llormisdam
998 2041 1309 2108 succendit,
1362 2055 1417 2098 et
1446 2043 1783 2112 juramentis
1816 2045 2011 2100 Baram
2063 2063 2183 2101 mu-

600 2136 820 2193 nientes
869 2137 1245 2208 dogmatizant
1286 2151 1480 2192 omnes
1531 2152 1592 2193 se
1637 2137 1986 2208 deposituros
2041 2138 2183 2196 Hor-

599 2227 856 2283 misdam.
895 2229 1218 2286 llormisdas
1252 2236 1435 2284 autem
1471 2226 1826 2285 Feroebanen
1861 2232 2182 2300 magistrum

598 2338 765 2380 suum
800 2331 1075 2378 armatum
1101 2338 1229 2378 cum
1275 2322 1482 2378 virtute
1515 2321 1764 2378 destinat
1791 2323 2057 2380 adversus
2087 2323 2187 2377 Ba-

601 2429 744 2470 ratn.
791 2413 988 2469 Baram
1026 2429 1158 2470 vero
1203 2414 1534 2485 signiﬁcavit
1573 2413 1876 2470 Ferochani
1904 2431 2003 2471 seu
2045 2415 2187 2470 mili-

602 2506 700 2562 tiis
753 2510 884 2577 quia
947 2522 1059 2563 non
1125 2508 1384 2564 convenit
1449 2521 1600 2562 arma
1663 2506 1866 2565 Persas
1920 2509 2186 2567 adversus

601 2593 802 2652 Persas
862 2595 1101 2662 etl'erre,
1147 2607 1204 2652 et
1268 2597 1336 2652 ad
1391 2599 1715 2654 memoriam
1761 2600 1842 2656 eis
1886 2601 2185 2656 reducebat

607 2686 919 2742 Hormisdze
955 2689 1332 2758 asperitatem,
1356 2688 1711 2758 injustitiam,
1743 2691 1798 2744 in
1825 2692 2186 2762 sanguinibus

604 2780 908 2850 gaudium,
953 2781 1007 2835 in
1066 2780 1382 2836 homicidiis
1439 2797 1720 2850 amorem,
1771 2783 2184 2849 infidelitatem,

603 2873 930 2943 iactantiam
959 2881 1014 2928 et
1053 2873 1394 2928 violentiam.
1426 2873 1553 2930 llaec
1586 2876 1891 2931 sentientes
1921 2877 2189 2932 veraciter

607 2965 680 3020 ab
731 2980 796 3021 eo
833 2965 980 3044 dicta
1042 2965 1214 3023 fuisse
1255 2967 1440 3036 populi
1486 2968 1580 3037 qui
1631 2969 1780 3024 circa
1833 2969 2185 3026 Ferochanen

2285 1844 2543 1907 busdam,
2567 1859 2620 1899 et
2638 1860 2831 1899 omnes
2854 1844 2948 1913 qui
2980 1853 3138 1898 erant
3163 1859 3293 1898 cum
3319 1843 3533 1898 Cbosroe
3549 1842 3602 1895 ad
3623 1840 3756 1896 Bartm

2293 1945 2679 1992 accesserunt.
2710 1937 2779 1988 At
2816 1951 2946 1990 vero
2979 1935 3266 1990 Chosroes
3293 1934 3548 1989 haesitabat
3573 1934 3757 2002 quidni

2289 2044 2451 2099 agerc
2479 2029 2782 2084 debuisset.
2813 2028 3110 2083 Nonnullis
3135 2043 3273 2082 sane
3300 2025 3556 2083 consilium
3574 2024 3756 2078 dantibus

2289 2123 2396 2180 sibi
2438 2122 2504 2178 ad
2554 2121 2768 2177 Turcos
2816 2122 3096 2187 secedere,
3137 2121 3412 2175 nonnullis
3430 2127 3582 2173 autent
3610 2117 3664 2171 ad
3693 2116 3760 2167 lio-

2289 2230 2508 2278 manos,
2554 2212 2834 2270 Chosroes
2869 2229 3072 2284 equum
3122 2212 3423 2269 ascendens
3470 2211 3600 2266 freno
3637 2209 3764 2262 laxato

2287 2310 2419 2380 equi
2449 2317 2633 2365 motus
2655 2308 2813 2379 sequi
2841 2307 3102 2363 omnibus
3119 2307 3296 2376 jubet.
3328 2307 3395 2360 At
3425 2319 3540 2360 vero
3566 2301 3768 2373 equusad

2289 2402 2571 2457 Romanas
2600 2411 2784 2472 partes
2825 2411 3008 2456 motus
3037 2415 3173 2457 suos
3210 2399 3424 2466 direxit,
3459 2407 3511 2454 et
3544 2394 3658 2468 apud
3677 2393 3771 2448 Cer-

2291 2495 2531 2551 tensium
2553 2495 2849 2562 invenitur,
2877 2503 2933 2550 et
2952 2493 3164 2564 legatos
3181 2493 3359 2556 mittit,
3384 2489 3648 2545 adventum
3659 2499 3768 2542 suum

2291 2588 2560 2644 Romanis
2615 2587 2828 2646 faciens
2871 2589 3244 2644 manifestum.
3271 2583 3497 2653 Contigit
3543 2590 3695 2634 autem
3733 2586 3772 2630 ut

2292 2679 2508 2735 Probus
2537 2681 2830 2750 patricius.
2854 2681 2952 2749 qui
2979 2680 3087 2734 illic
3107 2691 3240 2743 erat,
3270 2676 3408 2730 hunc
3441 2671 3774 2742 susciperent

2291 2773 2360 2843 de
2410 2787 2476 2828 eo
2532 2773 2851 2844 imperatori
2906 2789 3002 2844 per
3057 2771 3266 2826 litteras
3315 2768 3594 2823 indicaret.
3635 2763 3773 2816 an

2293 2871 2477 2917 autem
2503 2865 2654 2919 misit
2685 2864 2896 2934 legatos
2925 2865 2991 2917 ad
3027 2860 3344 2915 Mauricium
3369 2867 3554 2928 petens
3579 2872 3636 2911 ne
3664 2855 3776 2909 auri-

2294 2955 2526 3010 liaretur
2551 2953 2808 3011 Chosroi.
2843 2955 3014 3008 Porro
3039 2953 3195 3021 jubet
3237 2953 3519 3022 imperator
3553 2946 3775 3002 Mauricius

602 3063 765 3112 erant
818 3057 884 3110 ad
949 3041 1143 3111 Baram
1191 3072 1314 3112 sese
1367 3057 1685 3126 conferunt,
1728 3066 1782 3114 et
1836 3057 2187 3117 Ferochanen

2295 3047 2698 3104 Commentiolo
2742 3047 2964 3118 praetori
3006 3046 3153 3116 apud
3205 3043 3524 3113 Hierapolim
3566 3041 3776 3094 Chosroen

602 3149 924 3203 occidentes
945 3164 1004 3203 se
1031 3149 1226 3203 Baram
1252 3149 1468 3216 uniunt,
1488 3160 1748 3206 etcontra
1770 3151 2189 3223 Ctesiphontem

612 3238 820 3308 impetu
861 3240 1082 3293 abeunt.
1128 3239 1454 3295 llormisdas
1485 3250 1670 3294 autem
1717 3241 1953 3297 habebat
1987 3243 2192 3300 Bindo—

611 3329 738 3388 ben.
789 3345 1000 3399 magna:
1037 3329 1323 3398 dignitatis
1363 3330 1564 3395 virum,
1603 3332 1658 3387 in
1682 3332 1918 3388 vinculis
1954 3351 1970 3390 :
2006 3335 2192 3410 itaque

607 3435 736 3474 eum
772 3422 825 3475 in
866 3437 1058 3492 magna
1110 3421 1471 3478 ﬂuctuatione
1525 3425 1743 3493 negotia
1774 3424 2057 3497 degerent,
2092 3428 2193 3484 Be-

610 3521 736 3568 stan
773 3513 1004 3568 Bindohi
1041 3513 1230 3581 frater,
1271 3516 1325 3571 in
1361 3517 1670 3572 custodiam
1706 3519 1973 3584 insiliens,
2006 3520 2196 3576 eduxit

612 3601 896 3658 Bindoben
924 3603 1146 3659 fratrem
1178 3621 1362 3670 suum,
1389 3615 1443 3660 et
1473 3616 1809 3677 congregata
1840 3609 2194 3665 multitudine

611 3693 822 3748 rustica
868 3708 966 3748 seu
1007 3694 1183 3761 civili,
1217 3695 1377 3749 tertia
1410 3696 1542 3750 hora
1572 3697 1682 3752 diei
1722 3698 1924 3767 regalia
1962 3697 2191 3766 intrant,

608 3795 667 3841 et
705 3786 930 3841 invento
965 3785 1256 3843 l-lormisda
1289 3803 1456 3857 super
1489 3789 1688 3844 solium
1730 3792 1882 3860 regio
1919 3805 2072 3846 more
2107 3807 2193 3847 se-

609 3879 776 3934 dente
809 3879 998 3936 multis
1028 3881 1174 3934 hunc
1207 3880 1430 3949 injuriis
1459 3882 1724 3937 subdunt.
1773 3882 1968 3938 lndnes
2014 3895 2191 3940 autem

611 3977 808 4026 tenens
846 3969 1199 4027 llormisdam
1227 3970 1456 4028 abstulit
1491 3971 1744 4027 diadema
1784 3989 1814 4027 a
1847 3973 2025 4043 capite
2049 3974 2190 4042 ejus,

611 4069 668 4118 et
695 4063 839 4119 hunc
870 4063 924 4118 in
947 4079 1222 4118 carcerem
1248 4065 1607 4131 tradiderunt,
1642 4066 1978 4136 rogabatque
2006 4065 2188 4122 Chos-

613 4171 748 4211 roen
821 4155 1003 4225 patrio
1054 4155 1194 4214 solio
1233 4155 1426 4211 tribui.
1479 4157 1751 4213 Praeterea
1805 4157 2127 4213 Hormisdas
2165 4173 2196 4212 e

609 4247 868 4304 custodia
903 4248 1158 4302 nuntium
1197 4249 1368 4310 misit,
1403 4249 1588 4306 Persis
1625 4259 1815 4320 petens
1857 4250 2028 4319 loqui,
2064 4250 2197 4307 Pcr-

613 4339 722 4394 sidi
756 4354 878 4410 quae
913 4339 1255 4408 expedirent.
1295 4341 1355 4394 In
1395 4340 1700 4395 crastinum
1733 4341 1902 4412 igitur
1930 4343 2195 4399 collectus

2293 3141 2586 3208 suscipere
2619 3149 2672 3196 et
2701 3139 3086 3211 imperialibus
3111 3139 3394 3208 obsequiis
3416 3137 3670 3189 honorare.

2365 3232 2570 3288 Eodem
2603 3247 2732 3286 vero
2764 3247 2910 3285 anno
2947 3231 3356 3285 demonstravit
3383 3230 3649 3297 imperator
3675 3221 3774 3277 Hau-

2293 3323 2468 3380 ricius
2497 3326 2552 3379 in
2591 3326 2912 3380 memoriam
2941 3325 3026 3378 dei
3054 3321 3362 3377 Genitricis
3388 3319 3591 3375 lctanias
3618 3320 3665 3370 in
3700 3315 3774 3366 Bla-

2294 3416 2520 3471 cbernis
2547 3417 2663 3470 tieri
2700 3425 2755 3470 et
2800 3415 2990 3470 laudes
3031 3415 3226 3471 dicere
3253 3415 3481 3470 Domina:
3510 3420 3775 3472 nostraque-

2293 3510 2516 3564 minans
2547 3525 2666 3564 eam
2700 3510 3043 3581 panegyrim.

2363 3600 2552 3656 Mundi
2577 3618 2722 3656 anno
2744 3603 2874 3658 608l
2891 3644 2905 3665 ,
2925 3601 3126 3657 divina:
3148 3601 3543 3657 incarnationis
3567 3591 3779 3650 annuSSI.

2295 3692 2600 3748 Mauricius
2633 3694 2805 3748 tilium
2855 3695 2957 3751 sibi
3003 3695 3300 3752 Chosroen
3352 3709 3520 3762 regem
3570 3693 3778 3746 Persarum

2295 3786 2526 3850 faciens,
2566 3785 2950 3842 Dometianum
2997 3788 3333 3859 episcopum
3375 3772 3778 3841 Melitcncnsemad

2295 3895 2421 3935 eum
2455 3878 2680 3944 direxit,
2714 3889 3010 3951 cognatum
3042 3894 3241 3945 suum,
3279 3894 3385 3933 una
3417 3892 3530 3931 cum
3558 3863 3777 3929 Narsr,cui

2294 3972 2560 4029 ducatum
2624 3972 2753 4028 belli
2801 3972 3116 4038 commisit;
3174 3972 3282 4042 qui
3367 3967 3695 4041 pervenientes
3739 3954 3776 4007 ad

2293 4065 2582 4120 Chosroen
2614 4080 2808 4121 omnes
2844 4063 3125 4119 Romanos
3155 4062 3487 4134 potentatus
3518 4061 3565 4113 in
3587 4049 3775 4147 Perside-tt

2296 4158 2688 4214 introducunt.
2739 4159 2935 4213 Baram
2979 4167 3163 4212 autem
3213 4156 3325 4212 hoc
3384 4153 3582 4225 agnito,
3623 4150 3773 4210 sumpti

2296 4254 2598 4310 virtutibus
2642 4254 2782 4320 suis,
2821 4255 2878 4308 in
2913 4253 3038 4308 loco
3067 4251 3160 4322 qui
3198 4249 3586 4306 Alexandrines
3615 4238 3776 4297 nomint-

2297 4349 2462 4406 batur
2495 4360 2676 4404 castra
2721 4357 2962 4402 metatus
2993 4356 3096 4410 est,
3133 4345 3445 4414 prohibere
3467 4349 3602 4395 ratus
3632 4332 3770 4387 militiai

611 4441 838 4488 senatus
881 4430 1172 4487 Persarum
1220 4431 1273 4486 in
1312 4433 1589 4504 regalibus
1632 4450 1740 4488 una
1778 4451 1904 4490 cum
1949 4436 2196 4490 multitu—
2225 4432 2272 4488 υ
2305 4441 2373 4496 ab
2399 4440 2657 4494 Armenia
2681 4438 2985 4501 venientes,
3007 4454 3073 4492 ne
3096 4435 3264 4490 Nar-si
3294 4422 3774 4494 unirenturzjttssct’11

613 4527 742 4581 dine
785 4525 1030 4581 vinctum
1064 4523 1412 4580 llormisdam
1463 4524 1695 4580 ducunt.
1738 4526 1841 4583 Ast
1870 4526 2195 4583 liormisdas

611 4619 999 4674 commonebat
1019 4615 1218 4674 Persas
1239 4617 1386 4688 quod
1410 4632 1518 4673 non
1537 4626 1788 4688 oporteat
1814 4619 2194 4690 hujuscemodi

617 4712 674 4768 in
717 4725 876 4781 reges
917 4711 1285 4776 committere,
1315 4721 1371 4766 et
1397 4717 1602 4778 quanta
1632 4726 1699 4765 ex
1749 4727 1860 4781 quo
1890 4711 2198 4780 regnaverit

616 4810 820 4872 trepma
851 4802 1068 4868 fecerit,
1108 4811 1164 4858 et
1198 4801 1253 4857 in
1285 4802 1492 4873 quibus
1526 4817 1654 4871 erga
1691 4801 1892 4859 Persas
1931 4803 2075 4858 bona
2107 4818 2200 4873 pa-

616 4895 863 4956 traverit.
892 4903 947 4950 et
977 4895 1213 4965 qualiter
1243 4893 1459 4951 Turcos
1495 4893 1708 4950 Persidi
1739 4895 1946 4950 tributa
1984 4895 2199 4950 solvere

617 4985 1009 5056 Romanosque
1058 5003 1246 5057 pacem
1293 5003 1481 5044 amare
1531 4989 1797 5059 coegerit,
1847 4988 2199 5059 qualiterque

619 5079 1032 5151 Martyropolim
1087 5080 1329 5149 ceperit;
1383 5081 1519 5152 quin
1554 5089 1610 5136 et
1652 5090 1877 5152 paterna
1932 5080 2198 5138 beneﬁcia

617 5173 922 5231 enarravit.
982 5170 1232 5242 Rogabat
1288 5183 1470 5230 autem
1511 5183 1566 5230 et
1607 5173 1893 5230 Chosroen
1943 5189 1976 5230 a
2030 5189 2200 5246 regno

616 5269 822 5341 deponi
851 5276 913 5323 ut
945 5267 1058 5323 litis
1093 5267 1332 5322 amicum
1363 5276 1420 5325 et
1448 5267 1802 5324 ambitiosum
1829 5277 1882 5324 et
1913 5269 2198 5340 sanguinis

619 5371 926 5420 amatorem
968 5359 1376 5432 superbumque
1424 5375 1489 5416 ac
1542 5359 1869 5429 injuriosum
1909 5368 1962 5415 et
1997 5359 2199 5430 praeliis

621 5457 928 5513 inhiantem
961 5471 976 5512 :
1013 5468 1138 5511 esse
1179 5461 1362 5510 autem
1394 5453 1498 5509 sibi
1536 5453 1769 5509 alterum
1803 5453 1971 5507 tilium
2018 5452 2202 5522 perbi-

624 5550 809 5613 hebat,
833 5564 994 5618 quem
1037 5549 1091 5604 in
1125 5563 1307 5620 regem
1339 5548 1564 5620 provehi
1600 5546 1895 5617 ﬂagitabat.
1927 5542 2200 5599 Bimluhes

625 5653 758 5694 vero
781 5642 846 5696 ad
878 5642 1228 5699 llormisdam
1255 5641 1642 5712 respondebat,
1666 5647 1720 5696 et
1747 5639 1910 5709 hujus
1940 5654 2198 5694 excessus

631 5731 688 5787 in
739 5735 980 5791 medium
1027 5753 1341 5812 [imponens
1381 5753 1573 5795 omnes
1611 5737 1784 5794 erexit
1839 5744 2027 5792 contra
2063 5735 2199 5792 lior-

2297 4534 2445 4588 enim
2480 4531 2794 4599 Mauricius
2825 4527 3027 4584 Joanni
3067 4529 3412 4592 Mnstaconi,
3443 4523 3665 4592 magistro
3690 4508 3773 4611 mil"

2298 4633 2414 4679 tum
2466 4622 2760 4684 Armeniae.
2790 4621 3060 4692 accipere'
3094 4621 3333 4676 militias
3358 4629 3414 4676 ct
3454 4634 3510 4674 se
3537 4608 3662 4670 Νετδί
3685 4608 3775 4692 nam

2299 4715 2505 4784 pariter
2563 4721 2762 4769 contra
2816 4690 3012 4766 Baram
3068 4711 3283 4767 bellum
3344 4699 3689 4766 constituendi.
3719 4690 3779 4744 Ptf

2299 4813 2515 4860 noctem
2565 4814 2745 4860 autem
2777 4815 2830 4861 et
2875 4805 3043 4859 unita:
3088 4811 3221 4859 sunt
3273 4803 3534 4858 Romanae
3565 4793 3781 4885 virtutesti

2299 4909 2493 4955 contra
2532 4897 2728 4953 Baram
2761 4901 2936 4954 aciem
2988 4898 3343 4953 direxerunt.
3396 4895 3560 4950 Porro
3587 4889 3778 4942 8mm!”

2301 5003 2486 5047 monte
2506 5000 2688 5047 castra
2715 4997 2952 5046 metatus
2975 4999 3080 5053 est,
3109 5004 3322 5059 pavore
3345 4977 3780 5066 detentus.Cuttttlll"'

2301 5085 2503 5140 bellum
2550 5099 2833 5153 gereretur
2864 5083 3154 5150 horribile,
3195 5081 3413 5139 Narses
3463 5069 3780 5132 lndicisbesltL‘

2299 5179 2648 5248 parvipensis
2713 5177 2950 5231 mediam
3023 5177 3396 5232 barbarorum
3450 5166 3666 5229 dissolvit
3701 5153 3781 5248 pii“

2265 5341 2268 5345 _
2301 5245 2549 5342 langctn;
2581 5278 2636 5324 et
2667 5271 2770 5325 hoc
2802 5271 2943 5325 facto
2979 5277 3190 5324 canem
3229 5282 3461 5338 quoque
3501 5263 3661 5317 Baram
3685 5245 3780 5342 inﬁt-

2300 5371 2462 5419 matae
2495 5371 2624 5418 sunt
2667 5362 2993 5433 phalanges,
3021 5371 3079 5418 et
3127 5363 3184 5416 tit
3215 5375 3423 5431 magna
3470 5357 3583 5427 fuga
3621 5351 3778 5420 tyﬁnm'

2302 5457 2507 5513 Narses
2532 5471 2666 5512 vero
2693 5457 2813 5511 sine
2847 5457 2960 5509 ulla
2990 5454 3304 5511 retentione
3333 5458 3644 5523 persequens
3657 5437 3778 5535 Ῡῗηῗ

2303 5550 2453 5606 caede
2485 5551 2785 5615 sternebat,
2834 5557 2888 5603 et
2925 5564 3018 5604 sex
3069 5547 3234 5602 millia
3273 5561 3343 5600 ex
3391 5543 3478 5598 bis
3506 5544 3641 5605 capta
3663 5525 3777 5582 vincta

2303 5641 2372 5697 ad
2409 5641 2693 5697 Chosroen
2747 5638 3001 5694 adduxit.
3053 5637 3153 5692 Ast
3195 5635 3479 5690 Cbosroes
3521 5624 3779 5717 omnes

2305 5753 2473 5791 crone
2515 5735 2767 5808 peremit.
2807 5733 3086 5804 Quotquot
3123 5739 3302 5788 autem
3353 5724 3518 5783 Turci
3555 5723 3691 5778 erant.
3723 5705 3782 5757 ῑλῡδ
