3950 6234
94 301 240 371 Ιεθι

884 306 1253 368 HISTORIA
1308 305 1881 368 ECCLESIASTICA
1918 304 2023 365 EX
2044 305 2530 366 THEOPHANE.

3230 304 3372 374 1282

54 458 59 491 ε
96 425 168 477 a.l
206 424 596 492 imperatorem
623 420 952 492 Byzantium
985 424 1154 479 misit.
1192 420 1337 478 Sane
1367 437 1492 477 cum
1519 420 1686 476 'l'urci
1719 422 1767 481 Α
1793 418 2166 476 occideretur.
2215 418 2330 475 Hac
2377 419 2616 490 denique
2655 417 2748 475 die
2790 417 3141 493 imperatoris
3168 436 3371 491 equus,

54 558 63 589 ἡ

54 748 63 761 (ι

54 840 61 847 ι

54 1118 59 1149 i

98 529 153 568 CI
172 528 308 569 ucrs
338 511 605 566 haberent
635 509 691 565 in
726 510 938 567 frontes
962 520 1240 577 exaratas,
1272 511 1691 582 interrogaban-

95 618 197 662 tur
243 608 315 661 ab
355 605 693 676 imperatore
726 617 968 675 quonam
1010 604 1177 661 modo
1223 605 1441 676 signum
1486 605 1592 659 hoc
1637 604 1689 657 iu

96 698 292 754 fronte
342 703 651 770 portarent.
689 696 760 752 At
809 712 944 753 vero
991 697 1156 753 Turci
1192 699 1516 755 asserebant
1565 708 1694 754 ante

97 792 314 846 multos
365 803 543 845 annos
592 789 965 860 pestilentiam
1019 789 1075 846 in
1126 787 1330 846 Turcia
1376 792 1601 854 factam,
1637 798 1693 844 et

94 885 378 955 quosdam
404 883 857 940 Christianorum
907 883 1014 939 hoc
1063 882 1440 951 adinvenisse,
1472 891 1527 940 et
1560 884 1694 939 hinc

95 978 264 1031 salus
296 977 351 1030 in
387 976 567 1047 patria
601 974 746 1031 facta
784 983 892 1033 est.
944 974 1116 1033 Porro
1159 977 1440 1034 exercitus
1488 975 1696 1031 Βοιω-

98 1087 310 1126 norum
338 1070 759 1126 tabernaculum
786 1070 985 1126 Baram
1015 1080 1072 1127 et
1097 1072 1525 1143 .supellectilem
1550 1072 1696 1127 acci-

54 1210 55 1219 .
100 1162 329 1232 pientes
352 1177 477 1218 cum
495 1162 885 1232 elephantibus
906 1163 1480 1219 attulerunthosroi.
1499 1163 1694 1219 Baram

54 1303 57 1335 .
99 1264 297 1310 autem
331 1254 399 1309 ad
430 1253 727 1311 interiores
753 1266 939 1326 partes
960 1255 1206 1314 Persidis
1234 1255 1417 1327 fugam
1452 1256 1605 1322 fecit,
1642 1264 1696 1313 et

104 1347 194 1403 sic
224 1363 418 1402 eorum
441 1347 769 1403 dissolvitur
801 1347 1027 1405 bellum.
1060 1349 1251 1420 itaque
1274 1349 1554 1406 Chosrocs
1578 1365 1696 1404 ma-

104 1454 219 1510 gna
268 1440 502 1494 victoria
559 1441 939 1497 circumdatus
988 1443 1188 1498 solium
1243 1459 1402 1499 suum
1464 1445 1695 1516 reCepit.

113 1529 322 1586 Verum
341 1532 545 1589 Narses
566 1534 848 1590 rediturus
867 1536 934 1591 ad
954 1538 1174 1608 propria
1193 1536 1427 1594 Chosroi
1446 1539 1694 1594 dicebat:

107 1622 324 1679 Memor
350 1626 444 1691 sis,
494 1624 775 1694 Chosroes,
806 1630 1081 1697 prwsenu's
1124 1630 1275 1686 diei:
1318 1631 1547 1688 Romani
1597 1632 1696 1687 tibi

106 1732 333 1787 regnum
366 1717 589 1773 donant.
630 1719 701 1772 At
757 1719 849 1776 ille
896 1718 1305 1778 fraudulentam
1355 1725 1695 1782 occisionem

107 1815 391 1873 metuens,
428 1808 584 1878 petiit
612 1823 643 1864 a
686 1809 952 1867 Mauricio
993 1813 1144 1870 mille
1188 1815 1467 1872 Romanos
1499 1816 1554 1872 in
1595 1832 1694 1872 cu-

106 1898 354 1953 stodiam
389 1902 474 1955 sui
512 1901 815 1959 habendos.
846 1903 1021 1962 Porro
1055 1905 1357 1965 Mauricius
1388 1924 1513 1965 cum
1554 1911 1696 1966 dile-

104 1991 358 2046 ctionem
400 1992 627 2048 haberet
665 2010 796 2067 erga
832 1996 1132 2053 barbarum
1166 2003 1415 2069 multam,
1449 2005 1697 2074 postula-

106 2080 326 2134 tionem
380 2081 503 2150 r—jus
550 2087 865 2154 compievit,
919 2088 1110 2158 sicque
1148 2088 1432 2147 Persicum
1489 2093 1697 2149 Roma-

106 2187 430 2244 noruntque
460 2175 661 2231 bellum
701 2181 965 2236 cessavit.

185 2261 378 2318 Mundi
401 2279 548 2320 anno
575 2266 735 2334 6082,
762 2270 960 2327 divinae
982 2272 1378 2334 incarnationis
1400 2293 1545 2334 anno
1567 2279 1692 2343 582,

103 2366 424 2413 coronatus
459 2372 543 2413 est
576 2360 927 2419 sulcumitate
971 2368 1215 2436 paschali
1251 2366 1595 2427 Theodosius
1635 2372 1697 2426 ii-

104 2449 222 2504 lius
272 2447 523 2506 Mauricii
564 2467 596 2506 a
626 2450 838 2511 Joanne
873 2458 1189 2527 patriarcha
1225 2459 1696 2535 Constantinopo-

105 2543 310 2597 litano.

184 2631 393 2690 Eodem
426 2652 647 2707 quoque
677 2654 823 2695 anno
856 2640 1155 2713 imperator
1186 2644 1484 2704 Mauricius
1511 2650 1695 2725 eccle-
1732 2658 1742 2665 ‘

105 2727 255 2780 siam
275 2739 590 2783 sanctorum
609 2732 973 2804 quadraginta
1000 2749 1327 2808 martyrum,
1346 2754 1509 2808 quam
1526 2742 1695 2812 cmpit

105 2817 387 2875 aediﬁcare
410 2818 692 2887 Tiberius,
719 2829 1145 2885 consummavit.
1175 2830 1387 2886 Interea
1412 2848 1537 2888 cum
1570 2850 1694 2903 pro-

107 2912 284 2966 funda
315 2911 596 2971 Orientem
632 2931 738 2986 pax
778 2931 1125 2990 occupasset,
1163 2923 1365 2979 bellum
1398 2929 1544 2982 circa
1580 2927 1694 2982 Eu-

107 3015 306 3074 ropam
337 3004 637 3060 Avaricum
681 3007 1057 3078 incumbebat,
1110 3010 1342 3085 ideoque
1394 3016 1696 3088 imperator

104 3103 437 3166 potentatus
461 3096 533 3151 ab
551 3094 783 3156 Oriente
812 3098 1173 3160 in.Thracem
1207 3107 1471 3164 traduxit.

181 3186 348 3244 Anno
395 3188 612 3258 imperii
673 3191 761 3248 sui
803 3206 972 3261 nono,
1007 3211 1132 3250 cum
1187 3213 1283 3254 ver
1325 3200 1596 3272 inciperet
1641 3214 1698 3260 et

102 3281 336 3350 agmina
368 3283 758 3353 pervenissent
798 3285 868 3341 ad
898 3285 1190 3358 Thracem,
1239 3293 1414 3350 exivit
1458 3310 1583 3352 cum
1614 3298 1699 3355 eis

103 3370 421 3430 Mauricius
453 3373 643 3432 videre
686 3393 810 3448 quae
854 3393 883 3432 a
933 3380 1188 3439 barbaris
1234 3396 1425 3443 essent
1476 3403 1695 3448 eversa.

100 3466 367 3537 Augusta
409 3483 539 3525 vero
590 3477 645 3525 et
694 3472 1013 3543 patriarcha
1049 3481 1105 3530 et
1158 3488 1385 3536 senatus
1431 3482 1700 3554 rogabant

102 3561 507 3629 imperatorem
554 3577 624 3617 ne
661 3578 761 3633 per
811 3574 988 3620 semet
1027 3566 1204 3637 ipsum
1253 3570 1456 3627 bellant
1509 3575 1693 3641 iniret,

104 3651 214 3705 sed
245 3651 433 3722 potius
464 3651 518 3707 id
561 3655 783 3723 praetori
827 3658 1223 3714 committeret.
1258 3663 1363 3718 Ast
1394 3663 1700 3734 imperator

103 3759 224 3797 non
279 3745 573 3815 acquievit.
634 3746 882 3804 Excunte
926 3758 1108 3807 autem
1161 3767 1228 3808 eo
1264 3754 1332 3807 ad
1387 3756 1696 3826 Septimum

103 3837 252 3893 solis
287 3838 512 3908 eclipsis
560 3837 702 3895 facta
747 3848 868 3908 est;
911 3856 1145 3914 cumque
1189 3845 1334 3917 apud
1380 3846 1694 3920 Rheginum

100 3938 291 3995 esset,
335 3923 638 4001 pauperum
682 3933 1067 3992 multitudines
1120 3938 1372 4008 pecuniis
1408 3941 1694 3999 animavit.

95 4022 251 4078 Cum
277 4031 460 4078 autem
494 4032 754 4080 venatum
790 4037 1064 4099 pergeret,
1102 4044 1201 4087 sus
1236 4030 1512 4090 silveStris
1538 4032 1699 4093 valde

94 4111 345 4186 grandis
369 4112 636 4186 impetum
660 4123 855 4172 contra
878 4116 1150 4176 Caesarem
1178 4118 1332 4178 fecit.
1355 4120 1546 4196 Equus
1567 4140 1699 4183 vero

92 4210 182 4266 ob
220 4217 498 4265 terrorem
551 4209 809 4265 miraculi
845 4210 1047 4283 ejicere
1080 4212 1357 4274 Caesarem
1390 4218 1697 4277 nitebatur.

95 4298 340 4355 Diutius
368 4312 503 4370 ergo
536 4300 912 4358 tumultuatus
940 4301 1217 4362 Caesarem
1253 4305 1472 4377 jactare
1498 4309 1697 4383 nequi-

92 4394 209 4449 vit.
251 4389 445 4461 itaque
477 4406 573 4450 sus
596 4393 871 4451 a‘nemine
893 4397 1175 4469 accipiens
1208 4399 1377 4455 letum
1404 4400 1693 4459 abscessit.

95 4489 164 4543 in
201 4483 535 4542 Perinthum
567 4496 829 4558 praeterea
869 4490 1088 4561 navigio
1114 4491 1218 4548 iter
1247 4492 1480 4562 faciens,
1520 4496 1696 4551 ventis
1721 4486 1778 4549 Ι)

98 4579 534 4637 vehementibus
568 4588 623 4637 et
659 4581 840 4653 pluvia
885 4581 1028 4638 facta
1059 4584 1356 4656 nautisque
1393 4586 1695 4658 desperan-

98 4672 270 4729 tibus
300 4671 501 4744 scapha
537 4673 890 4744 imperatoris
933 4660 1344 4747 asportabatur,
1376 4677 1450 4733 ita
1478 4686 1538 4734 ut
1575 4680 1696 4736 ino-

97 4766 306 4838 pinate
330 4766 514 4824 salvus
556 4767 625 4822 ad
658 4766 863 4835 locum,
901 4770 997 4841 qui
1033 4770 1237 4827 dicitur
1274 4770 1568 4841 Daonium,
1606 4774 1694 4829 vix

100 4858 351 4915 veniret.
374 4857 545 4916 Nocte
565 4875 698 4916 vero
722 4862 814 4917 illa
840 4864 1163 4920 muliercula
1184 4864 1432 4938 pariebat
1458 4879 1511 4923 ct
1534 4884 1699 4923 voces

102 4952 462 5037 miserabiles
501 4955 828 5024 emittebat;
861 4971 1099 5030 cumque
1129 4975 1294 5016 mane
1318 4959 1523 5017 factum
1558 4960 1699 5017 fuis-

104 5056 222 5113 set,
253 5048 407 5105 misit
449 5049 757 5120 imperator
793 5051 984 5108 videre
1013 5052 1146 5123 quid
1178 5059 1328 5109 esset
1354 5054 1503 5126 quod
1550 5055 1699 5109 acci-

103 5143 298 5197 derat.
334 5141 396 5197 Et
429 5143 761 5199 invenerunt
793 5158 1024 5217 puerum
1075 5151 1289 5213 natum,
1326 5145 1616 5202 oculorum
1643 5153 1697 5199 et

107 5234 509 5307 palpebrarum
555 5244 861 5304 exsortem,
893 5252 1201 5308 manusque
1230 5253 1295 5294 ac
1326 5237 1551 5293 brachia
1584 5254 1694 5293 non

110 5328 453 5395 habentem;
487 5345 518 5382 a
558 5328 747 5384 lumbo
777 5338 960 5384 autem
988 5336 1108 5385 erat
1141 5329 1192 5384 ei
1233 5337 1290 5383 ut
1322 5330 1497 5384 cauda
1526 5329 1695 5400 piscis

108 5419 449 5480 naturaliter
470 5420 709 5479 hterens.
739 5418 858 5489 Quo
882 5421 1000 5479 viso
1028 5420 1329 5493 imperator
1351 5421 1610 5492 praecepit
1636 5429 1697 5476 ut

1795 513 1889 582 qui
1916 526 2086 568 aureo
2107 512 2487 568 circumdatus
2507 518 2626 567 erat
2653 519 2875 573 ornatu.
2906 519 3130 581 repente
3158 513 3369 571 scissus

1794 611 1879 659 est
1910 604 2138 660 cadens.
2173 603 2245 659 At
2274 619 2411 661 vero
2445 604 2749 673 imperator
2782 604 2869 659 his
2897 603 3154 659 omnibus
3193 618 3374 676 angue

1794 704 1951 753 ratus
1978 696 2096 769 (59)
2123 697 2302 754 tristis
2327 704 2467 753 erat.
2502 697 2725 753 Postera
2766 711 2987 768 quoque
3020 696 3109 752 die
3131 696 3232 750 viri
3263 708 3376 752 tres

1797 789 2041 845 Sclavini
2075 806 2301 862 genere,
2338 790 2415 846 nil
2454 790 2664 861 aliquid
2698 788 2942 846 ferreutn
2978 788 3313 860 bajulantes,
3344 805 3376 844 a

1795 881 2063 939 Romanis
2110 882 2318 939 detenti
2375 892 2528 949 sunt,
2552 882 2818 938 citharas
2863 892 3074 937 tantum
3109 882 3370 938 ferentes.

1795 973 2099 1047 imperator
2144 983 2328 1029 autem
2384 973 2767 1043 interrogabat
2827 983 2933 1029 tam
2992 974 3140 1030 unde
3190 981 3380 1030 essent

1796 1060 1960 1140 quam
2007 1067 2231 1122 ubinam
2275 1065 2539 1122 habitatio
2572 1082 2764 1123 eorum
2797 1068 3108 1125 exsisteret.
3139 1066 3241 1134 Qui
3281 1082 3378 1138 ge-

1796 1176 1929 1218 nere
1958 1160 2181 1232 quidem
2226 1159 2385 1215 aiunt
2427 1174 2488 1216 se
2512 1174 2639 1216 esse
2669 1160 2979 1224 Sclavinos.
3016 1161 3167 1216 circa
3213 1161 3376 1217 linem

1796 1270 1929 1312 vero
1962 1253 2338 1312 Oceidentalis
2375 1253 2628 1310 habitare
2660 1253 2884 1310 Oceani.
2918 1253 3236 1324 Chaganum
3279 1269 3380 1308 au-

1798 1356 1907 1404 tem
1938 1347 2006 1402 ad
2038 1362 2098 1404 se
2151 1347 2483 1419 legationem
2538 1346 2757 1403 misisse
2797 1355 2853 1401 et
2884 1359 3114 1400 tnuuera
3168 1345 3379 1414 princi-

1799 1441 1960 1511 pibus
1990 1440 2175 1512 gentis
2211 1454 2328 1496 suae
2373 1439 2677 1496 auxiliandi
2708 1438 2815 1495 sibi
2846 1446 3039 1495 contra
3074 1436 3378 1494 Romanos.

1799 1531 2139 1589 Taxiarchas
2175 1546 2359 1589 autem
2411 1548 2542 1589 suos
2579 1532 2852 1589 direxisse
2895 1531 3162 1587 rationem
3197 1530 3382 1586 reddi-

1798 1631 1957 1679 turos
1990 1625 2264 1695 chagano,
2297 1624 2428 1695 quia
2461 1638 2571 1679 non
2608 1631 2842 1695 possunt
2873 1632 3096 1694 prepter
3135 1623 3381 1692 longituc

1798 1715 1982 1773 dinem
2027 1716 2243 1773 itineris
2281 1717 2503 1773 mittere
2539 1716 2622 1772 illi
2666 1718 2936 1772 auxilium
2970 1735 2983 1772 :
3016 1717 3204 1771 decem
3231 1717 3383 1772 enim

1803 1819 1856 1867 et
1893 1823 2022 1866 octo
2047 1826 2265 1868 menses
2298 1811 2693 1867 asseverabant
2728 1812 2784 1867 in
2831 1812 3030 1868 itinere
3060 1827 3119 1869 se
3160 1811 3381 1879 fecisse,

1803 1916 1858 1966 et
1890 1909 1966 1964 ita
2003 1907 2284 1963 Romanos
2329 1908 2556 1964 adiisse.
2604 1906 2779 1964 Porro
2806 1908 3053 1964 citharas
3086 1906 3231 1963 ferre
3258 1915 3382 1961 tan-

1805 2018 1968 2075 quam
2023 2017 2134 2058 non
2190 2002 2442 2057 videntes
2499 2016 2834 2072 quemquam
2916 2017 3139 2058 suorum
3213 2001 3384 2057 armis

1804 2098 2101 2164 indutum,
2154 2097 2381 2169 regione
2436 2110 2535 2152 sua
2606 2094 2739 2167 quid
2829 2092 3037 2150 ferrum
3098 2093 3169 2149 sit
3227 2092 3386 2164 igno-

1805 2200 1983 2246 rante.
2043 2189 2348 2261 Imperator
2413 2199 2596 2245 autem
2659 2197 2766 2242 tam
2824 2196 3039 2242 aetatem
3101 2185 3384 2240 admirans

1804 2299 1972 2355 quam
2010 2283 2181 2339 moles
2207 2282 2458 2353 corporis
2489 2296 2681 2338 eorum
2712 2280 3054 2345 collaudatis,
3084 2278 3186 2333 hos
3213 2276 3385 2333 Hera-

1805 2375 1967 2432 cliam
2010 2376 2183 2431 misit.
2215 2373 2356 2430 Cum
2393 2381 2578 2428 autem
2602 2373 2849 2428 venisset
2887 2371 2952 2426 ad
2999 2371 3296 2433 maritima,
3327 2377 3383 2425 ct

1804 2468 2092 2524 didicisset
2117 2466 2266 2538 quod
2312 2466 2475 2538 legati
2522 2465 2818 2523 Persarum
2860 2463 3186 2537 Byzantium
3221 2474 3385 2534 atque

1804 2561 2147 2618 Francorum
2185 2560 2490 2628 venissent,
2524 2560 2590 2614 ad
2615 2559 2820 2631 regalia
2854 2558 3144 2615 remeavit.

1835 2672 1848 2685 ο
1877 2655 2102 2712 Decimo
2122 2654 2338 2725 imperii
2363 2652 2613 2707 Mauricii
2640 2666 2786 2706 anno
2807 2650 3086 2721 cliaganus
3107 2649 3386 2720 qumrebat

1804 2756 2098 2821 augmenta
2140 2754 2425 2818 pactorum
2460 2745 2734 2816 accipere.
2767 2743 3071 2813 imperator
3105 2758 3235 2797 vero
3271 2757 3388 2798 ser-

1804 2856 1994 2898 mones
2040 2839 2264 2898 barbari
2312 2852 2422 2893 non
2473 2837 2706 2908 recepit,
2748 2844 2804 2890 ct
2850 2834 3058 2890 idcirco
3105 2833 3388 2905 cbaganus

1804 2935 2006 2991 iterum
2064 2934 2270 2989 bellum
2324 2932 2461 3002 agit,
2508 2938 2564 2985 et
2610 2927 2862 2984 devastat
2907 2926 3286 2996 Slngidoncm,
3330 2935 3387 2981 ct

1803 3035 1986 3082 castra
2033 3033 2228 3080 contra
2279 3022 2547 3080 Sirmium
2596 3029 2799 3077 movet.
2849 3019 3154 3090 Imperator
3201 3030 3383 3075 autent

1724 3141 1772 3206 ο
1804 3124 2098 3187 praetorem
2132 3113 2367 3186 Europae
2405 3112 2661 3169 Priscum
2693 3120 2865 3168 creat.
2902 3111 2972 3166 At
3004 3125 3134 3167 vero
3158 3107 3384 3165 Priscus

1805 3208 2127 3266 Salvianum
2155 3206 2558 3280 subpraetorem
2583 3204 2792 3261 factum
2820 3217 3159 3276 pmcunere
3175 3202 3384 3275 jussit;

1798 3310 1857 3358 et
1890 3311 2085 3358 contra
2124 3297 2403 3356 Barbaros
2440 3300 2810 3370 procedentes
2843 3295 3045 3353 bellum
3086 3296 3302 3363 ineunt,
3327 3307 3384 3352 et

1802 3395 2033 3452 vincunt
2058 3392 2319 3455 Romani.
2338 3391 2460 3461 Quo
2486 3390 2678 3448 audito
2701 3390 2985 3463 cltaganus
3008 3389 3385 3462 potentatibns

1801 3488 2039 3561 sumptis
2070 3485 2404 3560 properabat
2449 3485 2519 3542 ad
2558 3486 2788 3542 bellum.
2825 3485 2895 3539 At
2929 3483 3386 3545 vero'Salvianus

1800 3582 1939 3639 visis
1987 3580 2445 3639 multitudinibus
2502 3580 2847 3650 stupefactus
2897 3577 2963 3634 ad
3017 3575 3269 3633 Priscum
3327 3591 3387 3629 se

1800 3674 2057 3731 contulit.
2090 3673 2452 3744 Comperieus
2481 3679 2664 3727 autem
2687 3671 2974 3742 chaganus
3002 3667 3384 3723 Romanorum

1801 3780 2084 3825 recessum
2151 3764 2218 3818 ad
2277 3761 2556 3819 maritima
2610 3760 2933 3831 egreditur,
2994 3759 3255 3830 deinceps
3316 3757 3384 3812 ad

1802 3864 2058 3913 sanctum
2106 3854 2479 3912 Alexandrum
2501 3832 2539 3920 ,\
2571 3861 2626 3910 et
2673 3852 2825 3908 hunc
2873 3852 3062 3907 omnia
3093 3848 3383 3906 devoranti

1801 3948 2031 4009 tradidit
2067 3948 2200 4021 igni.
2237 3946 2542 4002 Transiens
2580 3954 2761 4001 autem
2801 3944 2856 3998 in
2896 3941 3181 4014 Drizipera
3220 3957 3387 3998 cona-

1802 4049 1892 4098 tur
1920 4040 2296 4098 exterminare
2336 4053 2451 4094 rcm
2498 4037 2802 4110 publicam,
2840 4035 3210 4093 devastatoria
3250 4051 3384 4107 ope-

1802 4142 1958 4191 ratus
1994 4134 2384 4190 instrumenta.
2413 4130 2481 4187 Hi
2514 4146 2644 4188 vero
2667 4131 2761 4203 qui
2796 4128 3077 4201 Driripera
3109 4128 3381 4192 habitant,

1801 4226 2015 4299 diutius
2044 4242 2075 4284 e
2100 4226 2323 4282 diverso
2341 4224 2515 4279 aciem
2543 4222 2870 4279 direxerunt
2897 4240 2910 4275 :
2952 4236 3075 4277 nam
3107 4230 3163 4277 ct
3194 4227 3383 4292 portas

1803 4302 2115 4393 aperientes
2164 4314 2526 4373 minabantur
2573 4313 2853 4371 Barbaros
2899 4312 3217 4378 debellare,
3255 4326 3380 4367 cum

1803 4422 1993 4470 essent
2043 4412 2098 4467 in
2149 4407 2445 4465 formidine
2505 4394 2744 4479 ingenti.
2800 4404 2958 4461 Tunc
3003 4420 3134 4478 ergo
3198 4403 3384 4460 divina

1803 4502 2055 4575 quaedam
2097 4502 2181 4558 eis
2215 4500 2495 4558 consuluit
2522 4499 2743 4555 virtus:
2793 4496 2975 4551 media
3021 4511 3261 4567 namque
3291 4493 3382 4553 die

1803 4594 1989 4650 videre
2014 4599 2345 4666 putaverunt
2365 4589 2609 4657 barbari,
2624 4588 2890 4645 Romanis
2912 4586 3212 4643 virtutibus
3228 4601 3385 4658 egre-

1802 4684 2080 4744 dientibus
2112 4683 2181 4740 ab
2223 4683 2384 4751 urbe,
2437 4679 2682 4738 futurum
2725 4680 2830 4737 sibi
2878 4679 2998 4737 fore
3040 4686 3099 4734 ut
3129 4694 3253 4735 cum
3299 4678 3381 4734 eis

1805 4774 2128 4834 conﬂictum
2160 4785 2540 4833 consererent.
2574 4772 2642 4829 Et
2676 4772 3018 4829 consternati
3061 4773 3190 4845 fuga
3235 4771 3381 4828 infa~

1807 4868 2017 4942 tigabili
2069 4865 2310 4941 fugiunt,
2365 4875 2419 4924 et
2473 4865 2615 4939 apud
2669 4863 2989 4920 Perinthum
3045 4862 3377 4920 emciuntur.

1802 4960 2029 5018 Priscus
2044 4969 2251 5027 autem,
2280 4974 2381 5017 nec
2411 4959 2532 5014 visu
2561 4957 2783 5030 quidem
2814 4957 2960 5014 ferre
2994 4955 3379 5012 multitudines

1804 5054 2161 5111 barbarorum
2199 5055 2408 5118 valens,
2453 5052 2752 5109 Tzurulum
2803 5053 3087 5125 ingressus
3125 5062 3373 5108 castrum

1800 5145 2173 5201 muniebatur.
2196 5145 2299 5201 Ast
2334 5142 2605 5199 barbarus
2638 5140 2889 5199 Priscum
2930 5141 3184 5198 obsidere
3206 5156 3376 5197 cona-

1801 5238 1982 5294 batur.
2014 5236 2112 5294 llis
2158 5236 2362 5293 auditis
2409 5234 2709 5292 Mauricius
2742 5235 3027 5293 haesitabat
3057 5234 3185 5307 quid
3234 5233 3375 5287 foret

1796 5327 2090 5400 agendum.
2154 5327 2308 5382 Tunc
2359 5326 2569 5398 Optimo
2627 5326 2765 5382 inito
2831 5325 3070 5382 consilio
3129 5330 3377 5379 armatur

1798 5429 1991 5478 contra
2044 5421 2316 5477 inﬁnitam
2350 5420 2715 5500 barbarorum
2746 5420 3033 5487 virtutem,
3064 5425 3118 5475 et
3154 5416 3250 5475 uni
3276 5429 3376 5474 cx-

1633 5576 1864 5637 NOTAE.

189 5742 302 5816 (39)
338 5742 679 5815 Auguriatus
703 5744 825 5800 cod.
854 5742 1094 5799 Gruteri.
