3906 6226
674 273 695 340 l
705 276 812 338 “283

1753 271 2159 332 ANASTASII
2223 272 2848 333 BIBLlOTIIECARlI

3720 276 3802 342 illi

673 389 984 443 cubitorum
1039 383 1252 454 magnis
1326 383 1486 438 donis
1557 389 1722 452 atque
1792 382 2256 452 promissionibus
2282 417 2326 474 Α
2363 385 2687 456 imperatori
2747 385 2968 440 direxit.
3034 381 3331 451 Imperator
3387 395 3565 448 autem,
3608 389 3725 446 misso
3758 400 3796 447 ad

675 479 871 536 suadet
919 485 978 531 ut
1011 486 1204 546 sponte
1239 477 1292 530 in
1332 477 1598 533 barbaros
1637 479 1830 543 irruat,
1858 477 2022 546 eique
2058 477 2151 530 dat
2181 475 2251 529 ad

673 573 922 628 Priscum
971 570 1180 624 litteras
1235 571 1584 625 continentes
1629 569 1745 624 Itzec
1786 587 1798 623 :
1850 569 2248 624 Gloriosissimo

667 666 884 734 pra-tori
935 664 1148 717 Prisco.
1204 663 1444 718 Noxium
1491 663 1840 718 barbarorum
1885 671 2136 718 conatum
2187 679 2250 715 ne

669 755 923 824 formides
955 771 974 809 :
1011 755 1079 807 ad
1137 757 1487 824 perditionem
1521 756 1660 809 enim
1703 771 1884 809 eorum
1922 755 2123 824 factum
2169 762 2250 808 est

665 841 760 903 hoc
787 864 806 901 :
833 849 965 900 scito
993 848 1131 901 enim
1157 849 1280 918 quia
1300 865 1416 900 cum
1436 849 1604 901 multa
1630 848 1939 915 confusione
1965 857 2250 902 revertetur

665 943 936 1012 cltaganus
970 943 1023 995 in
1060 943 1324 1012 regionem
1356 957 1472 1010 qua:
1500 941 1602 994 sibi
1631 958 1663 993 a
1693 940 1948 995 Romanis
1978 948 2054 993 est
2086 939 2250 1006 depu-

667 1045 799 1089 tata.
835 1035 1131 1102 Propterea
1180 1042 1468 1100 perseveret
1505 1033 1677 1102 gloria
1710 1042 1802 1086 tua
1841 1047 1995 1100 penes
2035 1030 2250 1084 Tauru-

665 1131 797 1193 lum,
826 1128 1215 1195 circumcagari
1247 1126 1446 1194 faciens
1488 1126 1652 1178 illos:
1695 1124 1956 1177 mittimus
1985 1123 2123 1177 enim
2154 1138 2245 1190 per

594 1209 598 1214 ’
667 1235 814 1271 mare
841 1235 1018 1281 naues,
1043 1227 1093 1271 et
1122 1215 1504 1286 capticabimns
1531 1214 1768 1282 familias
1792 1229 1996 1278 eorum,
2020 1223 2065 1266 et
2095 1228 2244 1282 coge-

670 1319 757 1362 tur
782 1310 851 1362 ad
882 1311 1099 1378 propria
1137 1309 1448 1378 confusione
1479 1309 1706 1377 refertus
1742 1307 2132 1377 atquejactura
2166 1323 2248 1358 re—

668 1403 820 1458 verti.
844 1404 913 1458 At
930 1417 1059 1456 vero
1078 1401 1568 1471 chaganuslitteris
1593 1401 2069 1470 comprehensiset
2093 1401 2248 1456 lectis

669 1503 870 1557 pavens
906 1487 1162 1553 efﬁcitur,
1193 1499 1250 1543 et
1278 1489 1672 1559 sponsionibus
1737 1490 1982 1558 pacificis
2025 1489 2090 1543 ad
2135 1489 2249 1543 Pri.-

667 1598 820 1635 scum
855 1582 1142 1651 dispositis
1187 1583 1240 1636 iu
1287 1583 1612 1636 muneribus
1653 1583 1846 1651 paucis
1881 1591 2045 1651 alque
2098 1581 2243 1635 indi-

663 1677 808 1744 guis,
852 1675 904 1727 in
953 1690 1109 1729 suam
1159 1683 1246 1728 est
1297 1682 1501 1728 terram
1541 1689 1666 1728 cum
1719 1674 1846 1744 fuga
1900 1673 2109 1744 potenti
2162 1689 2248 1728 re-

667 1778 914 1840 gressus.

737 1859 1040 1915 Uudecimo
1089 1857 1304 1926 imperii
1330 1872 1475 1910 anno
1511 1857 1762 1912 Mauricii
1795 1855 2245 1928 llierosolyrnita-

666 1967 772 2006 nus
823 1952 987 2006 Amos
1033 1950 1265 2004 habetur
1325 1950 1636 2020 episcopus.
1697 1950 2001 2021 Imperator
2057 1958 2238 2005 autem

664 2043 910 2098 Priscum
966 2058 1089 2096 cum
1147 2041 1404 2096 omnibus
1439 2039 1702 2096 Romanis
1745 2043 2114 2110 potentatibns
2174 2041 2240 2096 ad

666 2135 866 2190 Istrum
927 2133 1152 2186 ﬂuvium
1204 2131 1379 2192 misit,
1439 2142 1494 2184 ut
1541 2130 1925 2186 Sclavinorum
1990 2133 2242 2188 nationes

665 2225 903 2280 transire
953 2223 1290 2295 prohiberet.
1332 2221 1454 2286 Quo
1502 2221 1644 2291 apud
1690 2221 2015 2278 Dorostolon
2061 2224 2244 2278 habito

663 2321 951 2389 chaganus
975 2316 1079 2371 hoc
1109 2315 1384 2384 comperit
1407 2330 1422 2379 ;
1443 2314 1534 2382 qui
1569 2313 1758 2382 legatis
1781 2313 1846 2366 ad
1865 2329 1989 2368 eum
2019 2314 2244 2370 directis

663 2409 1004 2464 calumniam
1039 2406 1312 2462 inferebat
1341 2406 1608 2460 Romanis
1649 2407 1934 2460 exordium
1982 2407 2242 2461 dantibus

665 2501 818 2554 belli.
845 2500 1066 2553 Priscus
1092 2505 1274 2552 autem
1295 2497 1597 2552 excusabat
1625 2511 1707 2558 se,
1731 2499 1874 2566 quod
1903 2512 2010 2551 non
2034 2497 2242 2551 venerit

667 2594 936 2646 adversus
967 2591 1230 2646 barbaros
1252 2590 1658 2659 belligeratum,
1694 2587 1788 2643 sed
1820 2589 1965 2658 quod
1996 2588 2062 2642 ad
2093 2588 2243 2643 Scia-

665 2683 918 2738 vinorum
944 2681 1198 2736 nationes
1246 2696 1274 2734 a
1310 2680 1556 2752 principe
1581 2679 1748 2734 fuerit
1771 2680 2098 2734 destinatus.
2133 2681 2243 2732 Au-

663 2774 826 2829 diens
858 2781 1038 2826 autem
1061 2771 1290 2826 Priscus
1319 2770 1465 2841 quod
1484 2770 1829 2842 Ardagastus
1860 2771 2243 2827 multitudines

665 2866 1052 2921 Sclavinorum
1084 2865 1151 2919 ad
1182 2863 1539 2936 praedandum
1570 2862 1920 2932 disperserit,
1959 2865 2241 2919 transiens

663 2957 864 3015 Istrum
892 2958 1072 3012 media
1098 2965 1262 3013 nocte
1282 2956 1562 3026 inOpinate
1580 2955 1885 3026 Ardagasto
1904 2957 2241 3026 coniunctus

661 3056 767 3108 est.
821 3049 892 3106 At
931 3063 1061 3104 vero
1112 3047 1455 3118 Ardagastus
1480 3047 1801 3102 discrimine
1827 3063 1992 3104 scnso
2032 3048 2238 3104 nudum

663 3139 969 3194 ascendens
1000 3154 1225 3209 equum,
1285 3138 1375 3191 vix
1423 3137 1610 3192 salvus
1651 3138 1848 3201 evasit,
1896 3137 2240 3210 Romanique

663 3229 1112 3285 multitudinibus
1157 3229 1537 3282 Sclavinorum
1586 3229 1787 3283 occisis
1811 3270 1826 3294 ,
1865 3241 1918 3284 et
1947 3231 2238 3303 Arilagasti

662 3319 888 3389 regione
936 3332 1217 3386 perversa,
1259 3316 1499 3387 praedam
1540 3319 1824 3387 copiosam
1871 3331 2086 3390 captam
2131 3321 2238 3390 By-

664 3411 907 3465 zantium
955 3425 1051 3480 per
1097 3407 1440 3464 Tatemerern
1497 3408 1839 3464 direxerant.
1897 3410 2070 3468 Porro
2110 3429 2236 3468 cum

663 3501 918 3557 'l‘atemer
946 3499 1239 3570 expeditus
1271 3501 1376 3556 iter
1405 3499 1619 3557 faciens
1642 3500 1896 3557 ebrietati
1927 3519 2050 3559 sese.
2075 3516 2240 3576 atque

661 3595 878 3650 deliciis
907 3594 1170 3660 traderet,
1207 3593 1590 3648 Sclavinorum
1621 3597 1675 3649 in
1700 3611 1823 3650 eum
1857 3598 2239 3655 multitudines

662 3689 917 3756 irruuut;
947 3689 1038 3758 qui
1068 3687 1360 3742 formidine
1387 3704 1612 3760 pressus
1635 3687 1894 3758 fugiendo
1916 3689 2236 3762 Byzantium

661 3779 835 3835 venit.
870 3781 970 3836 Ast
1022 3779 1279 3844 Romani,
1337 3780 1430 3850 qui
1459 3797 1582 3835 cum
1636 3781 1758 3850 ipso
1790 3781 2030 3847 fuerant,
2060 3783 2238 3839 valide

661 3870 940 3928 Sclavinis
979 3871 1179 3928 infensi
1222 3872 1476 3927 obtinent
1512 3873 1918 3943 gloriosissime
1947 3875 2236 3940 barbaros,

660 3974 710 4018 et
739 3963 1116 4034 captivitatem
1144 3966 1353 4020 salvam
1386 3965 1708 4035 imperatori
1744 3975 2102 4034 praesentant.
2131 3965 2234 4033 Qui

662 4057 874 4110 lrctatus
921 4055 1197 4125 gratificos
1243 4055 1352 4110 Deo
1388 4056 1621 4127 hymnos
1662 4072 1766 4111 una
1815 4073 1938 4112 cum
1989 4066 2098 4114 tota
2140 4059 2238 4114 ob-

665 4148 787 4200 tulit
823 4147 980 4202 urbe.
1009 4145 1232 4202 Priscus
1264 4163 1391 4202 vero
1413 4148 1612 4203 fiducia
1644 4147 1821 4203 fretus
1848 4151 1913 4204 ad
1942 4150 2236 4208 interiores

662 4233 1045 4291 Sclaviuorum
1101 4246 1286 4306 partes
1347 4239 1605 4294 accessit.
1678 4239 1844 4310 Gipcs
1892 4250 2098 4310 autem,
2154 4243 2238 4298 vir

657 4327 984 4383 Christiana:
1019 4328 1324 4398 religionis,
1352 4328 1730 4400 transfugiens
1762 4329 1829 4383 ad
1861 4329 2142 4386 Romanos
2180 4339 2237 4387 et

2275 1772 2319 1827 Β

2266 3106 2315 3166 α

2355 479 2601 533 Priscum
2632 465 2940 542 'l‘atemerc,
2961 474 3116 545 jubet
3158 475 3266 528 illic
3291 485 3402 528 toto
3433 475 3619 532 hiemali
3639 488 3796 553 tepore

2353 569 2683 625 commorari
2713 568 3017 623 Boruauos.
3045 566 3166 632 Quo
3194 574 3474 636 comperto
3516 569 3692 627 Romani
3709 591 3790 629 ton-

2354 664 3125 727 tradicebant,asseverantes
3151 659 3204 714 id
3234 673 3345 714 non
3375 675 3525 730 posse
3543 662 3634 718 fieri
3655 679 3795 736 propter

2353 757 2543 826 copias
2572 755 2956 816 Itarbarorum,
2991 761 3044 807 et
3077 768 3173 822 pro
3203 767 3268 808 eo
3293 753 3437 822 quod
3465 756 3594 827 regio
3616 771 3720 814 esset
3732 762 3795 816 sibi

2353 850 2490 904 satis
2555 849 2806 904 adversa.
2870 845 3100 902 Priscus
3141 862 3274 902 vero
3326 848 3499 904 verbis
3545 855 3796 920 persuaseris

2354 941 2500 996 flevit
2551 957 2646 996 eos
2679 939 2881 997 ibidem
2931 940 3178 995 hiemare
3207 939 3595 1013 jussionemque
3623 945 3797 1016 principis

2351 1047 2760 1088 consummare.

2421 1123 2609 1177 Tertio
2643 1121 2862 1177 decimo
2886 1121 3102 1192 imperii
3155 1120 3405 1176 Mauricii
3434 1137 3573 1189 anno,
3604 1139 3687 1194 qua
3707 1127 3801 1180 ride.

2353 1214 2482 1267 licet
2527 1221 2854 1284 tempestate
2883 1213 3187 1283 Gregorius
3224 1214 3528 1279 Romanam,
3573 1215 3805 1272 Constanti-

2353 1305 2724 1375 nopolitanam
2777 1305 3045 1375 Cyriacus
3073 1317 3129 1361 ct
3179 1305 3414 1360 secundo
3432 1307 3704 1362 Anastasius
3733 1308 3808 1361 An-

2354 1397 2662 1452 tiochenam
2693 1398 2921 1467 regebat
2965 1396 3298 1461 Ecclesiam,
3349 1408 3598 1451 nascuntur
3621 1400 3814 1468 prodigi;

2352 1490 2405 1542 in
2445 1487 2782 1542 suburbanis
2815 1487 3084 1558 Byzantii,
3129 1503 3268 1557 puer
3320 1488 3812 1557 videlicctquadrurws,

2350 1589 2404 1636 et
2426 1582 2566 1634 alter
2611 1580 2750 1636 duos
2779 1583 3014 1636 vertices
3052 1581 3286 1636 habens.
3317 1581 3471 1634 Aiunt
3502 1590 3641 1634 autem
3665 1581 3710 1634 bi
3743 1583 3812 1651 qui

2353 1675 2611 1728 historias
2653 1672 2909 1743 diligenti
2953 1672 3140 1726 studio
3180 1672 3454 1736 scribunt,
3481 1688 3566 1727 non
3587 1673 3812 1740 significari

2352 1767 2490 1820 bona
2519 1766 2846 1821 civitatibus
2899 1765 2952 1818 in
2983 1766 3185 1835 quibus
3240 1774 3525 1820 nascuntur
3563 1765 3811 1834 huiusmodi.

2347 1858 2416 1911 At
2437 1872 2565 1913 vero
2593 1858 2890 1927 imperator
2929 1856 3180 1912 Priscum
3217 1867 3447 1927 praitura
3476 1859 3640 1927 privat,
3672 1865 3712 1910 et
3733 1857 3800 1910 Ρι-

2348 1940 2743 2002 trum'fratrem
2790 1963 2951 2002 suum
2985 1956 3277 2018 praetorem
3309 1949 3550 2003 Romanae
3577 1947 3676 2001 fecit
3697 1947 3806 1999 virtu-

2349 2041 2440 2094 tis.
2498 2038 2684 2109 Itaqne
2741 2039 2966 2096 Priscus
3029 2040 3253 2109 quidem
3319 2039 3589 2093 virtutibus
3627 2040 3802 2107 sumptis.

2345 2134 2666 2202 priusquam
2699 2130 2893 2186 Petrus
2937 2133 3275 2202 pervenisset
3306 2174 3324 2200 ,
3358 2141 3625 2188 transmcat
3647 2146 3804 2186 araneis.

2344 2223 2638 2294 Chaganus
2667 2233 2850 2278 autem
2892 2224 3126 2277 transitu
3152 2223 3384 2279 Romani
3423 2226 3590 2280 audito
3616 2223 3808 2278 exercitus

2347 2315 2504 2370 valde
2553 2315 2783 2370 miratus
2814 2323 2946 2379 .est,
2993 2324 3049 2369 et
3098 2315 3165 2369 ad
3195 2315 3436 2370 Priscum
3463 2315 3633 2382 ,misit,
3666 2313 3815 2366 discere

2347 2421 2572 2460 causam
2607 2421 2884 2475 quzrrens,
2919 2414 2972 2460 et
2997 2407 3194 2476 praeda}
3219 2423 3434 2462 sumere
3466 2416 3664 2478 partem,
3687 2405 3821 2472 sicque

2347 2506 2559 2552 amnem
2589 2500 2823 2552 transire
2853 2516 2866 2550 :
2900 2499 3062 2554 nimis
3092 2500 3238 2553 enim
3269 2499 3516 2554 saeviebat
3539 2512 3679 2568 super
3699 2495 3824 2549 felici-

2345 2588 2549 2641 tatibus
2576 2589 2976 2644 Romanorum.
3006 2591 3175 2645 Mittit
3202 2606 3328 2660 ergo
3350 2590 3564 2645 Priscus
3598 2604 3734 2658 super
3756 2589 3822 2638 hoc

2347 2680 2413 2733 ad
2439 2681 2750 2752 cltaganum
2789 2683 3026 2752 legatum
3060 2682 3423 2745 Theodorum,
3452 2682 3694 2736 videlicet
3716 2681 3828 2733 medi-

2346 2788 2468 2825 cum
2523 2774 2822 2843 sagacitate
2869 2790 2936 2828 ac
2984 2775 3327 2846 intelligentia
3372 2785 3730 2845 perornatutu.
3761 2775 3831 2824 Iste

2345 2865 2538 2921 videns
2567 2866 2876 2936 cltaganum
2908 2883 3098 2938 magna
3129 2867 3429 2940 sapientem
3457 2867 3832 2937 responsionem-

2343 2974 2450 3028 que
2479 2959 2781 3028 iactantius
2804 2953 3095 3016 facientem
3119 2960 3320 3030 (minas
3342 2961 3485 3014 enim
3514 2957 3832 3030 praetendebat,

2345 3067 2404 3104 se
2448 3061 2772 3106 cunctarum
2839 3068 2962 3108 esse
3005 3054 3250 3122 gentium
3331 3051 3598 3106 dominum
3645 3049 3832 3117 iactans)

2345 3146 2666 3198 narratione
2715 3146 2884 3199 veteri
2945 3145 3220 3217 mitigavit
3274 3145 3604 3200 barbaricum
3646 3144 3831 3214 typhum.

2341 3235 2430 3288 Ait
2459 3235 2603 3288 enim
2633 3251 2646 3287 :
2687 3234 2849 3301 Audi,
2908 3235 3166 3307 cltagane,
3211 3237 3490 3305 proficuum
3520 3237 3830 3288 uenationes.

2342 3325 2596 3380 Sesostris
2631 3326 3008 3398 Aiggptiorum
3056 3343 3150 3382 rex
3184 3329 3413 3382 illustris
3445 3338 3490 3382 et
3536 3326 3708 3396 oppido
3732 3324 3830 3394 felix.

2344 3420 2530 3487 opibus
2566 3421 2746 3473 clarus
2795 3428 2844 3474 et
2877 3420 3283 3490 inexpugnabili
3315 3429 3592 3489 potentatu,
3638 3416 3828 3485 plurium

2340 3521 2387 3564 et
2446 3512 2677 3581 ingentes
2730 3513 2971 3566 servituti
3017 3514 3263 3567 nationes
3299 3513 3518 3584 redegit.
3573 3509 3702 3565 Unde
3738 3508 3833 3560 etin

2343 3605 2708 3673 arrogantiam
2769 3621 2946 3671 ruens,
3000 3622 3164 3659 curru
3204 3607 3509 3662 adlrarente
3553 3604 3646 3657 sibi
3679 3607 3833 3654 curari

2343 3694 2609 3762 lapidibus
2665 3696 2910 3764 pretiosis
2957 3707 3284 3763 constructo,
3339 3697 3481 3752 sedet
3511 3711 3650 3764 super
3671 3696 3836 3750 eum,“

2341 3785 2537 3854 subigit
2578 3785 2713 3858 jugo
2763 3803 2828 3842 ea:
2889 3789 3150 3857 superatis
3196 3790 3413 3859 regibus
3459 3798 3666 3859 quatuor
3691 3783 3836 3836 trahere

2341 3893 2580 3935 currum.
2633 3879 2870 3951 Cumque
2918 3880 3018 3934 hoc
3055 3882 3204 3950 fieret
3261 3883 3319 3935 in
3381 3881 3576 3952 insigni
3612 3877 3838 3949 festiritutr.

2341 3985 2474 4024 unus
2497 3985 2562 4023 ea:
2587 3981 2819 4042 quatuor
2853 3972 3063 4043 regibus
3095 3973 3409 4042 frequenter
3461 3975 3652 4028 oculum
3678 3967 3834 4023 terrebat

2342 4073 2650 4129 retrorsum,
2673 4074 2721 4118 et
2750 4064 3211 4135 contemplabatur
3240 4078 3449 4135 rotam,
3470 4084 3582 4122 cum
3608 4064 3833 4119 colenti!"-

2340 4154 2508 4220 Quem
2538 4153 2798 4210 Sesostris
2819 4167 3194 4227 percunctatus
3221 4159 3298 4212 ait
3337 4177 3357 4216 :
3390 4179 3413 4215 ι
3451 4159 3559 4216 Cur
3581 4166 3682 4228 post
3701 4166 3831 4221 teri"l

2339 4249 2567 4313 offirmas
2595 4249 2819 4306 oculos?
2857 4269 2876 4304 ι
2904 4249 2972 4306 At
3007 4251 3098 4306 ille
3130 4270 3148 4308 :
3183 4271 3202 4305 ι
3238 4250 3431 4314 Hane,
3462 4272 3482 4306 ι
3506 4251 3828 4323 ἱκᾳιὶε,‹τοιιιι

2339 4340 2506 4395 miror
2539 4341 2864 4407 instabilem,
2897 4353 2946 4398 et
2977 4344 3120 4398 alias
3153 4353 3314 4414 atque
3352 4346 3516 4400 aliter
3539 4361 3588 4398 se
3612 4349 3828 4396 martum.

660 4421 963 4493 ingressum
1020 4422 1285 4477 Romanis
1321 4421 1562 4476 ostendit
1618 4430 1673 4478 et
1726 4424 1994 4480 barbaros
2037 4425 2231 4482 tenuit.
2261 4449 2312 4511 ι)
2337 4435 2564 4488 etmodo
2593 4435 2802 4489 excelsa
2849 4436 3240 4500 Ituntilianlem,
3283 4453 3488 4492 rursus
3530 4425 3828 4490 humilium!-

661 4518 846 4588 Itaque
910 4512 1135 4587 Gipcdis
1193 4514 1506 4584 proditione
1557 4515 1916 4571 transfretato
1976 4516 2233 4588 flumine,

657 4610 883 4667 Priscus
909 4609 1084 4665 media
1114 4617 1274 4664 nocte
1289 4608 1495 4678 reperit
1523 4608 1827 4662 Musacium
1867 4607 2235 4665 Barbarorum

659 4718 867 4772 regem,
927 4701 1192 4757 ebrietate
1249 4710 1571 4770 corruptum
1617 4717 1632 4755 :
1687 4699 1971 4755 funebrem
2035 4703 2238 4772 quippe

659 4794 864 4864 proprii
900 4792 1088 4848 fratris
1131 4791 1447 4847 celebrabat
1487 4789 1880 4857 festivitatem;
1931 4807 2042 4862 quo
2082 4807 2238 4848 corn—

661 4885 931 4953 prehcuso
982 4883 1107 4938 vivo
1138 4881 1340 4937 student
1391 4882 1445 4934 in
1512 4879 1768 4936 Barbaris
1809 4889 2076 4952 operatus
2127 4891 2236 4948 est,

663 4975 940 5046 multaque
969 4976 1193 5046 copiosa
1224 4977 1406 5048 praeda
1449 4985 1611 5048 capta
1667 4975 1920 5029 ebrietati
1954 4991 2076 5030 sese
2111 4991 2238 5046 pro-

664 5066 801 5119 dunt
830 5073 885 5120 ct
910 5067 1167 5135 crapulae.
1200 5068 1404 5121 Attum
1456 5067 1676 5121 barbari
1718 5065 2028 5120 coaccrvati
2061 5065 2236 5120 victo-

665 5158 817 5214 ribus
871 5155 1194 5222 imminent,
1273 5158 1524 5229 foretque
1576 5159 1898 5214 vicissitudo
1954 5158 2235 5226 reciproca

661 5251 995 5324 praecedenti
1028 5251 1289 5305 virilitate
1325 5251 1541 5317 saevior,
1601 5251 1707 5305 nisi
1759 5250 1942 5305 chzo
1998 5249 2234 5319 pedestri

659 5346 865 5401 virtute
895 5344 1269 5400 Romanorum
1342 5345 1606 5400 insistens
1636 5361 1818 5417 pugna
1866 5343 1991 5399 forti
2048 5343 2236 5414 protri-

661 5439 874 5495 buisset
902 5440 1137 5511 impetus
1169 5437 1563 5495 Barbarorum.

726 5530 1060 5589 Duodecimo
1098 5533 1311 5604 imperii
1349 5531 1598 5588 Mauricii
1631 5548 1793 5598 anno,
1841 5548 1965 5586 cum
2007 5530 2232 5588 Priscus

656 5621 852 5677 iterum
884 5625 950 5678 ad
977 5624 1172 5679 Istrum
1239 5625 1580 5696 pervenisset
1617 5635 1916 5695 gentesque
1943 5623 2233 5679 Sclavino-

660 5727 780 5767 rum
831 5716 1173 5786 depraedatus
1229 5717 1442 5784 fuisset,
1500 5719 1642 5774 haud
1699 5718 1971 5774 modicam
2021 5726 2230 5788 partem

2343 4535 2562 4581 tantem.
2590 4545 2608 4578 ι
2649 4527 2716 4579 At
2749 4543 2868 4581 vero
2899 4526 3162 4583 Sesostris
3200 4528 3534 4596 parabolam
3578 4524 3829 4590 intelligeret

2342 4617 2801 4686 animadvertens,
2834 4620 2996 4692 legem
3031 4621 3206 4688 posuit
3242 4636 3306 4674 ne
3341 4636 3558 4675 currum
3603 4630 3718 4686 regis
3749 4611 3829 4662 slu-

2342 4709 2454 4762 rius
2487 4711 2778 4765 traherent.
2841 4709 2939 4766 liis
2978 4711 3260 4781 chaganus
3306 4711 3526 4768 auditis
3573 4707 3775 4766 subrisit.
3803 4707 3837 4747 ﬂ

2341 4802 2418 4855 ait
2456 4818 2514 4858 se
2542 4817 2730 4872 pacem
2764 4801 2989 4858 sectari.
3023 4802 3246 4860 Priscus
3265 4814 3468 4862 autem
3515 4804 3729 4874 chagano
3758 4792 3836 4847 rol-

2339 4890 2476 4946 didit
2519 4907 2619 4963 pro
2670 4893 2908 4949 transitu
2961 4895 3224 4964 praedam,
3278 4908 3343 4952 et
3396 4896 3612 4953 exuviis
3661 4885 3840 4946 omnibus

2340 4986 2574 5055 sumptis
2630 4987 2751 5042 sine
2797 4987 3088 5059 dispendio
3143 5002 3372 5044 amnem
3429 4987 3682 5044 transivit.
3728 4979 3838 5032 l‘nnv

2339 5077 2619 5148 chagauus
2665 5077 2750 5133 his
2781 5080 3056 5150 susceptis
3109 5080 3415 5150 magnifice
3464 5065 3837 5134 laﬂabatunpll'

2338 5183 2467 5223 scus
2519 5165 2842 5239 Byzantium
2877 5169 3058 5236 venit,
3111 5179 3168 5227 et
3221 5169 3428 5228 Petrus
3470 5174 3837 5242 pra'tursmsus'

2336 5259 2500 5328 cepit.

2409 5346 2618 5413 Quarto
2640 5347 2854 5404 decimo
2882 5349 3101 5422 imperii
3128 5351 3212 5406 sui
3251 5368 3406 5408 anno
3427 5352 3594 5424 jussit
3623 5341 3835 5403 Mauricius

2339 5435 2502 5492 Petro
2528 5439 2744 5507 praetori
2779 5448 2840 5493 ut
2873 5443 3095 5497 tertiam
3129 5442 3449 5512 portionem
3475 5456 3616 5513 roga:
3641 5438 3834 5493 illaml

2339 5530 2600 5586 Romanis
2645 5533 2941 5602 acciperet,
2979 5542 3034 5589 et
3071 5536 3287 5590 tertiam
3333 5535 3394 5590 in
3446 5537 3632 5598 annis,
3667 5539 3708 5584 et
3729 5526 3833 5577 alii!"

2337 5623 2556 5679 tertiam
2583 5625 2636 5678 in
2664 5627 3010 5682 vesﬁmentis
3038 5611 3293 5682 diversis:
3329 5625 3535 5698 Itaque
3557 5619 3746 5683 Romani
3771 5615 3832 5666 Ima;

2336 5719 2524 5774 audito
2570 5723 2632 5775 ad
2675 5721 3016 5791 tyrannidem
3049 5721 3436 5778 vertebantur.
3467 5721 3666 5777 Praetor
3683 5723 3777 5796 vero
3795 5704 3834 5756 ιλ·
