3950 6234
277 243 416 306 1285

1068 243 1148 302 ΠΙ
1163 243 1434 304 STORIA
1462 241 2038 304 ECCLESIASTICA
2073 243 2173 302 EX
2190 236 2192 239 ’
2207 231 2698 308 THEOPHANE.

3397 247 3530 316 1386

274 370 432 410 incus
487 351 868 408 satisfaciebat
911 355 1024 427 (40)
1067 357 1336 412 militibus
1366 358 1469 412 hoc
1497 372 1686 414 verum
1735 371 1846 412 non
1883 361 1927 417 Α
1958 361 2027 412 At
2052 370 2181 412 vero
2206 353 2401 411 Petrus
2424 355 2609 412 verbis
2629 355 2962 414 seductoriis
2982 374 3116 415 usus
3133 375 3242 416 non
3266 375 3327 416 se
3354 364 3531 418 scisse

269 463 416 510 esse.
446 456 500 502 et
531 447 830 512 exhibebat
854 449 1194 506 exercitibus
1222 451 1360 505 alias
1385 451 1626 515 litteras,
1653 451 1850 520 juben-

271 549 355 597 tes
386 540 490 595 sibi
522 549 798 610 quatenus
829 541 884 595 bi
913 543 1006 612 qui
1050 542 1212 598 fortia
1253 553 1542 616 gesserant
1574 556 1628 603 et
1655 547 1723 601 de
1755 562 1851 615 pe-

271 632 464 687 riculis
497 631 911 702 triumpharunt
940 633 995 687 in
1025 635 1259 691 urbibus
1282 651 1497 694 summa
1525 637 1716 706 requie
1751 653 1851 706 po-

273 726 534 790 tirentur,
570 724 640 781 de
666 725 905 796 publicis
929 729 1244 798 sumptibus
1271 731 1412 782 inter
1443 742 1604 783 senes
1643 729 1848 796 alendi,

270 817 427 889 pueri
456 832 588 872 vero
628 817 865 872 militum
896 819 951 874 in
995 819 1132 874 locis
1177 821 1525 890 propriorum
1560 827 1849 890 parentum

270 911 980 982 inscriberentur;.talique
1006 913 1231 979 suadela
1263 914 1524 984 populum
1557 914 1849 984 mitigavit,

269 1011 326 1054 et
375 1001 650 1056 Caesarem
709 1003 866 1057 bona:
910 1002 1068 1058 famae
1116 1006 1394 1074 pra-conio
1464 1004 1848 1061 laudaverunt.

271 1090 398 1157 llmc
429 1103 611 1148 autem
645 1092 841 1149 Petrus
871 1095 1191 1166 imperatori
1219 1097 1852 1168 denuntiavit.Cumque

272 1185 512 1240 venisset
536 1184 1008 1257 Marcianopolim,
1044 1188 1236 1258 dirigit
1265 1189 1412 1244 mille
1457 1206 1845 1260 prmcessuros.

275 1274 336 1329 lli
366 1280 600 1346 repertis
623 1275 893 1332 Sclavinis
929 1279 1160 1333 multam
1187 1279 1520 1337 ducentibus
1547 1283 1848 1336 Romanam

272 1369 536 1438 praedam,
593 1369 693 1422 hos
750 1369 1108 1438 insequentes
1162 1370 1507 1436 occiderunt,
1570 1372 1850 1442 multaque

270 1459 454 1530 praeda
495 1468 716 1529 recepta
749 1459 1010 1515 Romaica
1042 1461 1328 1516 redierunt
1348 1461 1413 1516 ad
1447 1478 1598 1518 rura.

340 1550 545 1606 Eodem
573 1565 702 1606 vero
733 1566 879 1607 anno
909 1553 1224 1608 construxit
1253 1554 1557 1624 imperator
1580 1555 1845 1610 solarium

269 1642 583 1712 Magnaura:
611 1644 933 1711 rotundum,
953 1653 1008 1699 et
1035 1645 1092 1699 in
1127 1646 1307 1701 medio
1339 1647 1486 1702 atrio
1508 1647 1628 1718 ejus
1652 1648 1847 1705 statuit

268 1742 505 1789 statuam
537 1750 717 1800 suam,
760 1743 814 1791 et
846 1736 962 1792 illic
991 1738 1621 1807 posuitarmamentum.

339 1827 545 1893 Quinto
575 1828 790 1883 decimo
830 1828 1047 1900 imperii
1075 1829 1330 1886 Mauricii
1384 1846 1530 1887 anno
1556 1829 1850 1906 Petroove-

270 1921 548 1975 nationem
585 1925 868 1978 exercenti
916 1937 1012 1978 sus
1045 1923 1282 1993 agrestis
1325 1923 1544 1978 obviam
1579 1926 1847 1993 occurrit,

268 2013 576 2084 pedemque
598 2014 776 2086 ipsius
808 2015 875 2070 ad
909 2015 1163 2071 arborem
1199 2017 1616 2087 conquassavit,
1660 2029 1713 2074 et
1745 2019 1850 2072 im-

268 2106 636 2174 portabilibus
668 2106 781 2178 (41)
813 2106 1296 2194 doloribusmulto
1336 2116 1583 2180 tempore
1616 2110 1845 2180 languit.

264 2196 372 2252 Ast
400 2197 698 2266 imperator
724 2199 928 2254 litteris
955 2199 1218 2268 pessimis
1251 2209 1306 2254 et
1338 2199 1696 2272 improperiis
1724 2205 1863 2271 gra-'

268 2288 429 2344 vibus
451 2289 500 2345 ei
528 2289 792 2355 detraxit,
842 2291 1030 2346 audito
1065 2293 1209 2362 quod
1245 2294 1432 2348 multa;
1465 2291 1848 2348 Sclavinorum

266 2390 460 2450 gentes
493 2379 700 2435 fuerint
730 2390 928 2438 contra
963 2381 1288 2455 Byzantium
1312 2394 1493 2439 motae.
1520 2384 1724 2440 Petrus
1747 2403 1848 2440 au-

268 2483 378 2527 tem
419 2484 646 2531 coactus
681 2473 864 2530 Novas
893 2477 1162 2546 pervenit.
1200 2476 1263 2530 lli
1296 2492 1425 2532 vero
1453 2479 1548 2549 qui
1587 2488 1745 2533 erant
1783 2479 1850 2534 de

264 2565 510 2632 civitate,
549 2583 653 2622 una
685 2582 812 2622 cum
842 2568 1181 2640 ignobilibus
1212 2569 1480 2626 militibus
1503 2576 1558 2624 et
1587 2571 1850 2641 episcopo

266 2661 488 2728 prmtori
531 2662 745 2716 obviam
768 2665 1033 2729 veniunt;
1075 2677 1218 2733 quos
1270 2669 1476 2731 praeter
1508 2663 1766 2730 intuitus,
1795 2675 1851 2718 et

263 2765 423 2803 arma
448 2768 639 2807 eorum
667 2767 732 2808 ac
758 2752 1142 2808 fortitudinem
1174 2753 1503 2819 admiratus,
1527 2753 1686 2823 jubet
1714 2755 1851 2810 urbe

261 2841 496 2897 dimissa
527 2845 790 2899 Romana:
815 2845 1034 2900 misceri
1058 2853 1318 2901 catervaz.
1342 2844 1547 2900 Milites
1571 2853 1754 2900 autem
1781 2843 1848 2900 ad

262 2935 512 2992 civitatis
570 2938 880 2992 custodiam
909 2937 1152 2993 ordinati
1185 2937 1288 2992 hoc
1329 2951 1494 3007 agere
1525 2945 1846 2992 renuerunt.

1957 448 2257 502 motionem
2309 446 2562 516 afﬁrmat,
2626 447 2868 519 duplicia
2917 455 3100 505 tamen
3156 452 3288 508 dare
3353 455 3529 523 spolia

1957 542 2210 597 universa
2258 551 2554 612 procurat;
2587 543 2780 612 sicque
2815 541 3043 596 Barbari
3075 543 3299 598 amissis
3334 547 3528 614 spoliis

1954 635 2122 705 dupla
2159 646 2316 691 sorte
2347 635 2590 705 receptis
2629 635 2746 705 paci
2769 635 3086 691 consulunt.
3115 633 3313 691 Petrus
3340 647 3530 693 contra

1954 727 2306 799 Peregastum
2360 728 2750 784 Sclavinorum
2796 728 3093 783 exarchum
3149 739 3440 797 properat;
3478 742 3533 784 et

1953 816 2179 873 Barbari
2211 819 2358 874 circa
2393 819 2567 888 ripam
2600 817 2846 873 lluininis
2877 817 3005 872 huic
3037 817 3184 872 obvii
3239 817 3364 873 facti
3403 834 3530 889 pro-

1955 911 2215 970 hibebant
2242 910 2497 966 transire.
2532 911 2769 966 Romani
2802 924 2930 964 vero
2953 925 2982 964 a
3013 910 3172 966 fretis
3201 913 3531 982 sagittantes

1953 1001 2056 1057 bos
2086 1009 2446 1069 averterunt;
2476 1002 2681 1071 quibus
2707 1001 2762 1056 iu
2801 1001 2984 1072 fugam
3015 1002 3194 1058 versis
3227 1005 3532 1073 percutitur

1955 1094 2049 1149 ilio
2088 1093 2445 1164 Percgastus,
2502 1101 2556 1149 et
2604 1092 2863 1148 moritur.
2921 1092 3299 1148 Transeuntes
3347 1105 3530 1148 autem

1954 1185 2184 1241 Romani
2219 1185 2459 1257 praedam
2487 1185 2717 1240 multam
2753 1193 3105 1256 receperunt,
3133 1196 3188 1240 et
3214 1185 3281 1241 ad
3307 1188 3530 1256 propria

1953 1283 2290 1332 remearunt.
2326 1275 2654 1333 Errantibus
2697 1275 3026 1331 ductoribus
3061 1283 3117 1330 et
3157 1276 3213 1330 in
3259 1277 3530 1346 inaquosa

1954 1368 2326 1426 incidentibus
2374 1368 2496 1424 loca
2537 1369 2958 1440 periclitabatur
3009 1369 3311 1424 exercitus.
3353 1369 3532 1423 Porro

1952 1478 2075 1517 cum
2117 1461 2224 1517 iter
2260 1470 2487 1533 agerent
2525 1469 2718 1527 noctu,
2759 1462 2988 1515 veniunt
3029 1461 3096 1516 ad
3135 1475 3352 1516 amnem
3384 1460 3533 1516 lleli-

1952 1557 2092 1609 ciam
2119 1553 2362 1609 dictum:
2389 1569 2512 1609 cum
2543 1569 2674 1608 vero
2701 1552 2854 1608 dumi
2881 1563 3035 1609 trans
3063 1552 3260 1610 fretum
3288 1554 3532 1609 ﬂuminis

1952 1653 2164 1710 essent,
2204 1645 2433 1701 Barbari
2471 1647 2526 1700 in
2561 1645 2648 1700 his
2683 1644 2998 1700 absconditi
3037 1660 3134 1701 eos
3169 1645 3264 1715 qui
3312 1646 3530 1699 haurie-

1953 1740 2084 1794 bant
2141 1753 2341 1810 aquam
2369 1739 2782 1808 iaculabantur.
2817 1738 3014 1808 Magna
3065 1738 3236 1809 igitur
3281 1738 3532 1793 molestia

1952 1830 2220 1889 Romanis
2271 1831 2461 1888 effecta
2522 1832 2761 1898 militiis,
2813 1832 2868 1886 in
2926 1832 3108 1902 fugam
3157 1838 3450 1886 vertuntur
3500 1845 3532 1884 a

1952 1925 2212 1982 Barbaris
2261 1925 2541 1982 debellati.
2589 1924 2792 1980 Verum
2852 1924 3158 1980 Mauricius
3205 1924 3293 1980 his
3328 1923 3534 1980 auditis

1953 2016 2171 2072 Petrum
2227 2027 2470 2088 praetura
2523 2017 2796 2088 privavit,
2827 2026 2883 2074 et
2934 2016 3186 2074 Priscum
3242 2026 3530 2088 praztorem

1952 2107 2178 2164 Thracae
2217 2109 2401 2166 denuo
2429 2110 2604 2166 misit.

2027 2199 2212 2255 Mundi
2265 2217 2413 2258 anno
2469 2201 2648 2267 6090,
2695 2202 2897 2258 divina:
2952 2203 3350 2260 incarnationis
3403 2204 3528 2271 590,

1951 2291 2322 2346 Romanorum
2359 2294 2656 2362 imperator
2698 2294 3024 2360 Mauricius,
3089 2310 3180 2350 rex
3230 2295 3526 2352 Persarum

1950 2381 2249 2448 Chosroes,
2279 2384 2564 2441 Romanus
2598 2385 2916 2455 Gregorius,
2953 2385 3528 2456 Constantinopolita-

1953 2488 2056 2528 nus
2081 2473 2374 2544 Cyriaeus,
2413 2473 2954 2546 llierosolymitanus
2984 2476 3176 2544 Amos,
3201 2478 3526 2533 Alexandri.

1951 2578 2057 2618 nus
2090 2562 2354 2634 Eulogius
2389 2573 2444 2620 et
2472 2566 2851 2622 Antiochenus
2893 2565 3223 2623 Anastasius
3255 2569 3530 2623 habentur

1951 2657 2246 2713 antistites.
2309 2657 2425 2713 lloc
2471 2672 2642 2724 anno,
2695 2659 2910 2728 imperii
2957 2659 3219 2714 videlicet
3278 2660 3527 2716 Mauricii

1950 2758 2108 2804 sexto
2138 2749 2379 2816 decimo,
2409 2749 2632 2806 Priscus
2655 2765 2916 2822 egressus
2941 2761 3141 2822 praeter
3179 2752 3233 2806 in
3264 2751 3528 2808 Thracem

1953 2846 2186 2900 virtutes
2213 2847 2528 2900 numeravit
2553 2847 2852 2913 exercitus,
2879 2855 2932 2902 et
2957 2847 3168 2902 invenit
3190 2847 3338 2918 quod
3359 2864 3425 2903 ex
3449 2849 3530 2905 eis

1953 2936 2119 2990 fuerit
2151 2939 2447 2992 multitudo
2469 2948 2796 3007 consumpta
2825 2953 2937 2994 non
2972 2953 3163 3008 parva.
3205 2938 3304 2995 llis
3345 2948 3528 2995 autem

262 3025 410 3082 Tum
444 3037 646 3098 νηπίοι-
678 3028 734 3082 in
766 3028 1012 3086 furorem
1064 3042 1258 3083 versus
1311 3027 1610 3083 destinavit
1636 3027 1850 3083 Genzo-
1877 3051 1924 3114 ο
1954 3025 2192 3095 sumptis
2223 3029 2374 3082 venit
2409 3027 2475 3081 ad
2517 3027 2724 3082 ﬂumen
2755 3027 2954 3082 Istrum
2985 3037 3039 3082 et
3065 3027 3265 3085 Novas.
3290 3029 3409 3095 Quo
3434 3045 3530 3084 ro-

263 3135 396 3175 nem
431 3136 538 3175 una
569 3135 696 3175 cum
731 3121 1084 3176 multitudine
1118 3122 1377 3176 militum.
1407 3119 1508 3187 Qui
1539 3120 1643 3174 hoc
1674 3134 1845 3190 agno-

261 3219 487 3267 scentes
536 3211 908 3284 confugerunt
938 3213 993 3266 iu
1021 3213 1340 3277 ecclesiam,
1389 3218 1446 3266 et
1479 3212 1676 3267 clauso
1701 3211 1848 3267 ostio

267 3302 461 3373 templi
509 3305 956 3373 perseverabant.
1017 3301 1204 3359 Genzo
1233 3318 1362 3359 vero
1407 3319 1508 3375 pro
1539 3305 1848 3360 reverentia

264 3396 458 3466 templi
500 3395 751 3452 ineliicax
794 3397 984 3454 rediit.
1023 3397 1220 3454 Petrus
1271 3408 1455 3454 autem
1489 3398 1662 3455 iratus
1700 3398 1848 3454 Gen-

265 3500 464 3540 zonem
491 3502 519 3541 a
542 3495 789 3558 praetura
811 3489 1062 3558 deponit,
1097 3498 1154 3545 et
1187 3491 1359 3547 misso
1391 3489 1664 3548 Scribone
1687 3493 1848 3564 igno-

264 3578 508 3635 miniose
546 3581 614 3636 ad
638 3597 696 3638 se
720 3582 1044 3654 episcopum
1072 3582 1231 3653 jubet
1253 3583 1474 3642 adduci.
1504 3584 1678 3642 Porro
1701 3587 1850 3642 cives

264 3669 486 3726 collecti
517 3671 845 3731 Scribonem
900 3689 1025 3730 eum
1076 3674 1347 3730 dedecore
1377 3675 1514 3730 urbe
1544 3676 1846 3746 depellunt,

264 3766 430 3836 cujus
463 3767 735 3824 obseratis
776 3770 951 3840 portis
987 3767 1312 3824 Mauricium
1346 3767 1569 3839 quidem
1607 3766 1847 3836 impera-

267 3866 442 3911 torem
477 3857 732 3915 laudibus
763 3858 1024 3926 elIerunt,
1046 3867 1337 3926 praetorem
1367 3867 1552 3914 autem
1579 3856 1848 3913 conviciis

263 3951 580 4017 cumulant;
612 3952 804 4021 sicque
857 3967 982 4007 cum
1021 3952 1321 4022 opprobrio
1348 3951 1546 4008 Petrus
1588 3951 1717 4006 inde
1757 3966 1848 4006 re-

265 4042 458 4095 cessit.
489 4041 782 4099 Przemittit
819 4053 1084 4115 praeterea
1119 4045 1269 4100 mille
1317 4044 1390 4100 ad
1429 4045 1848 4115 explorandum,

265 4134 364 4202 qui
409 4132 670 4206 Vulgares
709 4146 1132 4208 consequuntur
1178 4153 1410 4194 numero
1442 4138 1611 4193 mille.
1647 4137 1848 4194 Verum

269 4225 538 4295 Vulgarcs
569 4228 652 4283 fisi
685 4245 851 4300 super
883 4245 1018 4300 pace
1050 4231 1288 4302 ebagani
1319 4231 1500 4288 securi
1529 4232 1846 4303 pergebant.

269 4316 509 4373 llouiani
570 4330 754 4377 autem
806 4323 861 4376 in
895 4323 1166 4394 Volgares
1232 4313 1493 4395 impetum
1535 4324 1847 4392 faciebant;

1951 3116 2106 3188 gnito
2145 3116 2427 3187 chaganus
2451 3119 2659 3186 legatos
2683 3119 2852 3184 misit,
2881 3133 3109 3175 causam
3142 3120 3314 3188 ipsius
3335 3120 3530 3176 scisci-

1950 3215 2101 3264 tatus
2134 3208 2428 3266 adventus.
2456 3208 2680 3266 Priscus
2714 3219 2898 3266 autem
2955 3211 3266 3267 venationis
3317 3227 3378 3267 se
3432 3229 3526 3268 ve-

1951 3299 2104 3354 nisse
2130 3314 2297 3356 causa
2321 3300 2616 3357 fatebatur.
2657 3301 2756 3357 Ast
2797 3302 3139 3374 Chaganus:
3177 3303 3300 3358 Non
3318 3305 3528 3374 justum

1949 3400 2050 3459 est,
2083 3392 2284 3465 inquit,
2314 3395 2368 3448 in
2399 3395 2574 3450 alieno
2598 3395 2713 3452 loco
2749 3398 2949 3455 uenari.
2985 3397 3026 3451 Ε
3067 3407 3260 3454 contra
3305 3398 3528 3456 Priscus

1951 3502 2114 3544 suum
2149 3489 2368 3544 dicebat
2395 3504 2519 3546 esse
2547 3490 2752 3554 locum,
2798 3500 2853 3547 et
2893 3491 2942 3548 ei
2988 3490 3170 3563 fugam
3201 3507 3268 3547 ex
3304 3490 3530 3548 Oriente

1952 3581 2364 3652 imprOperabat
2407 3584 2609 3653 egisse.
2659 3583 2939 3640 Barbarus
2987 3595 3168 3642 autem
3211 3585 3529 3654 Singidouis

1951 3686 2111 3724 muro
2153 3673 2438 3727 destructo
2479 3672 2548 3726 ad
2581 3673 2960 3728 Romanorum
2997 3685 3203 3729 terram
3246 3673 3526 3742 profectus

1950 3769 2055 3818 est.
2083 3761 2202 3828 Quo
2227 3765 2444 3834 cognito
2475 3763 2700 3821 Priscus
2731 3766 2878 3820 venit
2907 3766 2975 3820 ad
3014 3766 3248 3822 insulam
3282 3764 3429 3830 lstri,
3461 3775 3517 3820 et

1952 3853 2312 3910 dromonibus
2339 3856 2574 3925 sumptis
2610 3856 2674 3911 ad
2706 3857 3024 3925 Chaganum
3063 3857 3207 3926 apud
3250 3856 3528 3913 Constan-

1953 3947 2142 4001 tiolam
2167 3947 2338 4016 venit,
2372 3949 2560 4003 volens
2585 3963 2708 4002 cum
2746 3964 2812 4004 eo
2839 3949 3006 4019 loqui.
3036 3951 3283 4020 Cumque
3322 3949 3525 4020 ehaga-

1954 4058 2066 4098 nus
2095 4042 2163 4097 ad
2197 4057 2350 4096 oram
2381 4042 2624 4099 llutninis
2659 4043 2920 4108 venisset,
2957 4043 3178 4100 Priscus
3210 4045 3386 4099 tristis
3413 4043 3526 4114 (49.)

1951 4137 2425 4207 eumalloquitur.
2473 4136 2764 4207 Chaganus
2810 4143 2991 4191 autem
3039 4137 3181 4191 dixit
3231 4138 3300 4192 ad
3349 4151 3522 4192 eum:

1953 4227 2096 4294 Quid
2128 4229 2244 4294 tibi,
2279 4227 2484 4292 Prisce,
2510 4245 2572 4282 ac
2595 4239 2750 4283 terra:
2782 4231 3052 4284 metu?“
3081 4237 3130 4283 et
3163 4229 3299 4283 hanc
3335 4230 3411 4283 vis
3433 4244 3526 4283 ac-

1952 4319 2120 4387 cipere
2164 4335 2256 4387 per
2298 4321 2633 4375 mendacium
2683 4335 2753 4375 ea:
2799 4321 3048 4376 ntauibus
3096 4321 3266 4377 meis?
3317 4321 3525 4391 judice!

269 4410 369 4480 qui
428 4411 658 4467 mittunt
710 4414 861 4469 viros
911 4423 1122 4486 septem
1178 4423 1601 4473 commonentes
1656 4433 1846 4487 pacem
1873 4395 1926 4456 D
1958 4409 2096 4466 Deus
2127 4411 2264 4465 inter
2287 4428 2366 4466 me
2392 4421 2443 4466 et
2473 4411 2806 4468 Mauricium
2827 4414 3222 4482 imperatorem,
3257 4414 3523 4479 requirat-

271 4501 502 4556 miuime
536 4502 967 4562 dissolvendam.
1005 4503 1119 4561 llos
1145 4505 1437 4563 audientes
1467 4507 1523 4562 hi
1553 4508 1665 4579 qui
1708 4523 1851 4579 prte-

269 4604 589 4660 currerunt,
621 4597 938 4668 significant
963 4598 1088 4654 bzee
1102 4599 1359 4670 pra-tori;
1387 4600 1485 4670 qui
1525 4600 1665 4656 dixit
1694 4619 1710 4656 :
1739 4599 1850 4654 Nec

267 4685 320 4740 si
350 4686 638 4755 imperator
688 4692 908 4759 venerit,
962 4691 1088 4745 huic
1141 4707 1386 4760 parcam.
1445 4692 1851 4764 Congressione

265 4792 400 4832 vero
428 4779 554 4835 belli
602 4780 796 4838 ellecta
857 4783 1090 4838 Romani
1127 4791 1438 4841 vertuntur.
1487 4783 1594 4840 Sed
1628 4784 1848 4839 barbari

260 4884 378 4925 non
421 4876 700 4943 persecuti
753 4884 885 4932 sunt
919 4892 1035 4943 eos,
1090 4892 1160 4932 ne
1205 4877 1488 4933 vincentes
1536 4877 1842 4933 discrimen

263 4966 639 5024 incurrerent.
681 4969 850 5025 Porro
889 4981 1089 5040 praeter
1121 4969 1468 5026 taxiarchum
1501 4985 1843 5040 praecurren-

263 5063 404 5112 tium
427 5059 744 5130 ﬂagellavit.
775 5063 840 5116 Et
870 5063 974 5118 hoc
1002 5073 1287 5134 comperto
1325 5063 1605 5133 cbaganus
1631 5063 1843 5135 legatos

261 5151 336 5206 ad
398 5151 620 5209 Petrum
679 5155 939 5221 destinat,
997 5155 1365 5226 inceptionem
1425 5169 1721 5222 accusans,
1785 5163 1841 5210 et

261 5247 411 5318 quod
447 5245 679 5303 Romani
706 5251 828 5305 sine
852 5248 1001 5318 justa
1036 5261 1201 5304 causa
1227 5263 1419 5320 pacem
1450 5247 1842 5303 dissolverent.

1949 4519 2049 4573 que
2100 4505 2410 4572 sanguinem
2455 4505 2718 4560 exercitus
2767 4504 3130 4561 Romanorum
3167 4514 3216 4559 et
3253 4506 3523 4559 exercitus

1949 4599 2054 4652 mei
2077 4597 2140 4652 de
2164 4600 2407 4652 manibus
2439 4599 2576 4668 ejus.
2622 4600 2666 4654 E
2716 4610 2908 4654 contra
2969 4598 3194 4655 Priscus
3224 4615 3239 4653 :
3270 4599 3526 4669 Singidoo

1950 4706 2088 4757 nem,
2127 4691 2325 4761 inquit,
2355 4691 2625 4746 civitatem
2659 4691 2818 4745 redde
2850 4689 3126 4748 Romanis.
3159 4690 3262 4757 Qui
3289 4693 3406 4745 ait:
3445 4689 3522 4744 Tu

1949 4800 2113 4838 unam
2133 4785 2397 4840 civitatem
2419 4803 2450 4838 a
2467 4785 2616 4838 nobis
2637 4785 2850 4839 conaris
2874 4786 3111 4855 accipere
3141 4801 3160 4840 :
3185 4785 3380 4841 videbis
3404 4797 3521 4856 post

1949 4876 2230 4946 paululum
2259 4878 2642 4948 quinquaginta
2681 4878 2926 4932 ciuitates
2954 4875 3221 4932 Romanas
3254 4878 3519 4932 Avaribus

1950 4970 2199 5023 servitute
2224 4969 2493 5023 redactas.
2524 4970 2745 5025 Priscus
2773 4979 2956 5024 autem
2980 4971 3216 5026 navibus
3235 4970 3518 5042 Singidoui

1950 5076 2050 5132 per
2090 5077 2306 5117 amnem
2340 5062 2602 5118 exhibitis
2638 5062 2778 5118 hanc
2825 5062 3190 5135 depopulatus
3218 5075 3338 5128 est,
3369 5075 3426 5120 et
3453 5079 3519 5117 ex

1949 5167 2014 5208 ea
2046 5151 2312 5224 Vulgares
2349 5153 2579 5224 pepulit.

1973 5291 1976 5295 .
2023 5244 2268 5316 Septimo
2297 5245 2513 5302 decimo
2548 5244 2762 5316 imperii
2787 5243 3028 5300 Mauricii
3059 5259 3205 5300 anno
3228 5256 3519 5298 coacerva-

1769 5339 2006 5398 ΝΟΤᾸΞ.

338 5442 452 5510 (i0)
482 5442 888 5512 Satisfaciebat.
920 5440 1126 5512 Glossa:
1152 5458 1166 5495 :
1193 5439 1480 5509 ἀπολογία,
1536 5440 1834 5512 excusatio,

259 5515 536 5585 purgatio.
587 5511 1106 5585 satisfactio._l_line
1165 5511 1614 5585 satisfactionalis
1675 5511 1834 5579 liber,

257 5574 688 5651 Ξιποῖογηέεικός.
724 5574 863 5636 Hist.
911 5581 1058 5649 Trip.
1097 5597 1174 5643 Ix,
1202 5574 1292 5635 25.
1325 5583 1415 5636 Sic
1441 5574 1832 5651 Hieronymum

258 5655 466 5709 alicubi
524 5656 776 5721 posuisse
838 5653 1225 5721 satisfacientes
1265 5666 1364 5722 pro
1409 5663 1720 5705 excusantes
1780 5669 1834 5707 se

257 5735 420 5783 notat
467 5725 534 5779 11.
572 5722 797 5778 Grotius
849 5725 902 5778 in
941 5723 1292 5780 Uiscussione
1329 5722 1599 5780 Rivetiani
1632 5723 1834 5795 Apolo-

1943 5439 2126 5510 getici,
2156 5455 2210 5510 p7.
2237 5437 2328 5492 85.
2359 5435 2525 5510 Εληκ.

2016 5501 2129 5582 (il)
2157 5501 2635 5584 "liiiportaaitibus.
2679 5505 2801 5576 Ipse
2831 5505 2886 5560 in
2917 5503 3194 5584 lljfpontn.
3225 5502 3292 5584 de
3316 5501 3513 5584 ﬁttest.

1943 5573 2175 5651 apocr'.:
2215 5600 2233 5632 ι
2259 5573 2395 5634 Cum
2430 5578 2598 5651 illatis
2649 5573 2870 5651 quoque
2916 5573 3023 5633 illis
3076 5573 3517 5647 importabilibus

1943 5647 2392 5707 tribulationibus
2431 5650 2640 5704 retulit.
2674 5647 2694 5698 i
2743 5647 2814 5705 in.

2013 5722 2123 5794 (42)
2155 5724 2358 5777 Tristis.
2400 5721 2446 5775 E
2477 5731 2608 5777 rate.
2631 5721 2706 5779 ιυ.
