  <div class='ocr_page' id='page_1' title='image "/cluster/home/n/w/nwhite01/storage/ocr_20150623/108/hvd.32044073502320/649.png"; bbox 0 0 3950 6234; ppageno 0'>
   <div class='ocr_carea' id='block_1_1' title="bbox 464 247 596 314">
    <p class='ocr_par' dir='ltr' id='par_1_1' title="bbox 464 247 596 314">
     <span class='ocr_line' id='line_1_1' title="bbox 464 247 596 314; baseline -0.008 0"><span class='ocrx_word' id='word_1_1' title='bbox 464 247 596 314; x_wconf 76' lang='lat'><strong>[287</strong></span> 
     </span>
    </p>
   </div>
   <div class='ocr_carea' id='block_1_2' title="bbox 1552 238 2635 305">
    <p class='ocr_par' dir='ltr' id='par_1_2' title="bbox 1552 238 2635 305">
     <span class='ocr_line' id='line_1_2' title="bbox 1552 238 2635 305; baseline -0.004 0"><span class='ocrx_word' id='word_1_2' title='bbox 1552 242 1913 305; x_wconf 71' lang='lat' dir='ltr'><strong>ANASTASI</strong></span> <span class='ocrx_word' id='word_1_3' title='bbox 1924 244 1950 303; x_wconf 95' lang='grc' dir='ltr'><strong>Ι</strong></span> <span class='ocrx_word' id='word_1_4' title='bbox 2006 238 2635 303; x_wconf 74' lang='lat' dir='ltr'><strong>BIBLIOTHECARII</strong></span> 
     </span>
    </p>
   </div>
   <div class='ocr_carea' id='block_1_3' title="bbox 3586 234 3739 299">
    <p class='ocr_par' dir='ltr' id='par_1_3' title="bbox 3586 234 3739 299">
     <span class='ocr_line' id='line_1_3' title="bbox 3586 234 3739 299; baseline 0 -3"><span class='ocrx_word' id='word_1_5' title='bbox 3586 234 3739 299; x_wconf 72' lang='lat'><strong>1238</strong></span> 
     </span>
    </p>
   </div>
   <div class='ocr_carea' id='block_1_4' title="bbox 459 350 3738 436">
    <p class='ocr_par' dir='ltr' id='par_1_4' title="bbox 459 350 3738 436">
     <span class='ocr_line' id='line_1_4' title="bbox 459 350 3738 436; baseline -0.005 -14"><span class='ocrx_word' id='word_1_6' title='bbox 459 372 534 423; x_wconf 82' lang='lat' dir='ltr'><strong>tis</strong></span> <span class='ocrx_word' id='word_1_7' title='bbox 587 365 866 436; x_wconf 88' lang='lat' dir='ltr'><strong>chaganus</strong></span> <span class='ocrx_word' id='word_1_8' title='bbox 898 359 1272 434; x_wconf 84' lang='lat' dir='ltr'><strong>potentatibus</strong></span> <span class='ocrx_word' id='word_1_9' title='bbox 1304 360 1420 415; x_wconf 89' lang='lat' dir='ltr'><strong>suis</strong></span> <span class='ocrx_word' id='word_1_10' title='bbox 1470 358 1521 413; x_wconf 91' lang='lat' dir='ltr'><strong>in</strong></span> <span class='ocrx_word' id='word_1_11' title='bbox 1552 358 1876 414; x_wconf 73' lang='lat' dir='ltr'><strong>Dalmatiam</strong></span> <span class='ocrx_word' id='word_1_12' title='bbox 1913 373 2037 429; x_wconf 85' lang='lat' dir='ltr'><strong>pro-</strong></span> <span class='ocrx_word' id='word_1_13' title='bbox 2068 364 2111 421; x_wconf 74' lang='grc' dir='ltr'>Α</span> <span class='ocrx_word' id='word_1_14' title='bbox 2142 358 2511 425; x_wconf 73' lang='lat' dir='ltr'><strong>imperatorem</strong></span> <span class='ocrx_word' id='word_1_15' title='bbox 2565 352 2889 407; x_wconf 79' lang='lat' dir='ltr'><strong>Mauricium</strong></span> <span class='ocrx_word' id='word_1_16' title='bbox 2921 366 2937 405; x_wconf 93' lang='lat'><strong><em>:</em></strong></span> <span class='ocrx_word' id='word_1_17' title='bbox 2969 350 3075 419; x_wconf 75' lang='lat' dir='ltr'><strong>ipse</strong></span> <span class='ocrx_word' id='word_1_18' title='bbox 3116 350 3325 420; x_wconf 85' lang='lat' dir='ltr'><strong>quidem</strong></span> <span class='ocrx_word' id='word_1_19' title='bbox 3379 365 3565 417; x_wconf 85' lang='lat' dir='ltr'><strong>pacem</strong></span> <span class='ocrx_word' id='word_1_20' title='bbox 3601 353 3738 405; x_wconf 77' lang='lat' dir='ltr'><strong>dis-</strong></span> 
     </span>
    </p>
   </div>
   <div class='ocr_carea' id='block_1_5' title="bbox 460 451 2035 529">
    <p class='ocr_par' dir='ltr' id='par_1_5' title="bbox 460 451 2035 529">
     <span class='ocr_line' id='line_1_5' title="bbox 460 451 2035 529; baseline -0.004 -16"><span class='ocrx_word' id='word_1_21' title='bbox 460 468 635 529; x_wconf 82' lang='lat' dir='ltr'><strong>perat,</strong></span> <span class='ocrx_word' id='word_1_22' title='bbox 671 465 881 510; x_wconf 84' lang='lat' dir='ltr'><strong>etcum</strong></span> <span class='ocrx_word' id='word_1_23' title='bbox 918 455 1160 508; x_wconf 89' lang='lat' dir='ltr'><strong>venisset</strong></span> <span class='ocrx_word' id='word_1_24' title='bbox 1202 451 1443 517; x_wconf 82' lang='lat' dir='ltr'><strong>Baleam,</strong></span> <span class='ocrx_word' id='word_1_25' title='bbox 1496 452 1860 522; x_wconf 73' lang='lat' dir='ltr'><strong>quadraginta</strong></span> <span class='ocrx_word' id='word_1_26' title='bbox 1893 466 2035 522; x_wconf 83' lang='lat' dir='ltr'><strong>quo-</strong></span> 
     </span>
    </p>
   </div>
   <div class='ocr_carea' id='block_1_6' title="bbox 459 546 2039 620">
    <p class='ocr_par' dir='ltr' id='par_1_6' title="bbox 459 546 2039 620">
     <span class='ocr_line' id='line_1_6' title="bbox 459 546 2039 620; baseline -0.001 -20"><span class='ocrx_word' id='word_1_27' title='bbox 459 564 565 620; x_wconf 86' lang='lat' dir='ltr'><strong>que</strong></span> <span class='ocrx_word' id='word_1_28' title='bbox 587 549 860 609; x_wconf 74' lang='lat' dir='ltr'><strong>civitates,</strong></span> <span class='ocrx_word' id='word_1_29' title='bbox 894 560 1016 614; x_wconf 66' lang='lat' dir='ltr'><strong>qum</strong></span> <span class='ocrx_word' id='word_1_30' title='bbox 1035 546 1184 599; x_wconf 84' lang='lat' dir='ltr'><strong>circa</strong></span> <span class='ocrx_word' id='word_1_31' title='bbox 1223 558 1343 598; x_wconf 87' lang='lat' dir='ltr'><strong>eam</strong></span> <span class='ocrx_word' id='word_1_32' title='bbox 1377 553 1527 610; x_wconf 90' lang='lat' dir='ltr'><strong>sunt,</strong></span> <span class='ocrx_word' id='word_1_33' title='bbox 1562 559 1756 600; x_wconf 89' lang='lat' dir='ltr'><strong>omnes</strong></span> <span class='ocrx_word' id='word_1_34' title='bbox 1794 546 2039 615; x_wconf 83' lang='lat' dir='ltr'><strong>depopu—</strong></span> 
     </span>
    </p>
   </div>
   <div class='ocr_carea' id='block_1_7' title="bbox 460 636 2035 707">
    <p class='ocr_par' dir='ltr' id='par_1_7' title="bbox 460 636 2035 707">
     <span class='ocr_line' id='line_1_7' title="bbox 460 636 2035 707; baseline -0.003 -13"><span class='ocrx_word' id='word_1_35' title='bbox 460 642 607 695; x_wconf 89' lang='lat' dir='ltr'><strong>latus</strong></span> <span class='ocrx_word' id='word_1_36' title='bbox 671 647 776 693; x_wconf 86' lang='lat' dir='ltr'><strong>est.</strong></span> <span class='ocrx_word' id='word_1_37' title='bbox 833 636 1048 702; x_wconf 82' lang='lat' dir='ltr'><strong>Quibus</strong></span> <span class='ocrx_word' id='word_1_38' title='bbox 1116 636 1341 691; x_wconf 87' lang='lat' dir='ltr'><strong>Priscus</strong></span> <span class='ocrx_word' id='word_1_39' title='bbox 1397 636 1597 707; x_wconf 84' lang='lat' dir='ltr'><strong>agnitis</strong></span> <span class='ocrx_word' id='word_1_40' title='bbox 1657 636 1909 691; x_wconf 87' lang='lat' dir='ltr'><strong>Gndobin</strong></span> <span class='ocrx_word' id='word_1_41' title='bbox 1968 637 2035 690; x_wconf 89' lang='lat' dir='ltr'><strong>ad</strong></span> 
     </span>
    </p>
   </div>
   <div class='ocr_carea' id='block_1_8' title="bbox 457 729 2039 802">
    <p class='ocr_par' dir='ltr' id='par_1_8' title="bbox 457 729 2039 802">
     <span class='ocr_line' id='line_1_8' title="bbox 457 729 2039 802; baseline -0.003 -16"><span class='ocrx_word' id='word_1_42' title='bbox 457 731 891 802; x_wconf 75' lang='lat' dir='ltr'><strong>explorationem</strong></span> <span class='ocrx_word' id='word_1_43' title='bbox 951 730 1027 782; x_wconf 87' lang='lat' dir='ltr'><strong>rei</strong></span> <span class='ocrx_word' id='word_1_44' title='bbox 1050 729 1273 782; x_wconf 78' lang='lat' dir='ltr'><strong>direxit.</strong></span> <span class='ocrx_word' id='word_1_45' title='bbox 1304 729 1407 795; x_wconf 90' lang='lat' dir='ltr'><strong>Qui</strong></span> <span class='ocrx_word' id='word_1_46' title='bbox 1470 730 1523 783; x_wconf 93' lang='lat' dir='ltr'><strong>in</strong></span> <span class='ocrx_word' id='word_1_47' title='bbox 1560 730 1702 784; x_wconf 80' lang='lat' dir='ltr'><strong>valle</strong></span> <span class='ocrx_word' id='word_1_48' title='bbox 1729 730 2039 784; x_wconf 83' lang='lat' dir='ltr'><strong>occultatur</strong></span> 
     </span>
    </p>
   </div>
   <div class='ocr_carea' id='block_1_9' title="bbox 464 821 2040 894">
    <p class='ocr_par' dir='ltr' id='par_1_9' title="bbox 464 821 2040 894">
     <span class='ocr_line' id='line_1_9' title="bbox 464 821 2040 894; baseline -0.001 -17"><span class='ocrx_word' id='word_1_49' title='bbox 464 824 688 894; x_wconf 87' lang='lat' dir='ltr'><strong>pusilla,</strong></span> <span class='ocrx_word' id='word_1_50' title='bbox 719 832 777 875; x_wconf 77' lang='lat' dir='ltr'><strong>et</strong></span> <span class='ocrx_word' id='word_1_51' title='bbox 800 822 1045 876; x_wconf 85' lang='lat' dir='ltr'><strong>diluculo</strong></span> <span class='ocrx_word' id='word_1_52' title='bbox 1096 823 1149 875; x_wconf 93' lang='lat' dir='ltr'><strong>in</strong></span> <span class='ocrx_word' id='word_1_53' title='bbox 1191 822 1355 876; x_wconf 86' lang='lat' dir='ltr'><strong>dorsa</strong></span> <span class='ocrx_word' id='word_1_54' title='bbox 1389 836 1581 876; x_wconf 90' lang='lat' dir='ltr'><strong>eorum</strong></span> <span class='ocrx_word' id='word_1_55' title='bbox 1623 821 1854 876; x_wconf 70' lang='lat' dir='ltr'><strong>ell’ectus</strong></span> <span class='ocrx_word' id='word_1_56' title='bbox 1893 822 2040 875; x_wconf 89' lang='lat' dir='ltr'><strong>illico</strong></span> 
     </span>
    </p>
   </div>
   <div class='ocr_carea' id='block_1_10' title="bbox 463 909 2040 984">
    <p class='ocr_par' dir='ltr' id='par_1_10' title="bbox 463 909 2040 984">
     <span class='ocr_line' id='line_1_10' title="bbox 463 909 2040 984; baseline 0.001 -15"><span class='ocrx_word' id='word_1_57' title='bbox 463 909 997 984; x_wconf 78' lang='lat' dir='ltr'><strong>cunctos&#39;pcremit,</strong></span> <span class='ocrx_word' id='word_1_58' title='bbox 1059 922 1113 968; x_wconf 90' lang='lat' dir='ltr'><strong>et</strong></span> <span class='ocrx_word' id='word_1_59' title='bbox 1148 926 1427 983; x_wconf 83' lang='lat' dir='ltr'><strong>acceptam</strong></span> <span class='ocrx_word' id='word_1_60' title='bbox 1474 915 1712 984; x_wconf 66' lang='lat' dir='ltr'><strong>praedam</strong></span> <span class='ocrx_word' id='word_1_61' title='bbox 1767 916 1923 970; x_wconf 84' lang='lat' dir='ltr'><strong>duxit</strong></span> <span class='ocrx_word' id='word_1_62' title='bbox 1972 916 2040 972; x_wconf 86' lang='lat' dir='ltr'><strong>ad</strong></span> 
     </span>
    </p>
   </div>
   <div class='ocr_carea' id='block_1_11' title="bbox 465 1004 2040 1077">
    <p class='ocr_par' dir='ltr' id='par_1_11' title="bbox 465 1004 2040 1077">
     <span class='ocr_line' id='line_1_11' title="bbox 465 1004 2040 1077; baseline 0.003 -18"><span class='ocrx_word' id='word_1_63' title='bbox 465 1006 736 1062; x_wconf 83' lang='lat' dir='ltr'><strong>Priscum.</strong></span> <span class='ocrx_word' id='word_1_64' title='bbox 794 1004 966 1060; x_wconf 86' lang='lat' dir='ltr'><strong>Porro</strong></span> <span class='ocrx_word' id='word_1_65' title='bbox 1005 1008 1286 1075; x_wconf 89' lang='lat' dir='ltr'><strong>cbaganus</strong></span> <span class='ocrx_word' id='word_1_66' title='bbox 1330 1008 1637 1061; x_wconf 81' lang='lat' dir='ltr'><strong>infortunio</strong></span> <span class='ocrx_word' id='word_1_67' title='bbox 1666 1016 1949 1077; x_wconf 91' lang='lat' dir='ltr'><strong>comperto</strong></span> <span class='ocrx_word' id='word_1_68' title='bbox 1985 1009 2040 1062; x_wconf 91' lang='lat' dir='ltr'><strong>in</strong></span> 
     </span>
    </p>
   </div>
   <div class='ocr_carea' id='block_1_12' title="bbox 460 1098 2039 1172">
    <p class='ocr_par' dir='ltr' id='par_1_12' title="bbox 460 1098 2039 1172">
     <span class='ocr_line' id='line_1_12' title="bbox 460 1098 2039 1172; baseline 0.003 -20"><span class='ocrx_word' id='word_1_69' title='bbox 460 1099 737 1168; x_wconf 68' lang='lat' dir='ltr'><strong>regionem</strong></span> <span class='ocrx_word' id='word_1_70' title='bbox 768 1114 926 1153; x_wconf 87' lang='lat' dir='ltr'><strong>suam</strong></span> <span class='ocrx_word' id='word_1_71' title='bbox 957 1114 1219 1153; x_wconf 89' lang='lat' dir='ltr'><strong>reversus</strong></span> <span class='ocrx_word' id='word_1_72' title='bbox 1251 1107 1357 1165; x_wconf 88' lang='lat' dir='ltr'><strong>est,</strong></span> <span class='ocrx_word' id='word_1_73' title='bbox 1383 1107 1437 1154; x_wconf 87' lang='lat' dir='ltr'><strong>et</strong></span> <span class='ocrx_word' id='word_1_74' title='bbox 1462 1098 1685 1155; x_wconf 83' lang='lat' dir='ltr'><strong>Priscus</strong></span> <span class='ocrx_word' id='word_1_75' title='bbox 1705 1103 1771 1154; x_wconf 88' lang='lat' dir='ltr'><strong>ad</strong></span> <span class='ocrx_word' id='word_1_76' title='bbox 1798 1102 2039 1172; x_wconf 86' lang='lat' dir='ltr'><strong>propria.</strong></span> 
     </span>
    </p>
   </div>
   <div class='ocr_carea' id='block_1_13' title="bbox 536 1189 2040 1255">
    <p class='ocr_par' dir='ltr' id='par_1_13' title="bbox 536 1189 2040 1255">
     <span class='ocr_line' id='line_1_13' title="bbox 536 1189 2040 1255; baseline 0.003 -13"><span class='ocrx_word' id='word_1_77' title='bbox 536 1189 725 1244; x_wconf 83' lang='lat' dir='ltr'><strong>Mundi</strong></span> <span class='ocrx_word' id='word_1_78' title='bbox 753 1190 1075 1254; x_wconf 76' lang='lat' dir='ltr'><strong>anuo6092,</strong></span> <span class='ocrx_word' id='word_1_79' title='bbox 1097 1191 1296 1245; x_wconf 74' lang='lat' dir='ltr'><strong>divina:</strong></span> <span class='ocrx_word' id='word_1_80' title='bbox 1324 1191 1722 1246; x_wconf 84' lang='lat' dir='ltr'><strong>incarnationis</strong></span> <span class='ocrx_word' id='word_1_81' title='bbox 1751 1208 1896 1246; x_wconf 87' lang='lat' dir='ltr'><strong>anno</strong></span> <span class='ocrx_word' id='word_1_82' title='bbox 1916 1193 2040 1255; x_wconf 72' lang='lat'><strong>599..</strong></span> 
     </span>
    </p>
   </div>
   <div class='ocr_carea' id='block_1_14' title="bbox 465 1281 2042 1353">
    <p class='ocr_par' dir='ltr' id='par_1_14' title="bbox 465 1281 2042 1353">
     <span class='ocr_line' id='line_1_14' title="bbox 465 1281 2042 1353; baseline 0.005 -19"><span class='ocrx_word' id='word_1_83' title='bbox 465 1282 771 1350; x_wconf 82' lang='lat' dir='ltr'><strong>imperante</strong></span> <span class='ocrx_word' id='word_1_84' title='bbox 816 1281 1079 1337; x_wconf 80' lang='lat' dir='ltr'><strong>Mauricio</strong></span> <span class='ocrx_word' id='word_1_85' title='bbox 1117 1282 1187 1335; x_wconf 68' lang='lat'><strong>18</strong></span> <span class='ocrx_word' id='word_1_86' title='bbox 1227 1297 1393 1350; x_wconf 90' lang='lat' dir='ltr'><strong>anno,</strong></span> <span class='ocrx_word' id='word_1_87' title='bbox 1468 1284 1702 1353; x_wconf 86' lang='lat' dir='ltr'><strong>sumptis</strong></span> <span class='ocrx_word' id='word_1_88' title='bbox 1746 1286 2042 1342; x_wconf 83' lang='lat' dir='ltr'><strong>virtutibus</strong></span> 
     </span>
    </p>
   </div>
   <div class='ocr_carea' id='block_1_15' title="bbox 460 1370 2047 1444">
    <p class='ocr_par' dir='ltr' id='par_1_15' title="bbox 460 1370 2047 1444">
     <span class='ocr_line' id='line_1_15' title="bbox 460 1370 2047 1444; baseline 0.004 -19"><span class='ocrx_word' id='word_1_89' title='bbox 460 1371 687 1428; x_wconf 85' lang='lat' dir='ltr'><strong>Priscus</strong></span> <span class='ocrx_word' id='word_1_90' title='bbox 733 1370 1092 1442; x_wconf 75' lang='lat' dir='ltr'><strong>Singidbnem</strong></span> <span class='ocrx_word' id='word_1_91' title='bbox 1150 1374 1347 1428; x_wconf 87' lang='lat' dir='ltr'><strong>venit:</strong></span> <span class='ocrx_word' id='word_1_92' title='bbox 1404 1374 1686 1444; x_wconf 85' lang='lat' dir='ltr'><strong>chagauus</strong></span> <span class='ocrx_word' id='word_1_93' title='bbox 1730 1392 1861 1430; x_wconf 89' lang='lat' dir='ltr'><strong>vero</strong></span> <span class='ocrx_word' id='word_1_94' title='bbox 1912 1392 2047 1431; x_wconf 87' lang='lat' dir='ltr'><strong>con-</strong></span> 
     </span>
    </p>
   </div>
   <div class='ocr_carea' id='block_1_16' title="bbox 461 1467 2046 1539">
    <p class='ocr_par' dir='ltr' id='par_1_16' title="bbox 461 1467 2046 1539">
     <span class='ocr_line' id='line_1_16' title="bbox 461 1467 2046 1539; baseline 0.003 -20"><span class='ocrx_word' id='word_1_95' title='bbox 461 1476 687 1536; x_wconf 75' lang='lat' dir='ltr'><strong>gregato</strong></span> <span class='ocrx_word' id='word_1_96' title='bbox 736 1467 962 1537; x_wconf 89' lang='lat' dir='ltr'><strong>proprio</strong></span> <span class='ocrx_word' id='word_1_97' title='bbox 1014 1476 1296 1537; x_wconf 86' lang='lat' dir='ltr'><strong>potentatu</strong></span> <span class='ocrx_word' id='word_1_98' title='bbox 1329 1468 1518 1523; x_wconf 91' lang='lat' dir='ltr'><strong>subito</strong></span> <span class='ocrx_word' id='word_1_99' title='bbox 1560 1467 1745 1539; x_wconf 73' lang='lat' dir='ltr'><strong>Mysia:</strong></span> <span class='ocrx_word' id='word_1_100' title='bbox 1784 1470 1961 1534; x_wconf 82' lang='lat' dir='ltr'><strong>adest,</strong></span> <span class='ocrx_word' id='word_1_101' title='bbox 1991 1481 2046 1526; x_wconf 88' lang='lat' dir='ltr'><strong>et</strong></span> 
     </span>
    </p>
   </div>
   <div class='ocr_carea' id='block_1_17' title="bbox 461 1558 2045 1632">
    <p class='ocr_par' dir='ltr' id='par_1_17' title="bbox 461 1558 2045 1632">
     <span class='ocr_line' id='line_1_17' title="bbox 461 1558 2045 1632; baseline 0.004 -21"><span class='ocrx_word' id='word_1_102' title='bbox 461 1558 719 1612; x_wconf 87' lang='lat' dir='ltr'><strong>&#39;l‘omeam</strong></span> <span class='ocrx_word' id='word_1_103' title='bbox 754 1562 944 1615; x_wconf 87' lang='lat' dir='ltr'><strong>urbem</strong></span> <span class='ocrx_word' id='word_1_104' title='bbox 984 1575 1185 1631; x_wconf 85' lang='lat' dir='ltr'><strong>capere</strong></span> <span class='ocrx_word' id='word_1_105' title='bbox 1246 1560 1463 1615; x_wconf 89' lang='lat' dir='ltr'><strong>nititur.</strong></span> <span class='ocrx_word' id='word_1_106' title='bbox 1498 1560 1791 1632; x_wconf 90' lang='lat' dir='ltr'><strong>Propterea</strong></span> <span class='ocrx_word' id='word_1_107' title='bbox 1824 1563 2045 1618; x_wconf 84' lang='lat' dir='ltr'><strong>Priscus</strong></span> 
     </span>
    </p>
   </div>
   <div class='ocr_carea' id='block_1_18' title="bbox 465 1651 2041 1723">
    <p class='ocr_par' dir='ltr' id='par_1_18' title="bbox 465 1651 2041 1723">
     <span class='ocr_line' id='line_1_18' title="bbox 465 1651 2041 1723; baseline 0.002 -19"><span class='ocrx_word' id='word_1_108' title='bbox 465 1651 765 1722; x_wconf 80' lang='lat' dir='ltr'><strong>Singidoue</strong></span> <span class='ocrx_word' id='word_1_109' title='bbox 815 1654 1009 1707; x_wconf 88' lang='lat' dir='ltr'><strong>relicta</strong></span> <span class='ocrx_word' id='word_1_110' title='bbox 1063 1654 1193 1708; x_wconf 88' lang='lat' dir='ltr'><strong>huic</strong></span> <span class='ocrx_word' id='word_1_111' title='bbox 1248 1652 1485 1709; x_wconf 81' lang='lat' dir='ltr'><strong>ellicitur</strong></span> <span class='ocrx_word' id='word_1_112' title='bbox 1542 1656 1851 1723; x_wconf 85' lang='lat' dir='ltr'><strong>proximus.</strong></span> <span class='ocrx_word' id='word_1_113' title='bbox 1906 1656 2041 1710; x_wconf 78' lang='lat' dir='ltr'><strong>Cum</strong></span> 
     </span>
    </p>
   </div>
   <div class='ocr_carea' id='block_1_19' title="bbox 459 1744 2041 1813">
    <p class='ocr_par' dir='ltr' id='par_1_19' title="bbox 459 1744 2041 1813">
     <span class='ocr_line' id='line_1_19' title="bbox 459 1744 2041 1813; baseline 0.003 -17"><span class='ocrx_word' id='word_1_114' title='bbox 459 1752 639 1797; x_wconf 84' lang='lat' dir='ltr'><strong>autem</strong></span> <span class='ocrx_word' id='word_1_115' title='bbox 682 1745 963 1813; x_wconf 83' lang='lat' dir='ltr'><strong>paschalis</strong></span> <span class='ocrx_word' id='word_1_116' title='bbox 1020 1744 1293 1801; x_wconf 79' lang='lat' dir='ltr'><strong>festivitas</strong></span> <span class='ocrx_word' id='word_1_117' title='bbox 1351 1746 1647 1800; x_wconf 83' lang='lat' dir='ltr'><strong>haberetur</strong></span> <span class='ocrx_word' id='word_1_118' title='bbox 1706 1758 1759 1801; x_wconf 91' lang='lat' dir='ltr'><strong>et</strong></span> <span class='ocrx_word' id='word_1_119' title='bbox 1806 1746 2041 1801; x_wconf 80' lang='lat' dir='ltr'><strong>Romani</strong></span> 
     </span>
    </p>
   </div>
   <div class='ocr_carea' id='block_1_20' title="bbox 462 1834 2046 1908">
    <p class='ocr_par' dir='ltr' id='par_1_20' title="bbox 462 1834 2046 1908">
     <span class='ocr_line' id='line_1_20' title="bbox 462 1834 2046 1908; baseline 0.004 -23"><span class='ocrx_word' id='word_1_120' title='bbox 462 1834 604 1888; x_wconf 74' lang='lat' dir='ltr'><strong>fame</strong></span> <span class='ocrx_word' id='word_1_121' title='bbox 632 1836 999 1901; x_wconf 86' lang='lat' dir='ltr'><strong>tabescerent,</strong></span> <span class='ocrx_word' id='word_1_122' title='bbox 1025 1835 1258 1891; x_wconf 89' lang='lat' dir='ltr'><strong>audiens</strong></span> <span class='ocrx_word' id='word_1_123' title='bbox 1305 1836 1584 1907; x_wconf 82' lang='lat' dir='ltr'><strong>cbaganus</strong></span> <span class='ocrx_word' id='word_1_124' title='bbox 1610 1835 1801 1893; x_wconf 89' lang='lat' dir='ltr'><strong>Prisco</strong></span> <span class='ocrx_word' id='word_1_125' title='bbox 1836 1839 2046 1908; x_wconf 79' lang='lat' dir='ltr'><strong>signiﬁ-</strong></span> 
     </span>
    </p>
   </div>
   <div class='ocr_carea' id='block_1_21' title="bbox 461 1927 2046 2000">
    <p class='ocr_par' dir='ltr' id='par_1_21' title="bbox 461 1927 2046 2000">
     <span class='ocr_line' id='line_1_21' title="bbox 461 1927 2046 2000; baseline 0.004 -21"><span class='ocrx_word' id='word_1_126' title='bbox 461 1927 619 1980; x_wconf 86' lang='lat' dir='ltr'><strong>cabat</strong></span> <span class='ocrx_word' id='word_1_127' title='bbox 659 1935 719 1980; x_wconf 89' lang='lat' dir='ltr'><strong>ut</strong></span> <span class='ocrx_word' id='word_1_128' title='bbox 750 1929 853 1980; x_wconf 83' lang='lat' dir='ltr'><strong>sibi</strong></span> <span class='ocrx_word' id='word_1_129' title='bbox 889 1928 1138 1997; x_wconf 89' lang='lat' dir='ltr'><strong>plaustra</strong></span> <span class='ocrx_word' id='word_1_130' title='bbox 1182 1929 1422 1983; x_wconf 88' lang='lat' dir='ltr'><strong>mitteret</strong></span> <span class='ocrx_word' id='word_1_131' title='bbox 1465 1928 1531 1983; x_wconf 90' lang='lat' dir='ltr'><strong>ad</strong></span> <span class='ocrx_word' id='word_1_132' title='bbox 1562 1929 1898 2000; x_wconf 88' lang='lat' dir='ltr'><strong>deportanda</strong></span> <span class='ocrx_word' id='word_1_133' title='bbox 1936 1932 2046 1985; x_wconf 89' lang='lat' dir='ltr'><strong>illis</strong></span> 
     </span>
    </p>
   </div>
   <div class='ocr_carea' id='block_1_22' title="bbox 463 2020 2048 2094">
    <p class='ocr_par' dir='ltr' id='par_1_22' title="bbox 463 2020 2048 2094">
     <span class='ocr_line' id='line_1_22' title="bbox 463 2020 2048 2094; baseline 0.004 -23"><span class='ocrx_word' id='word_1_134' title='bbox 463 2020 745 2084; x_wconf 86' lang='lat' dir='ltr'><strong>alimenta,</strong></span> <span class='ocrx_word' id='word_1_135' title='bbox 776 2029 1055 2089; x_wconf 85' lang='lat' dir='ltr'><strong>quatenus</strong></span> <span class='ocrx_word' id='word_1_136' title='bbox 1086 2038 1208 2074; x_wconf 87' lang='lat' dir='ltr'><strong>cum</strong></span> <span class='ocrx_word' id='word_1_137' title='bbox 1238 2021 1513 2075; x_wconf 89' lang='lat' dir='ltr'><strong>hilaritate</strong></span> <span class='ocrx_word' id='word_1_138' title='bbox 1542 2021 1890 2077; x_wconf 82' lang='lat' dir='ltr'><strong>festivitatem</strong></span> <span class='ocrx_word' id='word_1_139' title='bbox 1923 2040 2048 2094; x_wconf 89' lang='lat' dir='ltr'><strong>pro-</strong></span> 
     </span>
    </p>
   </div>
   <div class='ocr_carea' id='block_1_23' title="bbox 464 2112 2045 2188">
    <p class='ocr_par' dir='ltr' id='par_1_23' title="bbox 464 2112 2045 2188">
     <span class='ocr_line' id='line_1_23' title="bbox 464 2112 2045 2188; baseline 0.006 -25"><span class='ocrx_word' id='word_1_140' title='bbox 464 2112 638 2181; x_wconf 88' lang='lat' dir='ltr'><strong>priam</strong></span> <span class='ocrx_word' id='word_1_141' title='bbox 684 2114 1048 2167; x_wconf 65' lang='lat' dir='ltr'><strong>celebrarent.</strong></span> <span class='ocrx_word' id='word_1_142' title='bbox 1099 2114 1166 2168; x_wconf 60' lang='lat'><strong>40</strong></span> <span class='ocrx_word' id='word_1_143' title='bbox 1221 2114 1405 2185; x_wconf 83' lang='lat' dir='ltr'><strong>itaque</strong></span> <span class='ocrx_word' id='word_1_144' title='bbox 1459 2117 1703 2187; x_wconf 88' lang='lat' dir='ltr'><strong>plaustra</strong></span> <span class='ocrx_word' id='word_1_145' title='bbox 1749 2118 1909 2188; x_wconf 87' lang='lat' dir='ltr'><strong>plena</strong></span> <span class='ocrx_word' id='word_1_146' title='bbox 1960 2119 2045 2174; x_wconf 90' lang='lat' dir='ltr'><strong>bis</strong></span> 
     </span>
    </p>
   </div>
   <div class='ocr_carea' id='block_1_24' title="bbox 463 2203 2049 2277">
    <p class='ocr_par' dir='ltr' id='par_1_24' title="bbox 463 2203 2049 2277">
     <span class='ocr_line' id='line_1_24' title="bbox 463 2203 2049 2277; baseline 0.004 -21"><span class='ocrx_word' id='word_1_147' title='bbox 463 2203 648 2257; x_wconf 85' lang='lat' dir='ltr'><strong>mittit.</strong></span> <span class='ocrx_word' id='word_1_148' title='bbox 675 2205 797 2258; x_wconf 85' lang='lat' dir='ltr'><strong>Pari</strong></span> <span class='ocrx_word' id='word_1_149' title='bbox 832 2206 996 2259; x_wconf 84' lang='lat' dir='ltr'><strong>modo</strong></span> <span class='ocrx_word' id='word_1_150' title='bbox 1040 2215 1095 2259; x_wconf 79' lang='lat' dir='ltr'><strong>et</strong></span> <span class='ocrx_word' id='word_1_151' title='bbox 1144 2206 1366 2264; x_wconf 85' lang='lat' dir='ltr'><strong>Priscus</strong></span> <span class='ocrx_word' id='word_1_152' title='bbox 1408 2210 1625 2277; x_wconf 87' lang='lat' dir='ltr'><strong>species</strong></span> <span class='ocrx_word' id='word_1_153' title='bbox 1664 2210 1883 2265; x_wconf 88' lang='lat' dir='ltr'><strong>Indicas</strong></span> <span class='ocrx_word' id='word_1_154' title='bbox 1922 2211 2049 2263; x_wconf 89' lang='lat' dir='ltr'><strong>bar-</strong></span> 
     </span>
    </p>
   </div>
   <div class='ocr_carea' id='block_1_25' title="bbox 464 2298 2045 2370">
    <p class='ocr_par' dir='ltr' id='par_1_25' title="bbox 464 2298 2045 2370">
     <span class='ocr_line' id='line_1_25' title="bbox 464 2298 2045 2370; baseline 0.002 -17"><span class='ocrx_word' id='word_1_155' title='bbox 464 2298 601 2353; x_wconf 85' lang='lat' dir='ltr'><strong>baro</strong></span> <span class='ocrx_word' id='word_1_156' title='bbox 655 2299 920 2368; x_wconf 89' lang='lat' dir='ltr'><strong>quasdam</strong></span> <span class='ocrx_word' id='word_1_157' title='bbox 959 2300 1191 2362; x_wconf 80' lang='lat' dir='ltr'><strong>remisit,</strong></span> <span class='ocrx_word' id='word_1_158' title='bbox 1244 2301 1401 2370; x_wconf 83' lang='lat' dir='ltr'><strong>piper</strong></span> <span class='ocrx_word' id='word_1_159' title='bbox 1442 2301 1697 2357; x_wconf 86' lang='lat' dir='ltr'><strong>videlicet</strong></span> <span class='ocrx_word' id='word_1_160' title='bbox 1740 2311 1794 2358; x_wconf 91' lang='lat' dir='ltr'><strong>et</strong></span> <span class='ocrx_word' id='word_1_161' title='bbox 1853 2302 2045 2356; x_wconf 82' lang='lat' dir='ltr'><strong>lolium</strong></span> 
     </span>
    </p>
   </div>
   <div class='ocr_carea' id='block_1_26' title="bbox 463 2390 2050 2465">
    <p class='ocr_par' dir='ltr' id='par_1_26' title="bbox 463 2390 2050 2465">
     <span class='ocr_line' id='line_1_26' title="bbox 463 2390 2050 2465; baseline 0.006 -23"><span class='ocrx_word' id='word_1_162' title='bbox 463 2390 708 2445; x_wconf 83' lang='lat' dir='ltr'><strong>Indicum</strong></span> <span class='ocrx_word' id='word_1_163' title='bbox 760 2400 814 2446; x_wconf 89' lang='lat' dir='ltr'><strong>et</strong></span> <span class='ocrx_word' id='word_1_164' title='bbox 848 2400 1065 2445; x_wconf 90' lang='lat' dir='ltr'><strong>costum</strong></span> <span class='ocrx_word' id='word_1_165' title='bbox 1119 2401 1173 2446; x_wconf 91' lang='lat' dir='ltr'><strong>et</strong></span> <span class='ocrx_word' id='word_1_166' title='bbox 1220 2394 1458 2449; x_wconf 85' lang='lat' dir='ltr'><strong>cassiam</strong></span> <span class='ocrx_word' id='word_1_167' title='bbox 1525 2404 1689 2465; x_wconf 88' lang='lat' dir='ltr'><strong>atque</strong></span> <span class='ocrx_word' id='word_1_168' title='bbox 1734 2395 1836 2449; x_wconf 91' lang='lat' dir='ltr'><strong>alia</strong></span> <span class='ocrx_word' id='word_1_169' title='bbox 1870 2412 1933 2450; x_wconf 82' lang='lat' dir='ltr'><strong>ex</strong></span> <span class='ocrx_word' id='word_1_170' title='bbox 1967 2396 2050 2452; x_wconf 89' lang='lat' dir='ltr'><strong>bis</strong></span> 
     </span>
    </p>
   </div>
   <div class='ocr_carea' id='block_1_27' title="bbox 461 2485 2050 2556">
    <p class='ocr_par' dir='ltr' id='par_1_27' title="bbox 461 2485 2050 2556">
     <span class='ocr_line' id='line_1_27' title="bbox 461 2485 2050 2556; baseline 0.004 -22"><span class='ocrx_word' id='word_1_171' title='bbox 461 2498 584 2553; x_wconf 73' lang='lat' dir='ltr'><strong>qua-</strong></span> <span class='ocrx_word' id='word_1_172' title='bbox 618 2492 960 2552; x_wconf 74' lang='lat' dir='ltr'><strong>quaeruntur,</strong></span> <span class='ocrx_word' id='word_1_173' title='bbox 988 2498 1112 2537; x_wconf 88' lang='lat' dir='ltr'><strong>cum</strong></span> <span class='ocrx_word' id='word_1_174' title='bbox 1180 2485 1470 2555; x_wconf 85' lang='lat' dir='ltr'><strong>Chagauus</strong></span> <span class='ocrx_word' id='word_1_175' title='bbox 1502 2487 1641 2556; x_wconf 86' lang='lat' dir='ltr'><strong>apud</strong></span> <span class='ocrx_word' id='word_1_176' title='bbox 1672 2487 1932 2541; x_wconf 88' lang='lat' dir='ltr'><strong>Sirmium</strong></span> <span class='ocrx_word' id='word_1_177' title='bbox 1961 2503 2050 2542; x_wconf 89' lang='lat' dir='ltr'><strong>re-</strong></span> 
     </span>
    </p>
   </div>
   <div class='ocr_carea' id='block_1_28' title="bbox 461 2574 2052 2648">
    <p class='ocr_par' dir='ltr' id='par_1_28' title="bbox 461 2574 2052 2648">
     <span class='ocr_line' id='line_1_28' title="bbox 461 2574 2052 2648; baseline 0.004 -23"><span class='ocrx_word' id='word_1_178' title='bbox 461 2574 696 2627; x_wconf 86' lang='lat' dir='ltr'><strong>sideret.</strong></span> <span class='ocrx_word' id='word_1_179' title='bbox 724 2575 829 2639; x_wconf 84' lang='lat' dir='ltr'><strong>Qui</strong></span> <span class='ocrx_word' id='word_1_180' title='bbox 860 2576 1099 2643; x_wconf 83' lang='lat' dir='ltr'><strong>receptis</strong></span> <span class='ocrx_word' id='word_1_181' title='bbox 1132 2574 1213 2628; x_wconf 80' lang='lat' dir='ltr'><strong>bis</strong></span> <span class='ocrx_word' id='word_1_182' title='bbox 1282 2580 1506 2645; x_wconf 77' lang='lat' dir='ltr'><strong>gavisus</strong></span> <span class='ocrx_word' id='word_1_183' title='bbox 1529 2586 1612 2633; x_wconf 38' lang='lat' dir='ltr'><strong>est.</strong></span> <span class='ocrx_word' id='word_1_184' title='bbox 1643 2594 1809 2648; x_wconf 85' lang='lat' dir='ltr'><strong>super</strong></span> <span class='ocrx_word' id='word_1_185' title='bbox 1841 2582 1957 2643; x_wconf 91' lang='lat' dir='ltr'><strong>cis;</strong></span> <span class='ocrx_word' id='word_1_186' title='bbox 1987 2582 2052 2643; x_wconf 72' lang='grc' dir='ltr'><strong>τοι</strong></span> 
     </span>
    </p>
   </div>
   <div class='ocr_carea' id='block_1_29' title="bbox 460 2663 2039 2732">
    <p class='ocr_par' dir='ltr' id='par_1_29' title="bbox 460 2663 2039 2732">
     <span class='ocr_line' id='line_1_29' title="bbox 460 2663 2039 2732; baseline 0.004 -16"><span class='ocrx_word' id='word_1_187' title='bbox 460 2667 637 2717; x_wconf 88' lang='lat' dir='ltr'><strong>donec</strong></span> <span class='ocrx_word' id='word_1_188' title='bbox 671 2664 1038 2731; x_wconf 84' lang='lat' dir='ltr'><strong>cumpleretur</strong></span> <span class='ocrx_word' id='word_1_189' title='bbox 1067 2664 1185 2718; x_wconf 86' lang='lat' dir='ltr'><strong>dies</strong></span> <span class='ocrx_word' id='word_1_190' title='bbox 1214 2663 1404 2732; x_wconf 84' lang='lat' dir='ltr'><strong>festus,</strong></span> <span class='ocrx_word' id='word_1_191' title='bbox 1446 2667 1679 2721; x_wconf 84' lang='lat' dir='ltr'><strong>Romani</strong></span> <span class='ocrx_word' id='word_1_192' title='bbox 1710 2683 1773 2722; x_wconf 89' lang='lat' dir='ltr'><strong>ac</strong></span> <span class='ocrx_word' id='word_1_193' title='bbox 1809 2668 2039 2722; x_wconf 85' lang='lat' dir='ltr'><strong>Barbari</strong></span> 
     </span>
    </p>
   </div>
   <div class='ocr_carea' id='block_1_30' title="bbox 467 2755 2048 2828">
    <p class='ocr_par' dir='ltr' id='par_1_30' title="bbox 467 2755 2048 2828">
     <span class='ocr_line' id='line_1_30' title="bbox 467 2755 2048 2828; baseline 0.003 -21"><span class='ocrx_word' id='word_1_194' title='bbox 467 2755 675 2824; x_wconf 84' lang='lat' dir='ltr'><strong>pariter</strong></span> <span class='ocrx_word' id='word_1_195' title='bbox 708 2755 1061 2818; x_wconf 81' lang='lat' dir='ltr'><strong>habitabant,</strong></span> <span class='ocrx_word' id='word_1_196' title='bbox 1094 2762 1147 2807; x_wconf 90' lang='lat' dir='ltr'><strong>et</strong></span> <span class='ocrx_word' id='word_1_197' title='bbox 1176 2771 1283 2809; x_wconf 90' lang='lat' dir='ltr'><strong>non</strong></span> <span class='ocrx_word' id='word_1_198' title='bbox 1320 2765 1440 2810; x_wconf 87' lang='lat' dir='ltr'><strong>erat</strong></span> <span class='ocrx_word' id='word_1_199' title='bbox 1469 2758 1521 2811; x_wconf 91' lang='lat' dir='ltr'><strong>in</strong></span> <span class='ocrx_word' id='word_1_200' title='bbox 1556 2758 1842 2828; x_wconf 87' lang='lat' dir='ltr'><strong>utriusque</strong></span> <span class='ocrx_word' id='word_1_201' title='bbox 1875 2759 2048 2812; x_wconf 78' lang='lat' dir='ltr'><strong>virtu-</strong></span> 
     </span>
    </p>
   </div>
   <div class='ocr_carea' id='block_1_31' title="bbox 469 2847 2043 2921">
    <p class='ocr_par' dir='ltr' id='par_1_31' title="bbox 469 2847 2043 2921">
     <span class='ocr_line' id='line_1_31' title="bbox 469 2847 2043 2921; baseline 0.003 -20"><span class='ocrx_word' id='word_1_202' title='bbox 469 2848 619 2902; x_wconf 87' lang='lat' dir='ltr'><strong>tibus</strong></span> <span class='ocrx_word' id='word_1_203' title='bbox 652 2847 835 2900; x_wconf 91' lang='lat' dir='ltr'><strong>timor.</strong></span> <span class='ocrx_word' id='word_1_204' title='bbox 861 2849 1110 2918; x_wconf 82' lang='lat' dir='ltr'><strong>Cumque</strong></span> <span class='ocrx_word' id='word_1_205' title='bbox 1139 2848 1335 2903; x_wconf 79' lang='lat' dir='ltr'><strong>fuisset</strong></span> <span class='ocrx_word' id='word_1_206' title='bbox 1367 2850 1484 2904; x_wconf 91' lang='lat' dir='ltr'><strong>dies</strong></span> <span class='ocrx_word' id='word_1_207' title='bbox 1517 2851 1690 2905; x_wconf 79' lang='lat' dir='ltr'><strong>festus</strong></span> <span class='ocrx_word' id='word_1_208' title='bbox 1715 2852 2043 2921; x_wconf 85' lang='lat' dir='ltr'><strong>completus,</strong></span> 
     </span>
    </p>
   </div>
   <div class='ocr_carea' id='block_1_32' title="bbox 466 2939 2047 3013">
    <p class='ocr_par' dir='ltr' id='par_1_32' title="bbox 466 2939 2047 3013">
     <span class='ocr_line' id='line_1_32' title="bbox 466 2939 2047 3013; baseline 0.004 -20"><span class='ocrx_word' id='word_1_209' title='bbox 466 2939 693 2995; x_wconf 84' lang='lat' dir='ltr'><strong>Barbari</strong></span> <span class='ocrx_word' id='word_1_210' title='bbox 728 2942 969 3011; x_wconf 86' lang='lat' dir='ltr'><strong>separati</strong></span> <span class='ocrx_word' id='word_1_211' title='bbox 1004 2951 1135 2996; x_wconf 90' lang='lat' dir='ltr'><strong>sunt</strong></span> <span class='ocrx_word' id='word_1_212' title='bbox 1166 2957 1193 2994; x_wconf 91' lang='lat' dir='ltr'><strong>a</strong></span> <span class='ocrx_word' id='word_1_213' title='bbox 1228 2942 1516 3010; x_wconf 78' lang='lat' dir='ltr'><strong>Romanis,</strong></span> <span class='ocrx_word' id='word_1_214' title='bbox 1550 2953 1605 2997; x_wconf 92' lang='lat' dir='ltr'><strong>et</strong></span> <span class='ocrx_word' id='word_1_215' title='bbox 1637 2942 1919 3013; x_wconf 86' lang='lat' dir='ltr'><strong>Drizipera</strong></span> <span class='ocrx_word' id='word_1_216' title='bbox 1956 2960 2047 2999; x_wconf 76' lang='lat' dir='ltr'><strong>rc-</strong></span> 
     </span>
    </p>
   </div>
   <div class='ocr_carea' id='block_1_33' title="bbox 2139 441 3732 517">
    <p class='ocr_par' dir='ltr' id='par_1_33' title="bbox 2139 441 3732 517">
     <span class='ocr_line' id='line_1_33' title="bbox 2139 441 3732 517; baseline -0.004 -16"><span class='ocrx_word' id='word_1_217' title='bbox 2139 450 2319 512; x_wconf 81' lang='lat' dir='ltr'><strong>solvit,</strong></span> <span class='ocrx_word' id='word_1_218' title='bbox 2354 462 2445 517; x_wconf 81' lang='lat' dir='ltr'><strong>ego</strong></span> <span class='ocrx_word' id='word_1_219' title='bbox 2482 461 2599 500; x_wconf 75' lang='lat' dir='ltr'><strong>vero</strong></span> <span class='ocrx_word' id='word_1_220' title='bbox 2625 445 2859 514; x_wconf 76' lang='lat' dir='ltr'><strong>captivos</strong></span> <span class='ocrx_word' id='word_1_221' title='bbox 2884 444 2932 496; x_wconf 83' lang='lat' dir='ltr'><strong>ei</strong></span> <span class='ocrx_word' id='word_1_222' title='bbox 2951 441 3136 507; x_wconf 81' lang='lat' dir='ltr'><strong>reddo,</strong></span> <span class='ocrx_word' id='word_1_223' title='bbox 3160 456 3253 510; x_wconf 85' lang='lat' dir='ltr'><strong>per</strong></span> <span class='ocrx_word' id='word_1_224' title='bbox 3281 458 3447 495; x_wconf 81' lang='lat' dir='ltr'><strong>unam</strong></span> <span class='ocrx_word' id='word_1_225' title='bbox 3475 444 3732 495; x_wconf 74' lang='lat' dir='ltr'><strong>animum</strong></span> 
     </span>
    </p>
   </div>
   <div class='ocr_carea' id='block_1_34' title="bbox 2140 535 3732 608">
    <p class='ocr_par' dir='ltr' id='par_1_34' title="bbox 2140 535 3732 608">
     <span class='ocr_line' id='line_1_34' title="bbox 2140 535 3732 608; baseline -0.004 -13"><span class='ocrx_word' id='word_1_226' title='bbox 2140 556 2303 594; x_wconf 81' lang='lat' dir='ltr'><strong>unum</strong></span> <span class='ocrx_word' id='word_1_227' title='bbox 2340 541 2607 593; x_wconf 71' lang='lat' dir='ltr'><strong>mimisma</strong></span> <span class='ocrx_word' id='word_1_228' title='bbox 2636 547 2975 608; x_wconf 71' lang='lat' dir='ltr'><strong>percepturus</strong></span> <span class='ocrx_word' id='word_1_229' title='bbox 3006 535 3172 590; x_wconf 83' lang='lat' dir='ltr'><strong>abeo.</strong></span> <span class='ocrx_word' id='word_1_230' title='bbox 3201 535 3498 591; x_wconf 71' lang='lat' dir='ltr'><strong>Mauricius</strong></span> <span class='ocrx_word' id='word_1_231' title='bbox 3531 547 3732 590; x_wconf 84' lang='lat' dir='ltr'><strong>autem</strong></span> 
     </span>
    </p>
   </div>
   <div class='ocr_carea' id='block_1_35' title="bbox 2142 629 3733 702">
    <p class='ocr_par' dir='ltr' id='par_1_35' title="bbox 2142 629 3733 702">
     <span class='ocr_line' id='line_1_35' title="bbox 2142 629 3733 702; baseline -0.003 -13"><span class='ocrx_word' id='word_1_232' title='bbox 2142 637 2193 690; x_wconf 88' lang='lat' dir='ltr'><strong>id</strong></span> <span class='ocrx_word' id='word_1_233' title='bbox 2223 634 2357 689; x_wconf 83' lang='lat' dir='ltr'><strong>dare</strong></span> <span class='ocrx_word' id='word_1_234' title='bbox 2385 634 2609 687; x_wconf 87' lang='lat' dir='ltr'><strong>minime</strong></span> <span class='ocrx_word' id='word_1_235' title='bbox 2639 646 2833 702; x_wconf 88' lang='lat' dir='ltr'><strong>passus</strong></span> <span class='ocrx_word' id='word_1_236' title='bbox 2867 637 2972 685; x_wconf 90' lang='lat' dir='ltr'><strong>est.</strong></span> <span class='ocrx_word' id='word_1_237' title='bbox 2999 629 3200 685; x_wconf 90' lang='lat' dir='ltr'><strong>lterum</strong></span> <span class='ocrx_word' id='word_1_238' title='bbox 3249 631 3534 698; x_wconf 83' lang='lat' dir='ltr'><strong>chaganus</strong></span> <span class='ocrx_word' id='word_1_239' title='bbox 3565 632 3733 701; x_wconf 87' lang='lat' dir='ltr'><strong>petiit</strong></span> 
     </span>
    </p>
   </div>
   <div class='ocr_carea' id='block_1_36' title="bbox 2142 722 3727 797">
    <p class='ocr_par' dir='ltr' id='par_1_36' title="bbox 2142 722 3727 797">
     <span class='ocr_line' id='line_1_36' title="bbox 2142 722 3727 797; baseline -0.001 -16"><span class='ocrx_word' id='word_1_240' title='bbox 2142 740 2239 797; x_wconf 89' lang='lat' dir='ltr'><strong>per</strong></span> <span class='ocrx_word' id='word_1_241' title='bbox 2265 727 2509 796; x_wconf 83' lang='lat' dir='ltr'><strong>singulas</strong></span> <span class='ocrx_word' id='word_1_242' title='bbox 2542 726 2758 778; x_wconf 84' lang='lat' dir='ltr'><strong>animas</strong></span> <span class='ocrx_word' id='word_1_243' title='bbox 2794 722 3081 776; x_wconf 87' lang='lat' dir='ltr'><strong>dimidium</strong></span> <span class='ocrx_word' id='word_1_244' title='bbox 3123 722 3372 792; x_wconf 86' lang='lat' dir='ltr'><strong>accipere</strong></span> <span class='ocrx_word' id='word_1_245' title='bbox 3402 739 3727 780; x_wconf 88' lang='lat' dir='ltr'><strong>nummum.</strong></span> 
     </span>
    </p>
   </div>
   <div class='ocr_carea' id='block_1_37' title="bbox 2141 812 3733 885">
    <p class='ocr_par' dir='ltr' id='par_1_37' title="bbox 2141 812 3733 885">
     <span class='ocr_line' id='line_1_37' title="bbox 2141 812 3733 885; baseline 0 -14"><span class='ocrx_word' id='word_1_246' title='bbox 2141 818 2241 871; x_wconf 84' lang='lat' dir='ltr'><strong>Ast</strong></span> <span class='ocrx_word' id='word_1_247' title='bbox 2271 818 2571 885; x_wconf 86' lang='lat' dir='ltr'><strong>imperator</strong></span> <span class='ocrx_word' id='word_1_248' title='bbox 2606 828 2707 868; x_wconf 88' lang='lat' dir='ltr'><strong>nec</strong></span> <span class='ocrx_word' id='word_1_249' title='bbox 2739 815 2821 868; x_wconf 93' lang='lat' dir='ltr'><strong>sic</strong></span> <span class='ocrx_word' id='word_1_250' title='bbox 2859 812 2993 868; x_wconf 83' lang='lat' dir='ltr'><strong>dare</strong></span> <span class='ocrx_word' id='word_1_251' title='bbox 3036 816 3337 878; x_wconf 82' lang='lat' dir='ltr'><strong>consensit,</strong></span> <span class='ocrx_word' id='word_1_252' title='bbox 3388 814 3484 869; x_wconf 87' lang='lat' dir='ltr'><strong>sed</strong></span> <span class='ocrx_word' id='word_1_253' title='bbox 3522 831 3626 870; x_wconf 92' lang='lat' dir='ltr'><strong>nec</strong></span> <span class='ocrx_word' id='word_1_254' title='bbox 3672 817 3733 871; x_wconf 86' lang='lat' dir='ltr'><strong>in</strong></span> 
     </span>
    </p>
   </div>
   <div class='ocr_carea' id='block_1_38' title="bbox 2143 905 3733 976">
    <p class='ocr_par' dir='ltr' id='par_1_38' title="bbox 2143 905 3733 976">
     <span class='ocr_line' id='line_1_38' title="bbox 2143 905 3733 976; baseline 0.003 -17"><span class='ocrx_word' id='word_1_255' title='bbox 2143 916 2382 975; x_wconf 88' lang='lat' dir='ltr'><strong>quatuor</strong></span> <span class='ocrx_word' id='word_1_256' title='bbox 2438 906 2692 976; x_wconf 87' lang='lat' dir='ltr'><strong>accipere</strong></span> <span class='ocrx_word' id='word_1_257' title='bbox 2721 905 2961 974; x_wconf 81' lang='lat' dir='ltr'><strong>siliquis.</strong></span> <span class='ocrx_word' id='word_1_258' title='bbox 3000 905 3157 960; x_wconf 85' lang='lat' dir='ltr'><strong>Tunc</strong></span> <span class='ocrx_word' id='word_1_259' title='bbox 3210 907 3494 976; x_wconf 85' lang='lat' dir='ltr'><strong>cbaganus</strong></span> <span class='ocrx_word' id='word_1_260' title='bbox 3534 909 3733 964; x_wconf 83' lang='lat' dir='ltr'><strong>furore</strong></span> 
     </span>
    </p>
   </div>
   <div class='ocr_carea' id='block_1_39' title="bbox 2144 998 3731 1068">
    <p class='ocr_par' dir='ltr' id='par_1_39' title="bbox 2144 998 3731 1068">
     <span class='ocr_line' id='line_1_39' title="bbox 2144 998 3731 1068; baseline 0.001 -14"><span class='ocrx_word' id='word_1_261' title='bbox 2144 1008 2456 1054; x_wconf 85' lang='lat' dir='ltr'><strong>commotus</strong></span> <span class='ocrx_word' id='word_1_262' title='bbox 2485 1013 2682 1053; x_wconf 90' lang='lat' dir='ltr'><strong>omnes</strong></span> <span class='ocrx_word' id='word_1_263' title='bbox 2704 998 2927 1061; x_wconf 88' lang='lat' dir='ltr'><strong>occidit,</strong></span> <span class='ocrx_word' id='word_1_264' title='bbox 2961 1006 3016 1052; x_wconf 92' lang='lat' dir='ltr'><strong>et</strong></span> <span class='ocrx_word' id='word_1_265' title='bbox 3039 1000 3103 1051; x_wconf 89' lang='lat' dir='ltr'><strong>ad</strong></span> <span class='ocrx_word' id='word_1_266' title='bbox 3144 999 3369 1068; x_wconf 88' lang='lat' dir='ltr'><strong>propria</strong></span> <span class='ocrx_word' id='word_1_267' title='bbox 3399 1000 3569 1053; x_wconf 90' lang='lat' dir='ltr'><strong>rediit</strong></span> <span class='ocrx_word' id='word_1_268' title='bbox 3600 1018 3731 1055; x_wconf 86' lang='lat' dir='ltr'><strong>cum</strong></span> 
     </span>
    </p>
   </div>
   <div class='ocr_carea' id='block_1_40' title="bbox 2144 1091 3735 1163">
    <p class='ocr_par' dir='ltr' id='par_1_40' title="bbox 2144 1091 3735 1163">
     <span class='ocr_line' id='line_1_40' title="bbox 2144 1091 3735 1163; baseline 0.001 -19"><span class='ocrx_word' id='word_1_269' title='bbox 2144 1093 2540 1163; x_wconf 82' lang='lat' dir='ltr'><strong>quinquaginta</strong></span> <span class='ocrx_word' id='word_1_270' title='bbox 2574 1093 2746 1146; x_wconf 88' lang='lat' dir='ltr'><strong>millia</strong></span> <span class='ocrx_word' id='word_1_271' title='bbox 2786 1104 3082 1146; x_wconf 83' lang='lat' dir='ltr'><strong>aureorum</strong></span> <span class='ocrx_word' id='word_1_272' title='bbox 3110 1092 3285 1160; x_wconf 87' lang='lat' dir='ltr'><strong>pactis</strong></span> <span class='ocrx_word' id='word_1_273' title='bbox 3317 1091 3585 1147; x_wconf 80' lang='lat' dir='ltr'><strong>Romanis</strong></span> <span class='ocrx_word' id='word_1_274' title='bbox 3623 1093 3735 1146; x_wconf 89' lang='lat' dir='ltr'><strong>im-</strong></span> 
     </span>
    </p>
   </div>
   <div class='ocr_carea' id='block_1_41' title="bbox 2145 1183 3737 1253">
    <p class='ocr_par' dir='ltr' id='par_1_41' title="bbox 2145 1183 3737 1253">
     <span class='ocr_line' id='line_1_41' title="bbox 2145 1183 3737 1253; baseline -0.001 -16"><span class='ocrx_word' id='word_1_275' title='bbox 2145 1184 2444 1253; x_wconf 85' lang='lat' dir='ltr'><strong>posuisset.</strong></span> <span class='ocrx_word' id='word_1_276' title='bbox 2476 1184 2617 1249; x_wconf 87' lang='lat' dir='ltr'><strong>Quin</strong></span> <span class='ocrx_word' id='word_1_277' title='bbox 2654 1193 2707 1237; x_wconf 92' lang='lat' dir='ltr'><strong>et</strong></span> <span class='ocrx_word' id='word_1_278' title='bbox 2741 1184 2943 1237; x_wconf 90' lang='lat' dir='ltr'><strong>Istrum</strong></span> <span class='ocrx_word' id='word_1_279' title='bbox 2979 1183 3180 1237; x_wconf 91' lang='lat' dir='ltr'><strong>llumcn</strong></span> <span class='ocrx_word' id='word_1_280' title='bbox 3218 1199 3327 1238; x_wconf 89' lang='lat' dir='ltr'><strong>non</strong></span> <span class='ocrx_word' id='word_1_281' title='bbox 3368 1199 3428 1239; x_wconf 88' lang='lat' dir='ltr'><strong>se</strong></span> <span class='ocrx_word' id='word_1_282' title='bbox 3460 1187 3737 1239; x_wconf 85' lang='lat' dir='ltr'><strong>transitu-</strong></span> 
     </span>
    </p>
   </div>
   <div class='ocr_carea' id='block_1_42' title="bbox 2149 1272 3737 1345">
    <p class='ocr_par' dir='ltr' id='par_1_42' title="bbox 2149 1272 3737 1345">
     <span class='ocr_line' id='line_1_42' title="bbox 2149 1272 3737 1345; baseline 0.003 -18"><span class='ocrx_word' id='word_1_283' title='bbox 2149 1290 2267 1328; x_wconf 90' lang='lat' dir='ltr'><strong>rum</strong></span> <span class='ocrx_word' id='word_1_284' title='bbox 2300 1272 2586 1343; x_wconf 82' lang='lat' dir='ltr'><strong>professus</strong></span> <span class='ocrx_word' id='word_1_285' title='bbox 2633 1285 2738 1327; x_wconf 91' lang='lat' dir='ltr'><strong>est.</strong></span> <span class='ocrx_word' id='word_1_286' title='bbox 2772 1273 2846 1327; x_wconf 87' lang='lat' dir='ltr'><strong>Ex</strong></span> <span class='ocrx_word' id='word_1_287' title='bbox 2883 1274 2986 1328; x_wconf 91' lang='lat' dir='ltr'><strong>hoc</strong></span> <span class='ocrx_word' id='word_1_288' title='bbox 3022 1276 3209 1345; x_wconf 87' lang='lat' dir='ltr'><strong>itaque</strong></span> <span class='ocrx_word' id='word_1_289' title='bbox 3255 1275 3491 1329; x_wconf 91' lang='lat' dir='ltr'><strong>multum</strong></span> <span class='ocrx_word' id='word_1_290' title='bbox 3532 1288 3737 1333; x_wconf 85' lang='lat' dir='ltr'><strong>contra</strong></span> 
     </span>
    </p>
   </div>
   <div class='ocr_carea' id='block_1_43' title="bbox 2148 1364 3738 1437">
    <p class='ocr_par' dir='ltr' id='par_1_43' title="bbox 2148 1364 3738 1437">
     <span class='ocr_line' id='line_1_43' title="bbox 2148 1364 3738 1437; baseline 0.003 -18"><span class='ocrx_word' id='word_1_291' title='bbox 2148 1366 2536 1437; x_wconf 83' lang='lat' dir='ltr'><strong>imperatorem</strong></span> <span class='ocrx_word' id='word_1_292' title='bbox 2570 1364 2895 1419; x_wconf 78' lang='lat' dir='ltr'><strong>Mauricium</strong></span> <span class='ocrx_word' id='word_1_293' title='bbox 2928 1375 3267 1420; x_wconf 89' lang='lat' dir='ltr'><strong>commotum</strong></span> <span class='ocrx_word' id='word_1_294' title='bbox 3316 1376 3398 1420; x_wconf 90' lang='lat' dir='ltr'><strong>est</strong></span> <span class='ocrx_word' id='word_1_295' title='bbox 3433 1368 3648 1433; x_wconf 77' lang='lat' dir='ltr'><strong>odium,</strong></span> <span class='ocrx_word' id='word_1_296' title='bbox 3680 1376 3738 1423; x_wconf 83' lang='lat' dir='ltr'><strong>et</strong></span> 
     </span>
    </p>
   </div>
   <div class='ocr_carea' id='block_1_44' title="bbox 2146 1455 3737 1526">
    <p class='ocr_par' dir='ltr' id='par_1_44' title="bbox 2146 1455 3737 1526">
     <span class='ocr_line' id='line_1_44' title="bbox 2146 1455 3737 1526; baseline 0.004 -16"><span class='ocrx_word' id='word_1_297' title='bbox 2146 1463 2439 1525; x_wconf 69' lang='lat' dir='ltr'><strong>cmperunt</strong></span> <span class='ocrx_word' id='word_1_298' title='bbox 2490 1455 2635 1511; x_wconf 90' lang='lat' dir='ltr'><strong>hunc</strong></span> <span class='ocrx_word' id='word_1_299' title='bbox 2683 1455 2959 1526; x_wconf 86' lang='lat' dir='ltr'><strong>subjicere</strong></span> <span class='ocrx_word' id='word_1_300' title='bbox 2990 1456 3319 1512; x_wconf 83' lang='lat' dir='ltr'><strong>maledictis.</strong></span> <span class='ocrx_word' id='word_1_301' title='bbox 3364 1457 3637 1515; x_wconf 87' lang='lat' dir='ltr'><strong>Similiter</strong></span> <span class='ocrx_word' id='word_1_302' title='bbox 3679 1470 3737 1516; x_wconf 80' lang='lat' dir='ltr'><strong>et</strong></span> 
     </span>
    </p>
   </div>
   <div class='ocr_carea' id='block_1_45' title="bbox 2149 1547 3738 1623">
    <p class='ocr_par' dir='ltr' id='par_1_45' title="bbox 2149 1547 3738 1623">
     <span class='ocr_line' id='line_1_45' title="bbox 2149 1547 3738 1623; baseline 0.004 -22"><span class='ocrx_word' id='word_1_303' title='bbox 2149 1548 2383 1617; x_wconf 88' lang='lat' dir='ltr'><strong>p0pulus</strong></span> <span class='ocrx_word' id='word_1_304' title='bbox 2443 1548 2583 1618; x_wconf 89' lang='lat' dir='ltr'><strong>apud</strong></span> <span class='ocrx_word' id='word_1_305' title='bbox 2622 1547 2894 1604; x_wconf 84' lang='lat' dir='ltr'><strong>Thracem</strong></span> <span class='ocrx_word' id='word_1_306' title='bbox 2954 1550 3020 1604; x_wconf 90' lang='lat' dir='ltr'><strong>ad</strong></span> <span class='ocrx_word' id='word_1_307' title='bbox 3073 1552 3320 1605; x_wconf 82' lang='lat' dir='ltr'><strong>convicia</strong></span> <span class='ocrx_word' id='word_1_308' title='bbox 3373 1551 3738 1623; x_wconf 81' lang='lat' dir='ltr'><strong>imperatoris</strong></span> 
     </span>
    </p>
   </div>
   <div class='ocr_carea' id='block_1_46' title="bbox 2150 1642 3737 1719">
    <p class='ocr_par' dir='ltr' id='par_1_46' title="bbox 2150 1642 3737 1719">
     <span class='ocr_line' id='line_1_46' title="bbox 2150 1642 3737 1719; baseline 0.004 -22"><span class='ocrx_word' id='word_1_309' title='bbox 2150 1650 2462 1698; x_wconf 89' lang='lat' dir='ltr'><strong>commotus</strong></span> <span class='ocrx_word' id='word_1_310' title='bbox 2496 1652 2602 1698; x_wconf 89' lang='lat' dir='ltr'><strong>est.</strong></span> <span class='ocrx_word' id='word_1_311' title='bbox 2636 1642 2927 1698; x_wconf 75' lang='lat' dir='ltr'><strong>Exercitus</strong></span> <span class='ocrx_word' id='word_1_312' title='bbox 2958 1652 3139 1698; x_wconf 90' lang='lat' dir='ltr'><strong>autem</strong></span> <span class='ocrx_word' id='word_1_313' title='bbox 3179 1656 3579 1715; x_wconf 85' lang='lat' dir='ltr'><strong>procuratores</strong></span> <span class='ocrx_word' id='word_1_314' title='bbox 3620 1651 3737 1719; x_wconf 70' lang='grc'><strong>(43)</strong></span> 
     </span>
    </p>
   </div>
   <div class='ocr_carea' id='block_1_47' title="bbox 2153 1734 3740 1811">
    <p class='ocr_par' dir='ltr' id='par_1_47' title="bbox 2153 1734 3740 1811">
     <span class='ocr_line' id='line_1_47' title="bbox 2153 1734 3740 1811; baseline 0.006 -25"><span class='ocrx_word' id='word_1_315' title='bbox 2153 1734 2220 1787; x_wconf 90' lang='lat' dir='ltr'><strong>ad</strong></span> <span class='ocrx_word' id='word_1_316' title='bbox 2253 1734 2639 1804; x_wconf 87' lang='lat' dir='ltr'><strong>imperatorem</strong></span> <span class='ocrx_word' id='word_1_317' title='bbox 2668 1744 2862 1789; x_wconf 85' lang='lat' dir='ltr'><strong>contra</strong></span> <span class='ocrx_word' id='word_1_318' title='bbox 2894 1735 3297 1790; x_wconf 89' lang='lat' dir='ltr'><strong>Comentiolum</strong></span> <span class='ocrx_word' id='word_1_319' title='bbox 3329 1737 3563 1805; x_wconf 87' lang='lat' dir='ltr'><strong>direxit,</strong></span> <span class='ocrx_word' id='word_1_320' title='bbox 3587 1743 3740 1811; x_wconf 84' lang='lat' dir='ltr'><strong>quod</strong></span> 
     </span>
    </p>
   </div>
   <div class='ocr_carea' id='block_1_48' title="bbox 2149 1826 3743 1899">
    <p class='ocr_par' dir='ltr' id='par_1_48' title="bbox 2149 1826 3743 1899">
     <span class='ocr_line' id='line_1_48' title="bbox 2149 1826 3743 1899; baseline 0.005 -20"><span class='ocrx_word' id='word_1_321' title='bbox 2149 1826 2518 1897; x_wconf 87' lang='lat' dir='ltr'><strong>proditionem</strong></span> <span class='ocrx_word' id='word_1_322' title='bbox 2548 1828 2601 1881; x_wconf 92' lang='lat' dir='ltr'><strong>in</strong></span> <span class='ocrx_word' id='word_1_323' title='bbox 2630 1827 2819 1896; x_wconf 69' lang='lat' dir='ltr'><strong>prmlio</strong></span> <span class='ocrx_word' id='word_1_324' title='bbox 2852 1828 3064 1889; x_wconf 83' lang='lat' dir='ltr'><strong>fecerit,</strong></span> <span class='ocrx_word' id='word_1_325' title='bbox 3090 1828 3232 1882; x_wconf 88' lang='lat' dir='ltr'><strong>inter</strong></span> <span class='ocrx_word' id='word_1_326' title='bbox 3257 1844 3397 1899; x_wconf 86' lang='lat' dir='ltr'><strong>quos</strong></span> <span class='ocrx_word' id='word_1_327' title='bbox 3421 1840 3546 1885; x_wconf 87' lang='lat' dir='ltr'><strong>erat</strong></span> <span class='ocrx_word' id='word_1_328' title='bbox 3569 1832 3743 1889; x_wconf 87' lang='lat' dir='ltr'><strong>etiam</strong></span> 
     </span>
    </p>
   </div>
   <div class='ocr_carea' id='block_1_49' title="bbox 2149 1920 3745 1991">
    <p class='ocr_par' dir='ltr' id='par_1_49' title="bbox 2149 1920 3745 1991">
     <span class='ocr_line' id='line_1_49' title="bbox 2149 1920 3745 1991; baseline 0.004 -16"><span class='ocrx_word' id='word_1_329' title='bbox 2149 1920 2384 1982; x_wconf 75' lang='lat' dir='ltr'><strong>Phocus,</strong></span> <span class='ocrx_word' id='word_1_330' title='bbox 2420 1922 2511 1991; x_wconf 90' lang='lat' dir='ltr'><strong>qui</strong></span> <span class='ocrx_word' id='word_1_331' title='bbox 2556 1921 2947 1991; x_wconf 86' lang='lat' dir='ltr'><strong>imperatorem</strong></span> <span class='ocrx_word' id='word_1_332' title='bbox 2992 1921 3267 1977; x_wconf 92' lang='lat' dir='ltr'><strong>allocutus</strong></span> <span class='ocrx_word' id='word_1_333' title='bbox 3314 1925 3577 1981; x_wconf 83' lang='lat' dir='ltr'><strong>severius</strong></span> <span class='ocrx_word' id='word_1_334' title='bbox 3613 1927 3745 1983; x_wconf 88' lang='lat' dir='ltr'><strong>huic</strong></span> 
     </span>
    </p>
   </div>
   <div class='ocr_carea' id='block_1_50' title="bbox 2150 2012 3746 2085">
    <p class='ocr_par' dir='ltr' id='par_1_50' title="bbox 2150 2012 3746 2085">
     <span class='ocr_line' id='line_1_50' title="bbox 2150 2012 3746 2085; baseline 0.004 -20"><span class='ocrx_word' id='word_1_335' title='bbox 2150 2012 2203 2066; x_wconf 90' lang='lat' dir='ltr'><strong>in</strong></span> <span class='ocrx_word' id='word_1_336' title='bbox 2236 2013 2469 2067; x_wconf 86' lang='lat' dir='ltr'><strong>concilio</strong></span> <span class='ocrx_word' id='word_1_337' title='bbox 2503 2013 2941 2079; x_wconf 88' lang='lat' dir='ltr'><strong>contradicebat,</strong></span> <span class='ocrx_word' id='word_1_338' title='bbox 2982 2012 3058 2067; x_wconf 88' lang='lat' dir='ltr'><strong>ita</strong></span> <span class='ocrx_word' id='word_1_339' title='bbox 3091 2023 3150 2068; x_wconf 90' lang='lat' dir='ltr'><strong>ut</strong></span> <span class='ocrx_word' id='word_1_340' title='bbox 3196 2012 3423 2083; x_wconf 85' lang='lat' dir='ltr'><strong>quidam</strong></span> <span class='ocrx_word' id='word_1_341' title='bbox 3454 2030 3524 2070; x_wconf 86' lang='lat' dir='ltr'><strong>ex</strong></span> <span class='ocrx_word' id='word_1_342' title='bbox 3564 2017 3746 2085; x_wconf 79' lang='lat' dir='ltr'><strong>patri-</strong></span> 
     </span>
    </p>
   </div>
   <div class='ocr_carea' id='block_1_51' title="bbox 2150 2102 3746 2178">
    <p class='ocr_par' dir='ltr' id='par_1_51' title="bbox 2150 2102 3746 2178">
     <span class='ocr_line' id='line_1_51' title="bbox 2150 2102 3746 2178; baseline 0.004 -19"><span class='ocrx_word' id='word_1_343' title='bbox 2150 2106 2253 2161; x_wconf 88' lang='lat' dir='ltr'><strong>ciis</strong></span> <span class='ocrx_word' id='word_1_344' title='bbox 2294 2108 2442 2160; x_wconf 88' lang='lat' dir='ltr'><strong>hunc</strong></span> <span class='ocrx_word' id='word_1_345' title='bbox 2474 2102 2630 2177; x_wconf 78' lang='lat' dir='ltr'><strong>alapa</strong></span> <span class='ocrx_word' id='word_1_346' title='bbox 2671 2114 2983 2175; x_wconf 87' lang='lat' dir='ltr'><strong>percuteret</strong></span> <span class='ocrx_word' id='word_1_347' title='bbox 3016 2115 3070 2161; x_wconf 88' lang='lat' dir='ltr'><strong>et</strong></span> <span class='ocrx_word' id='word_1_348' title='bbox 3099 2107 3327 2162; x_wconf 90' lang='lat' dir='ltr'><strong>barbam</strong></span> <span class='ocrx_word' id='word_1_349' title='bbox 3364 2108 3549 2178; x_wconf 90' lang='lat' dir='ltr'><strong>ipsius</strong></span> <span class='ocrx_word' id='word_1_350' title='bbox 3586 2111 3746 2165; x_wconf 48' lang='lat' dir='ltr'><strong>evel-</strong></span> 
     </span>
    </p>
   </div>
   <div class='ocr_carea' id='block_1_52' title="bbox 2152 2198 3743 2271">
    <p class='ocr_par' dir='ltr' id='par_1_52' title="bbox 2152 2198 3743 2271">
     <span class='ocr_line' id='line_1_52' title="bbox 2152 2198 3743 2271; baseline 0.004 -20"><span class='ocrx_word' id='word_1_351' title='bbox 2152 2198 2305 2252; x_wconf 68' lang='grc' dir='ltr'>ιρι-οι.</span> <span class='ocrx_word' id='word_1_352' title='bbox 2336 2198 2532 2252; x_wconf 85' lang='lat' dir='ltr'><strong>Verum</strong></span> <span class='ocrx_word' id='word_1_353' title='bbox 2565 2200 2868 2267; x_wconf 86' lang='lat' dir='ltr'><strong>imperator</strong></span> <span class='ocrx_word' id='word_1_354' title='bbox 2892 2216 2998 2254; x_wconf 91' lang='lat' dir='ltr'><strong>non</strong></span> <span class='ocrx_word' id='word_1_355' title='bbox 3047 2200 3292 2271; x_wconf 88' lang='lat' dir='ltr'><strong>suscepit</strong></span> <span class='ocrx_word' id='word_1_356' title='bbox 3318 2200 3595 2257; x_wconf 82' lang='lat' dir='ltr'><strong>adversus</strong></span> <span class='ocrx_word' id='word_1_357' title='bbox 3633 2202 3743 2257; x_wconf 85' lang='lat' dir='ltr'><strong>Co-</strong></span> 
     </span>
    </p>
   </div>
   <div class='ocr_carea' id='block_1_53' title="bbox 2153 2291 3744 2361">
    <p class='ocr_par' dir='ltr' id='par_1_53' title="bbox 2153 2291 3744 2361">
     <span class='ocr_line' id='line_1_53' title="bbox 2153 2291 3744 2361; baseline 0.004 -17"><span class='ocrx_word' id='word_1_358' title='bbox 2153 2291 2470 2345; x_wconf 87' lang='lat' dir='ltr'><strong>mentiolum</strong></span> <span class='ocrx_word' id='word_1_359' title='bbox 2505 2292 2692 2361; x_wconf 90' lang='lat' dir='ltr'><strong>populi</strong></span> <span class='ocrx_word' id='word_1_360' title='bbox 2716 2291 3142 2361; x_wconf 86' lang='lat' dir='ltr'><strong>querimoniam,</strong></span> <span class='ocrx_word' id='word_1_361' title='bbox 3164 2293 3259 2348; x_wconf 89' lang='lat' dir='ltr'><strong>sed</strong></span> <span class='ocrx_word' id='word_1_362' title='bbox 3284 2293 3387 2348; x_wconf 88' lang='lat' dir='ltr'><strong>bos</strong></span> <span class='ocrx_word' id='word_1_363' title='bbox 3421 2293 3744 2351; x_wconf 74' lang='lat' dir='ltr'><strong>inefficaces</strong></span> 
     </span>
    </p>
   </div>
   <div class='ocr_carea' id='block_1_54' title="bbox 2151 2383 3741 2460">
    <p class='ocr_par' dir='ltr' id='par_1_54' title="bbox 2151 2383 3741 2460">
     <span class='ocr_line' id='line_1_54' title="bbox 2151 2383 3741 2460; baseline 0.004 -23"><span class='ocrx_word' id='word_1_364' title='bbox 2151 2383 2429 2448; x_wconf 88' lang='lat' dir='ltr'><strong>deseruit;</strong></span> <span class='ocrx_word' id='word_1_365' title='bbox 2474 2396 2695 2454; x_wconf 84' lang='lat' dir='ltr'><strong>propter</strong></span> <span class='ocrx_word' id='word_1_366' title='bbox 2731 2384 2876 2455; x_wconf 84' lang='lat' dir='ltr'><strong>quod</strong></span> <span class='ocrx_word' id='word_1_367' title='bbox 2904 2395 2957 2441; x_wconf 90' lang='lat' dir='ltr'><strong>et</strong></span> <span class='ocrx_word' id='word_1_368' title='bbox 2981 2385 3305 2441; x_wconf 89' lang='lat' dir='ltr'><strong>insidiarum</strong></span> <span class='ocrx_word' id='word_1_369' title='bbox 3338 2388 3393 2441; x_wconf 89' lang='lat' dir='ltr'><strong>in</strong></span> <span class='ocrx_word' id='word_1_370' title='bbox 3426 2388 3741 2460; x_wconf 85' lang='lat' dir='ltr'><strong>principem</strong></span> 
     </span>
    </p>
   </div>
   <div class='ocr_carea' id='block_1_55' title="bbox 2150 2476 3740 2552">
    <p class='ocr_par' dir='ltr' id='par_1_55' title="bbox 2150 2476 3740 2552">
     <span class='ocr_line' id='line_1_55' title="bbox 2150 2476 3740 2552; baseline 0.004 -22"><span class='ocrx_word' id='word_1_371' title='bbox 2150 2476 2438 2531; x_wconf 80' lang='lat' dir='ltr'><strong>exordium</strong></span> <span class='ocrx_word' id='word_1_372' title='bbox 2471 2479 2728 2531; x_wconf 90' lang='lat' dir='ltr'><strong>sumitur.</strong></span> <span class='ocrx_word' id='word_1_373' title='bbox 2758 2478 3024 2532; x_wconf 69' lang='lat' dir='ltr'><strong>Prteterea</strong></span> <span class='ocrx_word' id='word_1_374' title='bbox 3052 2494 3147 2549; x_wconf 88' lang='lat' dir='ltr'><strong>per</strong></span> <span class='ocrx_word' id='word_1_375' title='bbox 3175 2480 3317 2534; x_wconf 88' lang='lat' dir='ltr'><strong>idem</strong></span> <span class='ocrx_word' id='word_1_376' title='bbox 3344 2489 3574 2552; x_wconf 87' lang='lat' dir='ltr'><strong>tempus</strong></span> <span class='ocrx_word' id='word_1_377' title='bbox 3598 2484 3740 2552; x_wconf 88' lang='lat' dir='ltr'><strong>apud</strong></span> 
     </span>
    </p>
   </div>
   <div class='ocr_carea' id='block_1_56' title="bbox 2153 2559 3739 2639">
    <p class='ocr_par' dir='ltr' id='par_1_56' title="bbox 2153 2559 3739 2639">
     <span class='ocr_line' id='line_1_56' title="bbox 2153 2559 3739 2639; baseline 0.006 -22"><span class='ocrx_word' id='word_1_378' title='bbox 2153 2564 2450 2634; x_wconf 63' lang='lat' dir='ltr'><strong>A‘ngptum</strong></span> <span class='ocrx_word' id='word_1_379' title='bbox 2487 2566 2539 2618; x_wconf 92' lang='lat' dir='ltr'><strong>in</strong></span> <span class='ocrx_word' id='word_1_380' title='bbox 2565 2566 2688 2620; x_wconf 88' lang='lat' dir='ltr'><strong>Nilo</strong></span> <span class='ocrx_word' id='word_1_381' title='bbox 2723 2565 2967 2633; x_wconf 87' lang='lat' dir='ltr'><strong>ﬂumine,</strong></span> <span class='ocrx_word' id='word_1_382' title='bbox 2998 2559 3156 2623; x_wconf 76' lang='lat' dir='ltr'><strong>Mena</strong></span> <span class='ocrx_word' id='word_1_383' title='bbox 3188 2570 3449 2639; x_wconf 74' lang='lat' dir='ltr'><strong>przel&#39;eclo</strong></span> <span class='ocrx_word' id='word_1_384' title='bbox 3477 2589 3593 2626; x_wconf 88' lang='lat' dir='ltr'><strong>una</strong></span> <span class='ocrx_word' id='word_1_385' title='bbox 3619 2589 3739 2627; x_wconf 85' lang='lat' dir='ltr'><strong>cum</strong></span> 
     </span>
    </p>
   </div>
   <div class='ocr_carea' id='block_1_57' title="bbox 2151 2658 3740 2735">
    <p class='ocr_par' dir='ltr' id='par_1_57' title="bbox 2151 2658 3740 2735">
     <span class='ocr_line' id='line_1_57' title="bbox 2151 2658 3740 2735; baseline 0.009 -30"><span class='ocrx_word' id='word_1_386' title='bbox 2151 2659 2356 2726; x_wconf 83' lang='lat' dir='ltr'><strong>populo</strong></span> <span class='ocrx_word' id='word_1_387' title='bbox 2389 2658 2777 2714; x_wconf 89' lang='lat' dir='ltr'><strong>deambulante</strong></span> <span class='ocrx_word' id='word_1_388' title='bbox 2802 2660 2855 2713; x_wconf 91' lang='lat' dir='ltr'><strong>iu</strong></span> <span class='ocrx_word' id='word_1_389' title='bbox 2887 2660 3008 2715; x_wconf 90' lang='lat' dir='ltr'><strong>loco</strong></span> <span class='ocrx_word' id='word_1_390' title='bbox 3036 2663 3130 2731; x_wconf 90' lang='lat' dir='ltr'><strong>qui</strong></span> <span class='ocrx_word' id='word_1_391' title='bbox 3160 2663 3306 2716; x_wconf 89' lang='lat' dir='ltr'><strong>Delta</strong></span> <span class='ocrx_word' id='word_1_392' title='bbox 3349 2676 3740 2735; x_wconf 85' lang='lat' dir='ltr'><strong>nuncupatur,</strong></span> 
     </span>
    </p>
   </div>
   <div class='ocr_carea' id='block_1_58' title="bbox 2153 2740 3742 2827">
    <p class='ocr_par' dir='ltr' id='par_1_58' title="bbox 2153 2740 3742 2827">
     <span class='ocr_line' id='line_1_58' title="bbox 2153 2740 3742 2827; baseline 0.006 -23"><span class='ocrx_word' id='word_1_393' title='bbox 2153 2751 2267 2804; x_wconf 91' lang='lat' dir='ltr'><strong>sole</strong></span> <span class='ocrx_word' id='word_1_394' title='bbox 2290 2760 2413 2805; x_wconf 91' lang='lat' dir='ltr'><strong>orto</strong></span> <span class='ocrx_word' id='word_1_395' title='bbox 2449 2740 2703 2805; x_wconf 86' lang='lat' dir='ltr'><strong>animalia</strong></span> <span class='ocrx_word' id='word_1_396' title='bbox 2749 2752 3002 2808; x_wconf 69' lang='lat' dir='ltr'><strong>humana:</strong></span> <span class='ocrx_word' id='word_1_397' title='bbox 3045 2756 3227 2810; x_wconf 67' lang='lat' dir='ltr'><strong>formae</strong></span> <span class='ocrx_word' id='word_1_398' title='bbox 3257 2769 3659 2827; x_wconf 87' lang='lat' dir='ltr'><strong>apparuerunt</strong></span> <span class='ocrx_word' id='word_1_399' title='bbox 3692 2760 3742 2812; x_wconf 80' lang='lat' dir='ltr'><strong>in</strong></span> 
     </span>
    </p>
   </div>
   <div class='ocr_carea' id='block_1_59' title="bbox 2153 2838 3745 2916">
    <p class='ocr_par' dir='ltr' id='par_1_59' title="bbox 2153 2838 3745 2916">
     <span class='ocr_line' id='line_1_59' title="bbox 2153 2838 3745 2916; baseline 0.004 -23"><span class='ocrx_word' id='word_1_400' title='bbox 2153 2838 2397 2905; x_wconf 85' lang='lat' dir='ltr'><strong>ﬂumine,</strong></span> <span class='ocrx_word' id='word_1_401' title='bbox 2436 2843 2519 2894; x_wconf 91' lang='lat' dir='ltr'><strong>vir</strong></span> <span class='ocrx_word' id='word_1_402' title='bbox 2548 2843 2763 2897; x_wconf 78' lang='lat' dir='ltr'><strong>scilicet</strong></span> <span class='ocrx_word' id='word_1_403' title='bbox 2792 2851 2844 2898; x_wconf 92' lang='lat' dir='ltr'><strong>et</strong></span> <span class='ocrx_word' id='word_1_404' title='bbox 2871 2844 3091 2898; x_wconf 91' lang='lat' dir='ltr'><strong>mulier.</strong></span> <span class='ocrx_word' id='word_1_405' title='bbox 3132 2845 3195 2898; x_wconf 84' lang='lat' dir='ltr'><strong>Et</strong></span> <span class='ocrx_word' id='word_1_406' title='bbox 3231 2846 3313 2898; x_wconf 81' lang='lat' dir='ltr'><strong>vir</strong></span> <span class='ocrx_word' id='word_1_407' title='bbox 3349 2848 3590 2916; x_wconf 85' lang='lat' dir='ltr'><strong>quidem</strong></span> <span class='ocrx_word' id='word_1_408' title='bbox 3629 2859 3745 2903; x_wconf 63' lang='lat' dir='ltr'><strong>erat</strong></span> 
     </span>
    </p>
   </div>
   <div class='ocr_carea' id='block_1_60' title="bbox 2157 2933 3747 3010">
    <p class='ocr_par' dir='ltr' id='par_1_60' title="bbox 2157 2933 3747 3010">
     <span class='ocr_line' id='line_1_60' title="bbox 2157 2933 3747 3010; baseline 0.005 -24"><span class='ocrx_word' id='word_1_409' title='bbox 2157 2940 2477 3003; x_wconf 87' lang='lat' dir='ltr'><strong>pectorosus</strong></span> <span class='ocrx_word' id='word_1_410' title='bbox 2503 2933 2764 3004; x_wconf 85' lang='lat' dir='ltr'><strong>vultuque</strong></span> <span class='ocrx_word' id='word_1_411' title='bbox 2803 2934 3090 3000; x_wconf 89' lang='lat' dir='ltr'><strong>terribilis,</strong></span> <span class='ocrx_word' id='word_1_412' title='bbox 3134 2936 3249 2989; x_wconf 88' lang='lat' dir='ltr'><strong>rula</strong></span> <span class='ocrx_word' id='word_1_413' title='bbox 3274 2950 3438 2991; x_wconf 85' lang='lat' dir='ltr'><strong>coma</strong></span> <span class='ocrx_word' id='word_1_414' title='bbox 3472 2940 3747 3010; x_wconf 81' lang='lat' dir='ltr'><strong>canisque</strong></span> 
     </span>
    </p>
   </div>
   <div class='ocr_carea' id='block_1_61' title="bbox 467 3026 2048 3115">
    <p class='ocr_par' dir='ltr' id='par_1_61' title="bbox 467 3030 2048 3105">
     <span class='ocr_line' id='line_1_61' title="bbox 467 3030 2048 3105; baseline 0.003 -20"><span class='ocrx_word' id='word_1_415' title='bbox 467 3030 682 3087; x_wconf 86' lang='lat' dir='ltr'><strong>nientes</strong></span> <span class='ocrx_word' id='word_1_416' title='bbox 701 3033 981 3089; x_wconf 86' lang='lat' dir='ltr'><strong>civitatem</strong></span> <span class='ocrx_word' id='word_1_417' title='bbox 1010 3034 1331 3105; x_wconf 89' lang='lat' dir='ltr'><strong>depopulati</strong></span> <span class='ocrx_word' id='word_1_418' title='bbox 1359 3045 1506 3101; x_wconf 89' lang='lat' dir='ltr'><strong>sunt,</strong></span> <span class='ocrx_word' id='word_1_419' title='bbox 1539 3044 1593 3091; x_wconf 89' lang='lat' dir='ltr'><strong>et</strong></span> <span class='ocrx_word' id='word_1_420' title='bbox 1616 3037 1793 3090; x_wconf 92' lang='lat' dir='ltr'><strong>sancti</strong></span> <span class='ocrx_word' id='word_1_421' title='bbox 1810 3035 2048 3090; x_wconf 82' lang='lat' dir='ltr'><strong>Alexan—</strong></span> 
     </span>
    </p>
   </div>
   <div class='ocr_carea' id='block_1_62' title="bbox 2155 3026 3745 3115">
    <p class='ocr_par' dir='ltr' id='par_1_62' title="bbox 2157 3026 3745 3097">
     <span class='ocr_line' id='line_1_62' title="bbox 2157 3026 3745 3097; baseline 0.003 -17"><span class='ocrx_word' id='word_1_422' title='bbox 2157 3026 2457 3093; x_wconf 84' lang='lat' dir='ltr'><strong>permistis,</strong></span> <span class='ocrx_word' id='word_1_423' title='bbox 2480 3034 2533 3082; x_wconf 87' lang='lat' dir='ltr'><strong>et</strong></span> <span class='ocrx_word' id='word_1_424' title='bbox 2564 3043 2738 3097; x_wconf 89' lang='lat' dir='ltr'><strong>usque</strong></span> <span class='ocrx_word' id='word_1_425' title='bbox 2761 3026 2828 3080; x_wconf 90' lang='lat' dir='ltr'><strong>ad</strong></span> <span class='ocrx_word' id='word_1_426' title='bbox 2860 3027 3079 3084; x_wconf 89' lang='lat' dir='ltr'><strong>lumbos</strong></span> <span class='ocrx_word' id='word_1_427' title='bbox 3103 3028 3419 3083; x_wconf 88' lang='lat' dir='ltr'><strong>denudabat</strong></span> <span class='ocrx_word' id='word_1_428' title='bbox 3454 3039 3745 3097; x_wconf 79' lang='lat' dir='ltr'><strong>naturam,</strong></span> 
     </span>
    </p>
   </div>
   <div class='ocr_carea' id='block_1_63' title="bbox 464 3121 2039 3197">
    <p class='ocr_par' dir='ltr' id='par_1_63' title="bbox 464 3121 2039 3197">
     <span class='ocr_line' id='line_1_63' title="bbox 464 3121 2039 3197; baseline 0.004 -21"><span class='ocrx_word' id='word_1_429' title='bbox 464 3121 554 3176; x_wconf 86' lang='lat' dir='ltr'><strong>dri</strong></span> <span class='ocrx_word' id='word_1_430' title='bbox 607 3123 901 3179; x_wconf 82' lang='lat' dir='ltr'><strong>ecclesiam</strong></span> <span class='ocrx_word' id='word_1_431' title='bbox 960 3125 1347 3193; x_wconf 89' lang='lat' dir='ltr'><strong>incenderunt,</strong></span> <span class='ocrx_word' id='word_1_432' title='bbox 1392 3126 1816 3197; x_wconf 88' lang='lat' dir='ltr'><strong>sepulcrumque</strong></span> <span class='ocrx_word' id='word_1_433' title='bbox 1864 3126 2039 3195; x_wconf 82' lang='lat' dir='ltr'><strong>ipsius</strong></span> 
     </span>
    </p>
   </div>
   <div class='ocr_carea' id='block_1_64' title="bbox 470 3217 2049 3288">
    <p class='ocr_par' dir='ltr' id='par_1_64' title="bbox 470 3217 2049 3288">
     <span class='ocr_line' id='line_1_64' title="bbox 470 3217 2049 3288; baseline 0.004 -20"><span class='ocrx_word' id='word_1_434' title='bbox 470 3222 676 3270; x_wconf 82' lang='lat' dir='ltr'><strong>tectum</strong></span> <span class='ocrx_word' id='word_1_435' title='bbox 713 3225 942 3287; x_wconf 87' lang='lat' dir='ltr'><strong>argento</strong></span> <span class='ocrx_word' id='word_1_436' title='bbox 968 3226 1246 3287; x_wconf 89' lang='lat' dir='ltr'><strong>repertum</strong></span> <span class='ocrx_word' id='word_1_437' title='bbox 1277 3217 1615 3288; x_wconf 85' lang='lat' dir='ltr'><strong>despoliant,</strong></span> <span class='ocrx_word' id='word_1_438' title='bbox 1637 3217 1733 3274; x_wconf 89' lang='lat' dir='ltr'><strong>sed</strong></span> <span class='ocrx_word' id='word_1_439' title='bbox 1752 3227 1805 3272; x_wconf 91' lang='lat' dir='ltr'><strong>et</strong></span> <span class='ocrx_word' id='word_1_440' title='bbox 1829 3218 2049 3288; x_wconf 85' lang='lat' dir='ltr'><strong>injuriis</strong></span> 
     </span>
    </p>
   </div>
   <div class='ocr_carea' id='block_1_65' title="bbox 463 3308 2050 3379">
    <p class='ocr_par' dir='ltr' id='par_1_65' title="bbox 463 3308 2050 3379">
     <span class='ocr_line' id='line_1_65' title="bbox 463 3308 2050 3379; baseline 0.003 -19"><span class='ocrx_word' id='word_1_441' title='bbox 463 3320 686 3376; x_wconf 82' lang='lat' dir='ltr'><strong>quoque</strong></span> <span class='ocrx_word' id='word_1_442' title='bbox 720 3321 926 3377; x_wconf 82' lang='lat' dir='ltr'><strong>corpus</strong></span> <span class='ocrx_word' id='word_1_443' title='bbox 965 3310 1229 3377; x_wconf 77' lang='lat' dir='ltr'><strong>martyris</strong></span> <span class='ocrx_word' id='word_1_444' title='bbox 1256 3308 1576 3372; x_wconf 87' lang='lat' dir='ltr'><strong>allicientes,</strong></span> <span class='ocrx_word' id='word_1_445' title='bbox 1613 3308 1954 3379; x_wconf 85' lang='lat' dir='ltr'><strong>multamque</strong></span> <span class='ocrx_word' id='word_1_446' title='bbox 1993 3311 2050 3366; x_wconf 88' lang='lat' dir='ltr'><strong>in</strong></span> 
     </span>
    </p>
   </div>
   <div class='ocr_carea' id='block_1_66' title="bbox 464 3394 2049 3474">
    <p class='ocr_par' dir='ltr' id='par_1_66' title="bbox 464 3394 2049 3474">
     <span class='ocr_line' id='line_1_66' title="bbox 464 3394 2049 3474; baseline 0.008 -26"><span class='ocrx_word' id='word_1_447' title='bbox 464 3394 678 3451; x_wconf 86' lang='lat' dir='ltr'><strong>Thrace</strong></span> <span class='ocrx_word' id='word_1_448' title='bbox 728 3397 966 3467; x_wconf 73' lang='lat' dir='ltr'><strong>praedam</strong></span> <span class='ocrx_word' id='word_1_449' title='bbox 992 3409 1303 3471; x_wconf 89' lang='lat' dir='ltr'><strong>captantes,</strong></span> <span class='ocrx_word' id='word_1_450' title='bbox 1336 3403 1705 3473; x_wconf 88' lang='lat' dir='ltr'><strong>epulabantur</strong></span> <span class='ocrx_word' id='word_1_451' title='bbox 1738 3405 2049 3474; x_wconf 89' lang='lat' dir='ltr'><strong>splendide,</strong></span> 
     </span>
    </p>
   </div>
   <div class='ocr_carea' id='block_1_67' title="bbox 469 3488 2052 3565">
    <p class='ocr_par' dir='ltr' id='par_1_67' title="bbox 469 3488 2052 3565">
     <span class='ocr_line' id='line_1_67' title="bbox 469 3488 2052 3565; baseline 0.006 -22"><span class='ocrx_word' id='word_1_452' title='bbox 469 3498 664 3544; x_wconf 82' lang='lat' dir='ltr'><strong>contra</strong></span> <span class='ocrx_word' id='word_1_453' title='bbox 715 3488 998 3547; x_wconf 83' lang='lat' dir='ltr'><strong>Romanos</strong></span> <span class='ocrx_word' id='word_1_454' title='bbox 1046 3493 1198 3548; x_wconf 89' lang='lat' dir='ltr'><strong>elati.</strong></span> <span class='ocrx_word' id='word_1_455' title='bbox 1249 3494 1500 3565; x_wconf 88' lang='lat' dir='ltr'><strong>Cumque</strong></span> <span class='ocrx_word' id='word_1_456' title='bbox 1535 3495 1917 3554; x_wconf 86' lang='lat' dir='ltr'><strong>Comentiolus</strong></span> <span class='ocrx_word' id='word_1_457' title='bbox 1958 3515 2052 3553; x_wconf 88' lang='lat' dir='ltr'><strong>vc-</strong></span> 
     </span>
    </p>
   </div>
   <div class='ocr_carea' id='block_1_68' title="bbox 467 3582 2051 3654">
    <p class='ocr_par' dir='ltr' id='par_1_68' title="bbox 467 3582 2051 3654">
     <span class='ocr_line' id='line_1_68' title="bbox 467 3582 2051 3654; baseline 0.008 -20"><span class='ocrx_word' id='word_1_458' title='bbox 467 3582 644 3636; x_wconf 89' lang='lat' dir='ltr'><strong>nisset</strong></span> <span class='ocrx_word' id='word_1_459' title='bbox 672 3583 1020 3654; x_wconf 83' lang='lat' dir='ltr'><strong>Byzantium,</strong></span> <span class='ocrx_word' id='word_1_460' title='bbox 1082 3586 1318 3641; x_wconf 79' lang='lat' dir='ltr'><strong>maxima</strong></span> <span class='ocrx_word' id='word_1_461' title='bbox 1352 3588 1471 3643; x_wconf 89' lang='lat' dir='ltr'><strong>urbi</strong></span> <span class='ocrx_word' id='word_1_462' title='bbox 1513 3590 1753 3644; x_wconf 87' lang='lat' dir='ltr'><strong>turbatio</strong></span> <span class='ocrx_word' id='word_1_463' title='bbox 1791 3602 1844 3646; x_wconf 88' lang='lat' dir='ltr'><strong>et</strong></span> <span class='ocrx_word' id='word_1_464' title='bbox 1880 3598 2051 3647; x_wconf 69' lang='lat' dir='ltr'><strong>aestus</strong></span> 
     </span>
    </p>
   </div>
   <div class='ocr_carea' id='block_1_69' title="bbox 468 3672 2051 3753">
    <p class='ocr_par' dir='ltr' id='par_1_69' title="bbox 468 3672 2051 3753">
     <span class='ocr_line' id='line_1_69' title="bbox 468 3672 2051 3753; baseline 0.008 -28"><span class='ocrx_word' id='word_1_465' title='bbox 468 3672 744 3741; x_wconf 89' lang='lat' dir='ltr'><strong>incubuit,</strong></span> <span class='ocrx_word' id='word_1_466' title='bbox 780 3675 853 3729; x_wconf 90' lang='lat' dir='ltr'><strong>ita</strong></span> <span class='ocrx_word' id='word_1_467' title='bbox 885 3684 944 3729; x_wconf 91' lang='lat' dir='ltr'><strong>ut</strong></span> <span class='ocrx_word' id='word_1_468' title='bbox 975 3677 1171 3733; x_wconf 89' lang='lat' dir='ltr'><strong>timore</strong></span> <span class='ocrx_word' id='word_1_469' title='bbox 1205 3678 1412 3734; x_wconf 87' lang='lat' dir='ltr'><strong>detenti</strong></span> <span class='ocrx_word' id='word_1_470' title='bbox 1452 3681 1749 3737; x_wconf 89' lang='lat' dir='ltr'><strong>consilium</strong></span> <span class='ocrx_word' id='word_1_471' title='bbox 1790 3693 2051 3753; x_wconf 83' lang='lat' dir='ltr'><strong>caperent</strong></span> 
     </span>
    </p>
   </div>
   <div class='ocr_carea' id='block_1_70' title="bbox 469 3762 2053 3835">
    <p class='ocr_par' dir='ltr' id='par_1_70' title="bbox 469 3762 2053 3835">
     <span class='ocr_line' id='line_1_70' title="bbox 469 3762 2053 3835; baseline 0.007 -16"><span class='ocrx_word' id='word_1_472' title='bbox 469 3762 746 3835; x_wconf 82' lang='lat' dir='ltr'><strong>Europam</strong></span> <span class='ocrx_word' id='word_1_473' title='bbox 808 3767 1097 3823; x_wconf 85' lang='lat' dir='ltr'><strong>deserendi</strong></span> <span class='ocrx_word' id='word_1_474' title='bbox 1151 3779 1204 3825; x_wconf 90' lang='lat' dir='ltr'><strong>et</strong></span> <span class='ocrx_word' id='word_1_475' title='bbox 1235 3771 1288 3825; x_wconf 90' lang='lat' dir='ltr'><strong>in</strong></span> <span class='ocrx_word' id='word_1_476' title='bbox 1318 3771 1506 3827; x_wconf 85' lang='lat' dir='ltr'><strong>Asiam</strong></span> <span class='ocrx_word' id='word_1_477' title='bbox 1551 3782 1605 3829; x_wconf 89' lang='lat' dir='ltr'><strong>et</strong></span> <span class='ocrx_word' id='word_1_478' title='bbox 1652 3773 2053 3830; x_wconf 81' lang='lat' dir='ltr'><strong>Chalcedoncm</strong></span> 
     </span>
    </p>
   </div>
   <div class='ocr_carea' id='block_1_71' title="bbox 471 3856 2054 3932">
    <p class='ocr_par' dir='ltr' id='par_1_71' title="bbox 471 3856 2054 3932">
     <span class='ocr_line' id='line_1_71' title="bbox 471 3856 2054 3932; baseline 0.008 -24"><span class='ocrx_word' id='word_1_479' title='bbox 471 3856 764 3927; x_wconf 77' lang='lat' dir='ltr'><strong>migrandi.</strong></span> <span class='ocrx_word' id='word_1_480' title='bbox 798 3858 941 3926; x_wconf 90' lang='lat' dir='ltr'><strong>Quin</strong></span> <span class='ocrx_word' id='word_1_481' title='bbox 978 3870 1034 3915; x_wconf 90' lang='lat' dir='ltr'><strong>et</strong></span> <span class='ocrx_word' id='word_1_482' title='bbox 1069 3862 1366 3932; x_wconf 86' lang='lat' dir='ltr'><strong>imperator</strong></span> <span class='ocrx_word' id='word_1_483' title='bbox 1415 3864 1839 3921; x_wconf 76' lang='lat' dir='ltr'><strong>excubitoribus</strong></span> <span class='ocrx_word' id='word_1_484' title='bbox 1875 3880 2054 3920; x_wconf 89' lang='lat' dir='ltr'><strong>arma-</strong></span> 
     </span>
    </p>
   </div>
   <div class='ocr_carea' id='block_1_72' title="bbox 468 3953 2054 4028">
    <p class='ocr_par' dir='ltr' id='par_1_72' title="bbox 468 3953 2054 4028">
     <span class='ocr_line' id='line_1_72' title="bbox 468 3953 2054 4028; baseline 0.006 -25"><span class='ocrx_word' id='word_1_485' title='bbox 468 3956 635 4020; x_wconf 86' lang='lat' dir='ltr'><strong>toque</strong></span> <span class='ocrx_word' id='word_1_486' title='bbox 664 3961 718 4005; x_wconf 91' lang='lat' dir='ltr'><strong>et</strong></span> <span class='ocrx_word' id='word_1_487' title='bbox 754 3953 932 4008; x_wconf 89' lang='lat' dir='ltr'><strong>electo</strong></span> <span class='ocrx_word' id='word_1_488' title='bbox 981 3970 1159 4009; x_wconf 89' lang='lat' dir='ltr'><strong>cuneo</strong></span> <span class='ocrx_word' id='word_1_489' title='bbox 1197 3964 1417 4027; x_wconf 87' lang='lat' dir='ltr'><strong>sumpto</strong></span> <span class='ocrx_word' id='word_1_490' title='bbox 1452 3973 1641 4014; x_wconf 89' lang='lat' dir='ltr'><strong>muros</strong></span> <span class='ocrx_word' id='word_1_491' title='bbox 1675 3958 1893 4028; x_wconf 83' lang='lat' dir='ltr'><strong>Longos</strong></span> <span class='ocrx_word' id='word_1_492' title='bbox 1933 3974 2054 4013; x_wconf 87' lang='lat' dir='ltr'><strong>mu-</strong></span> 
     </span>
    </p>
   </div>
   <div class='ocr_carea' id='block_1_73' title="bbox 469 4042 2052 4117">
    <p class='ocr_par' dir='ltr' id='par_1_73' title="bbox 469 4042 2052 4117">
     <span class='ocr_line' id='line_1_73' title="bbox 469 4042 2052 4117; baseline 0.007 -22"><span class='ocrx_word' id='word_1_493' title='bbox 469 4043 629 4098; x_wconf 85' lang='lat' dir='ltr'><strong>nivit.</strong></span> <span class='ocrx_word' id='word_1_494' title='bbox 654 4042 861 4116; x_wconf 77' lang='lat' dir='ltr'><strong>Vulgus</strong></span> <span class='ocrx_word' id='word_1_495' title='bbox 899 4054 1083 4101; x_wconf 89' lang='lat' dir='ltr'><strong>autem</strong></span> <span class='ocrx_word' id='word_1_496' title='bbox 1117 4048 1305 4104; x_wconf 88' lang='lat' dir='ltr'><strong>urbem</strong></span> <span class='ocrx_word' id='word_1_497' title='bbox 1335 4052 1703 4117; x_wconf 87' lang='lat' dir='ltr'><strong>custodiebat,</strong></span> <span class='ocrx_word' id='word_1_498' title='bbox 1737 4061 1792 4107; x_wconf 91' lang='lat' dir='ltr'><strong>et</strong></span> <span class='ocrx_word' id='word_1_499' title='bbox 1822 4059 2052 4107; x_wconf 80' lang='lat' dir='ltr'><strong>senatus</strong></span> 
     </span>
    </p>
   </div>
   <div class='ocr_carea' id='block_1_74' title="bbox 469 4141 2052 4213">
    <p class='ocr_par' dir='ltr' id='par_1_74' title="bbox 469 4141 2052 4213">
     <span class='ocr_line' id='line_1_74' title="bbox 469 4141 2052 4213; baseline 0.003 -22"><span class='ocrx_word' id='word_1_500' title='bbox 469 4141 855 4195; x_wconf 83' lang='lat' dir='ltr'><strong>commonebat</strong></span> <span class='ocrx_word' id='word_1_501' title='bbox 879 4141 1266 4211; x_wconf 89' lang='lat' dir='ltr'><strong>imperatorem</strong></span> <span class='ocrx_word' id='word_1_502' title='bbox 1289 4145 1613 4213; x_wconf 79' lang='lat' dir='ltr'><strong>legationem</strong></span> <span class='ocrx_word' id='word_1_503' title='bbox 1638 4144 1705 4197; x_wconf 88' lang='lat' dir='ltr'><strong>ad</strong></span> <span class='ocrx_word' id='word_1_504' title='bbox 1746 4145 2052 4213; x_wconf 74' lang='lat' dir='ltr'><strong>chaganum</strong></span> 
     </span>
    </p>
   </div>
   <div class='ocr_carea' id='block_1_75' title="bbox 470 4231 2052 4309">
    <p class='ocr_par' dir='ltr' id='par_1_75' title="bbox 470 4231 2052 4309">
     <span class='ocr_line' id='line_1_75' title="bbox 470 4231 2052 4309; baseline 0.005 -24"><span class='ocrx_word' id='word_1_505' title='bbox 470 4231 749 4287; x_wconf 74' lang='lat' dir='ltr'><strong>mittendi.</strong></span> <span class='ocrx_word' id='word_1_506' title='bbox 777 4231 919 4287; x_wconf 90' lang='lat' dir='ltr'><strong>Deus</strong></span> <span class='ocrx_word' id='word_1_507' title='bbox 942 4247 1122 4289; x_wconf 89' lang='lat' dir='ltr'><strong>autem</strong></span> <span class='ocrx_word' id='word_1_508' title='bbox 1149 4236 1443 4291; x_wconf 89' lang='lat' dir='ltr'><strong>vindictam</strong></span> <span class='ocrx_word' id='word_1_509' title='bbox 1471 4238 1731 4309; x_wconf 84' lang='lat' dir='ltr'><strong>martyris</strong></span> <span class='ocrx_word' id='word_1_510' title='bbox 1758 4236 2052 4293; x_wconf 78' lang='lat' dir='ltr'><strong>Alexandri</strong></span> 
     </span>
    </p>
   </div>
   <div class='ocr_carea' id='block_1_76' title="bbox 472 4323 2055 4398">
    <p class='ocr_par' dir='ltr' id='par_1_76' title="bbox 472 4323 2055 4398">
     <span class='ocr_line' id='line_1_76' title="bbox 472 4323 2055 4398; baseline 0.006 -21"><span class='ocrx_word' id='word_1_511' title='bbox 472 4323 683 4379; x_wconf 83' lang='lat' dir='ltr'><strong>faciens</strong></span> <span class='ocrx_word' id='word_1_512' title='bbox 718 4327 1066 4394; x_wconf 86' lang='lat' dir='ltr'><strong>pestilentem</strong></span> <span class='ocrx_word' id='word_1_513' title='bbox 1107 4328 1426 4398; x_wconf 75' lang='lat' dir='ltr'><strong>languorem</strong></span> <span class='ocrx_word' id='word_1_514' title='bbox 1457 4329 1719 4385; x_wconf 87' lang='lat' dir='ltr'><strong>Barbaris</strong></span> <span class='ocrx_word' id='word_1_515' title='bbox 1750 4331 1958 4397; x_wconf 91' lang='lat' dir='ltr'><strong>intulit,</strong></span> <span class='ocrx_word' id='word_1_516' title='bbox 2001 4342 2055 4387; x_wconf 90' lang='lat' dir='ltr'><strong>et</strong></span> 
     </span>
    </p>
   </div>
   <div class='ocr_carea' id='block_1_77' title="bbox 2154 3120 3747 3195">
    <p class='ocr_par' dir='ltr' id='par_1_77' title="bbox 2154 3120 3747 3195">
     <span class='ocr_line' id='line_1_77' title="bbox 2154 3120 3747 3195; baseline 0.004 -21"><span class='ocrx_word' id='word_1_517' title='bbox 2154 3130 2207 3174; x_wconf 91' lang='lat' dir='ltr'><strong>et</strong></span> <span class='ocrx_word' id='word_1_518' title='bbox 2253 3121 2472 3175; x_wconf 79' lang='lat' dir='ltr'><strong>cunctis</strong></span> <span class='ocrx_word' id='word_1_519' title='bbox 2522 3120 3012 3177; x_wconf 88' lang='lat' dir='ltr'><strong>demonstrabatur</strong></span> <span class='ocrx_word' id='word_1_520' title='bbox 3042 3122 3253 3179; x_wconf 88' lang='lat' dir='ltr'><strong>nudus.</strong></span> <span class='ocrx_word' id='word_1_521' title='bbox 3300 3126 3514 3195; x_wconf 87' lang='lat' dir='ltr'><strong>reliqua</strong></span> <span class='ocrx_word' id='word_1_522' title='bbox 3556 3136 3747 3182; x_wconf 84' lang='lat' dir='ltr'><strong>autem</strong></span> 
     </span>
    </p>
   </div>
   <div class='ocr_carea' id='block_1_78' title="bbox 2156 3213 3753 3289">
    <p class='ocr_par' dir='ltr' id='par_1_78' title="bbox 2156 3213 3753 3289">
     <span class='ocr_line' id='line_1_78' title="bbox 2156 3213 3753 3289; baseline 0.004 -20"><span class='ocrx_word' id='word_1_523' title='bbox 2156 3214 2405 3284; x_wconf 86' lang='lat' dir='ltr'><strong>corporis</strong></span> <span class='ocrx_word' id='word_1_524' title='bbox 2463 3213 2707 3269; x_wconf 88' lang='lat' dir='ltr'><strong>membra</strong></span> <span class='ocrx_word' id='word_1_525' title='bbox 2776 3214 3125 3284; x_wconf 88' lang='lat' dir='ltr'><strong>cooperiebat</strong></span> <span class='ocrx_word' id='word_1_526' title='bbox 3172 3231 3334 3287; x_wconf 91' lang='lat' dir='ltr'><strong>aqua.</strong></span> <span class='ocrx_word' id='word_1_527' title='bbox 3392 3219 3559 3272; x_wconf 80' lang='lat' dir='ltr'><strong>Hunc</strong></span> <span class='ocrx_word' id='word_1_528' title='bbox 3606 3235 3753 3289; x_wconf 73' lang='lat' dir='ltr'><strong>pra:-</strong></span> 
     </span>
    </p>
   </div>
   <div class='ocr_carea' id='block_1_79' title="bbox 2155 3306 3754 3383">
    <p class='ocr_par' dir='ltr' id='par_1_79' title="bbox 2155 3306 3754 3383">
     <span class='ocr_line' id='line_1_79' title="bbox 2155 3306 3754 3383; baseline 0.003 -21"><span class='ocrx_word' id='word_1_529' title='bbox 2155 3307 2332 3363; x_wconf 82' lang='lat' dir='ltr'><strong>lectus</strong></span> <span class='ocrx_word' id='word_1_530' title='bbox 2354 3306 2755 3376; x_wconf 88' lang='lat' dir='ltr'><strong>adjuramentis</strong></span> <span class='ocrx_word' id='word_1_531' title='bbox 2780 3309 3117 3364; x_wconf 81' lang='lat' dir='ltr'><strong>constrinxit</strong></span> <span class='ocrx_word' id='word_1_532' title='bbox 3140 3325 3209 3366; x_wconf 90' lang='lat' dir='ltr'><strong>ne</strong></span> <span class='ocrx_word' id='word_1_533' title='bbox 3239 3309 3547 3367; x_wconf 83' lang='lat' dir='ltr'><strong>destrueret</strong></span> <span class='ocrx_word' id='word_1_534' title='bbox 3576 3326 3754 3383; x_wconf 83' lang='lat' dir='ltr'><strong>aspe-</strong></span> 
     </span>
    </p>
   </div>
   <div class='ocr_carea' id='block_1_80' title="bbox 2155 3400 3752 3473">
    <p class='ocr_par' dir='ltr' id='par_1_80' title="bbox 2155 3400 3752 3473">
     <span class='ocr_line' id='line_1_80' title="bbox 2155 3400 3752 3473; baseline 0.004 -20"><span class='ocrx_word' id='word_1_535' title='bbox 2155 3409 2300 3454; x_wconf 89' lang='lat' dir='ltr'><strong>ctum</strong></span> <span class='ocrx_word' id='word_1_536' title='bbox 2354 3400 2674 3470; x_wconf 84' lang='lat' dir='ltr'><strong>priusquam</strong></span> <span class='ocrx_word' id='word_1_537' title='bbox 2713 3416 2905 3458; x_wconf 89' lang='lat' dir='ltr'><strong>omnes</strong></span> <span class='ocrx_word' id='word_1_538' title='bbox 2959 3400 3133 3457; x_wconf 89' lang='lat' dir='ltr'><strong>saturi</strong></span> <span class='ocrx_word' id='word_1_539' title='bbox 3170 3403 3363 3458; x_wconf 89' lang='lat' dir='ltr'><strong>lierent</strong></span> <span class='ocrx_word' id='word_1_540' title='bbox 3393 3402 3498 3457; x_wconf 90' lang='lat' dir='ltr'><strong>hoc</strong></span> <span class='ocrx_word' id='word_1_541' title='bbox 3557 3405 3752 3473; x_wconf 82' lang='lat' dir='ltr'><strong>inopi-</strong></span> 
     </span>
    </p>
   </div>
   <div class='ocr_carea' id='block_1_81' title="bbox 2156 3492 3754 3563">
    <p class='ocr_par' dir='ltr' id='par_1_81' title="bbox 2156 3492 3754 3563">
     <span class='ocr_line' id='line_1_81' title="bbox 2156 3492 3754 3563; baseline 0.004 -16"><span class='ocrx_word' id='word_1_542' title='bbox 2156 3500 2286 3548; x_wconf 84' lang='lat' dir='ltr'><strong>nato</strong></span> <span class='ocrx_word' id='word_1_543' title='bbox 2316 3494 2654 3563; x_wconf 87' lang='lat' dir='ltr'><strong>spectaculo.</strong></span> <span class='ocrx_word' id='word_1_544' title='bbox 2688 3492 2859 3550; x_wconf 86' lang='lat' dir='ltr'><strong>Porro</strong></span> <span class='ocrx_word' id='word_1_545' title='bbox 2892 3496 3090 3551; x_wconf 91' lang='lat' dir='ltr'><strong>mulier</strong></span> <span class='ocrx_word' id='word_1_546' title='bbox 3127 3504 3182 3550; x_wconf 88' lang='lat' dir='ltr'><strong>et</strong></span> <span class='ocrx_word' id='word_1_547' title='bbox 3245 3497 3518 3551; x_wconf 79' lang='lat' dir='ltr'><strong>mamillas</strong></span> <span class='ocrx_word' id='word_1_548' title='bbox 3585 3496 3754 3553; x_wconf 77' lang='lat' dir='ltr'><strong>babe-</strong></span> 
     </span>
    </p>
   </div>
   <div class='ocr_carea' id='block_1_82' title="bbox 2171 3584 3753 3657">
    <p class='ocr_par' dir='ltr' id='par_1_82' title="bbox 2171 3584 3753 3657">
     <span class='ocr_line' id='line_1_82' title="bbox 2171 3584 3753 3657; baseline 0 -18"><span class='ocrx_word' id='word_1_549' title='bbox 2171 3584 2264 3639; x_wconf 89' lang='lat' dir='ltr'><strong>bat</strong></span> <span class='ocrx_word' id='word_1_550' title='bbox 2291 3594 2346 3639; x_wconf 89' lang='lat' dir='ltr'><strong>et</strong></span> <span class='ocrx_word' id='word_1_551' title='bbox 2385 3585 2678 3639; x_wconf 82' lang='lat' dir='ltr'><strong>femineum</strong></span> <span class='ocrx_word' id='word_1_552' title='bbox 2722 3586 2933 3640; x_wconf 89' lang='lat' dir='ltr'><strong>vultum</strong></span> <span class='ocrx_word' id='word_1_553' title='bbox 2974 3586 3336 3656; x_wconf 64' lang='lat' dir='ltr'><strong>caesariesquc</strong></span> <span class='ocrx_word' id='word_1_554' title='bbox 3376 3588 3657 3657; x_wconf 72' lang='lat' dir='ltr'><strong>prolixus.</strong></span> <span class='ocrx_word' id='word_1_555' title='bbox 3692 3587 3753 3639; x_wconf 81' lang='lat' dir='ltr'><strong>Et</strong></span> 
     </span>
    </p>
   </div>
   <div class='ocr_carea' id='block_1_83' title="bbox 2158 3678 3751 3750">
    <p class='ocr_par' dir='ltr' id='par_1_83' title="bbox 2158 3678 3751 3750">
     <span class='ocr_line' id='line_1_83' title="bbox 2158 3678 3751 3750; baseline 0.002 -19"><span class='ocrx_word' id='word_1_556' title='bbox 2158 3678 2225 3733; x_wconf 82' lang='lat' dir='ltr'><strong>ad</strong></span> <span class='ocrx_word' id='word_1_557' title='bbox 2264 3679 2452 3733; x_wconf 89' lang='lat' dir='ltr'><strong>horam</strong></span> <span class='ocrx_word' id='word_1_558' title='bbox 2492 3694 2692 3734; x_wconf 90' lang='lat' dir='ltr'><strong>nonam</strong></span> <span class='ocrx_word' id='word_1_559' title='bbox 2720 3680 2901 3735; x_wconf 89' lang='lat' dir='ltr'><strong>omnis</strong></span> <span class='ocrx_word' id='word_1_560' title='bbox 2929 3681 3167 3750; x_wconf 90' lang='lat' dir='ltr'><strong>populus</strong></span> <span class='ocrx_word' id='word_1_561' title='bbox 3200 3681 3534 3744; x_wconf 88' lang='lat' dir='ltr'><strong>mirabatur,</strong></span> <span class='ocrx_word' id='word_1_562' title='bbox 3556 3680 3751 3734; x_wconf 68' lang='lat' dir='ltr'><strong>videns</strong></span> 
     </span>
    </p>
   </div>
   <div class='ocr_carea' id='block_1_84' title="bbox 2157 3769 3752 3842">
    <p class='ocr_par' dir='ltr' id='par_1_84' title="bbox 2157 3769 3752 3842">
     <span class='ocr_line' id='line_1_84' title="bbox 2157 3769 3752 3842; baseline 0.002 -17"><span class='ocrx_word' id='word_1_563' title='bbox 2157 3769 2273 3825; x_wconf 68' lang='lat' dir='ltr'><strong>hrec</strong></span> <span class='ocrx_word' id='word_1_564' title='bbox 2322 3771 2649 3836; x_wconf 87' lang='lat' dir='ltr'><strong>animantia,</strong></span> <span class='ocrx_word' id='word_1_565' title='bbox 2694 3787 2926 3842; x_wconf 65' lang='lat' dir='ltr'><strong>quicque</strong></span> <span class='ocrx_word' id='word_1_566' title='bbox 2957 3773 3091 3828; x_wconf 84' lang='lat' dir='ltr'><strong>hora</strong></span> <span class='ocrx_word' id='word_1_567' title='bbox 3127 3788 3270 3827; x_wconf 89' lang='lat' dir='ltr'><strong>nona</strong></span> <span class='ocrx_word' id='word_1_568' title='bbox 3310 3774 3365 3826; x_wconf 89' lang='lat' dir='ltr'><strong>in</strong></span> <span class='ocrx_word' id='word_1_569' title='bbox 3407 3771 3623 3827; x_wconf 82' lang='lat' dir='ltr'><strong>ﬂumen</strong></span> <span class='ocrx_word' id='word_1_570' title='bbox 3665 3774 3752 3827; x_wconf 83' lang='lat' dir='ltr'><strong>de-</strong></span> 
     </span>
    </p>
   </div>
   <div class='ocr_carea' id='block_1_85' title="bbox 2158 3861 3751 3936">
    <p class='ocr_par' dir='ltr' id='par_1_85' title="bbox 2158 3861 3751 3936">
     <span class='ocr_line' id='line_1_85' title="bbox 2158 3861 3751 3936; baseline 0.001 -19"><span class='ocrx_word' id='word_1_571' title='bbox 2158 3877 2339 3919; x_wconf 88' lang='lat' dir='ltr'><strong>mersa</strong></span> <span class='ocrx_word' id='word_1_572' title='bbox 2368 3872 2520 3918; x_wconf 91' lang='lat' dir='ltr'><strong>sunt.</strong></span> <span class='ocrx_word' id='word_1_573' title='bbox 2551 3861 2697 3918; x_wconf 89' lang='lat' dir='ltr'><strong>Sane</strong></span> <span class='ocrx_word' id='word_1_574' title='bbox 2724 3862 2911 3919; x_wconf 75' lang='lat' dir='ltr'><strong>Menas</strong></span> <span class='ocrx_word' id='word_1_575' title='bbox 2955 3866 3275 3936; x_wconf 88' lang='lat' dir='ltr'><strong>imperatori</strong></span> <span class='ocrx_word' id='word_1_576' title='bbox 3326 3867 3444 3921; x_wconf 66' lang='lat' dir='ltr'><strong>haec</strong></span> <span class='ocrx_word' id='word_1_577' title='bbox 3482 3865 3751 3922; x_wconf 72' lang='lat' dir='ltr'><strong>Mauricio</strong></span> 
     </span>
    </p>
   </div>
   <div class='ocr_carea' id='block_1_86' title="bbox 2158 3958 2372 4014">
    <p class='ocr_par' dir='ltr' id='par_1_86' title="bbox 2158 3958 2372 4014">
     <span class='ocr_line' id='line_1_86' title="bbox 2158 3958 2372 4014; baseline 0.014 -3"><span class='ocrx_word' id='word_1_578' title='bbox 2158 3958 2372 4014; x_wconf 90' lang='lat' dir='ltr'><strong>scribit.</strong></span> 
     </span>
    </p>
   </div>
   <div class='ocr_carea' id='block_1_87' title="bbox 2230 4051 3754 4117">
    <p class='ocr_par' dir='ltr' id='par_1_87' title="bbox 2230 4051 3754 4117">
     <span class='ocr_line' id='line_1_87' title="bbox 2230 4051 3754 4117; baseline 0.003 -10"><span class='ocrx_word' id='word_1_579' title='bbox 2230 4053 2415 4109; x_wconf 83' lang='lat' dir='ltr'><strong>Mundi</strong></span> <span class='ocrx_word' id='word_1_580' title='bbox 2442 4068 2587 4108; x_wconf 90' lang='lat' dir='ltr'><strong>anno</strong></span> <span class='ocrx_word' id='word_1_581' title='bbox 2613 4052 2773 4117; x_wconf 74' lang='lat'><strong>6095,</strong></span> <span class='ocrx_word' id='word_1_582' title='bbox 2791 4051 2990 4106; x_wconf 77' lang='lat' dir='ltr'><strong>divinae</strong></span> <span class='ocrx_word' id='word_1_583' title='bbox 3017 4051 3420 4109; x_wconf 87' lang='lat' dir='ltr'><strong>incarnationis</strong></span> <span class='ocrx_word' id='word_1_584' title='bbox 3450 4069 3605 4107; x_wconf 89' lang='lat' dir='ltr'><strong>anno</strong></span> <span class='ocrx_word' id='word_1_585' title='bbox 3630 4052 3754 4113; x_wconf 76' lang='lat'><strong>593.</strong></span> 
     </span>
    </p>
   </div>
   <div class='ocr_carea' id='block_1_88' title="bbox 2157 4144 3761 4218">
    <p class='ocr_par' dir='ltr' id='par_1_88' title="bbox 2157 4144 3761 4218">
     <span class='ocr_line' id='line_1_88' title="bbox 2157 4144 3761 4218; baseline -0.001 -17"><span class='ocrx_word' id='word_1_586' title='bbox 2157 4147 2373 4217; x_wconf 90' lang='lat' dir='ltr'><strong>imperii</strong></span> <span class='ocrx_word' id='word_1_587' title='bbox 2395 4162 2521 4201; x_wconf 82' lang='lat' dir='ltr'><strong>vero</strong></span> <span class='ocrx_word' id='word_1_588' title='bbox 2540 4144 2787 4200; x_wconf 78' lang='lat' dir='ltr'><strong>Mauricii</strong></span> <span class='ocrx_word' id='word_1_589' title='bbox 2814 4145 2880 4199; x_wconf 80' lang='lat' dir='ltr'><strong>l9</strong></span> <span class='ocrx_word' id='word_1_590' title='bbox 2903 4160 3046 4199; x_wconf 90' lang='lat' dir='ltr'><strong>anno</strong></span> <span class='ocrx_word' id='word_1_591' title='bbox 3068 4144 3320 4199; x_wconf 90' lang='lat' dir='ltr'><strong>llisacius</strong></span> <span class='ocrx_word' id='word_1_592' title='bbox 3347 4145 3761 4218; x_wconf 73' lang='lat' dir='ltr'><strong>Hierosolymis</strong></span> 
     </span>
    </p>
   </div>
   <div class='ocr_carea' id='block_1_89' title="bbox 2160 4235 3764 4309">
    <p class='ocr_par' dir='ltr' id='par_1_89' title="bbox 2160 4235 3764 4309">
     <span class='ocr_line' id='line_1_89' title="bbox 2160 4235 3764 4309; baseline 0 -17"><span class='ocrx_word' id='word_1_593' title='bbox 2160 4240 2395 4294; x_wconf 88' lang='lat' dir='ltr'><strong>habetur</strong></span> <span class='ocrx_word' id='word_1_594' title='bbox 2435 4239 2688 4294; x_wconf 81' lang='lat' dir='ltr'><strong>antistes.</strong></span> <span class='ocrx_word' id='word_1_595' title='bbox 2735 4237 2832 4294; x_wconf 88' lang='lat' dir='ltr'><strong>Die</strong></span> <span class='ocrx_word' id='word_1_596' title='bbox 2881 4248 3063 4293; x_wconf 89' lang='lat' dir='ltr'><strong>autem</strong></span> <span class='ocrx_word' id='word_1_597' title='bbox 3112 4235 3357 4293; x_wconf 80' lang='lat' dir='ltr'><strong>Pascbac</strong></span> <span class='ocrx_word' id='word_1_598' title='bbox 3398 4238 3618 4309; x_wconf 85' lang='lat' dir='ltr'><strong>Sophia</strong></span> <span class='ocrx_word' id='word_1_599' title='bbox 3657 4241 3764 4294; x_wconf 71' lang='lat' dir='ltr'><strong>Au-</strong></span> 
     </span>
    </p>
   </div>
   <div class='ocr_carea' id='block_1_90' title="bbox 2160 4329 3763 4400">
    <p class='ocr_par' dir='ltr' id='par_1_90' title="bbox 2160 4329 3763 4400">
     <span class='ocr_line' id='line_1_90' title="bbox 2160 4329 3763 4400; baseline 0.004 -19"><span class='ocrx_word' id='word_1_600' title='bbox 2160 4340 2336 4400; x_wconf 85' lang='lat' dir='ltr'><strong>gusta,</strong></span> <span class='ocrx_word' id='word_1_601' title='bbox 2376 4346 2515 4385; x_wconf 85' lang='lat' dir='ltr'><strong>uxor</strong></span> <span class='ocrx_word' id='word_1_602' title='bbox 2541 4329 2767 4397; x_wconf 77' lang='lat' dir='ltr'><strong>Justiui,</strong></span> <span class='ocrx_word' id='word_1_603' title='bbox 2802 4347 2910 4385; x_wconf 81' lang='lat' dir='ltr'><strong>una</strong></span> <span class='ocrx_word' id='word_1_604' title='bbox 2940 4348 3066 4386; x_wconf 91' lang='lat' dir='ltr'><strong>cum</strong></span> <span class='ocrx_word' id='word_1_605' title='bbox 3098 4332 3466 4387; x_wconf 85' lang='lat' dir='ltr'><strong>Constantina</strong></span> <span class='ocrx_word' id='word_1_606' title='bbox 3504 4332 3763 4388; x_wconf 72' lang='lat' dir='ltr'><strong>Mauricii</strong></span> 
     </span>
    </p>
   </div>
   <div class='ocr_carea' id='block_1_91' title="bbox 472 4392 3763 4497">
    <p class='ocr_par' dir='ltr' id='par_1_91' title="bbox 472 4392 3763 4497">
     <span class='ocr_line' id='line_1_91' title="bbox 472 4392 3763 4497; baseline 0.002 -26"><span class='ocrx_word' id='word_1_607' title='bbox 472 4416 527 4471; x_wconf 91' lang='lat' dir='ltr'><strong>in</strong></span> <span class='ocrx_word' id='word_1_608' title='bbox 560 4431 671 4471; x_wconf 90' lang='lat' dir='ltr'><strong>uno</strong></span> <span class='ocrx_word' id='word_1_609' title='bbox 704 4392 795 4471; x_wconf 83' lang='lat' dir='ltr'><strong>die</strong></span> <span class='ocrx_word' id='word_1_610' title='bbox 825 4425 1031 4486; x_wconf 86' lang='lat' dir='ltr'><strong>septem</strong></span> <span class='ocrx_word' id='word_1_611' title='bbox 1080 4392 1229 4474; x_wconf 71' lang='lat' dir='ltr'><strong>lilios</strong></span> <span class='ocrx_word' id='word_1_612' title='bbox 1267 4421 1496 4491; x_wconf 88' lang='lat' dir='ltr'><strong>chagani</strong></span> <span class='ocrx_word' id='word_1_613' title='bbox 1529 4436 1622 4489; x_wconf 89' lang='lat' dir='ltr'><strong>per</strong></span> <span class='ocrx_word' id='word_1_614' title='bbox 1652 4420 1847 4475; x_wconf 81' lang='lat' dir='ltr'><strong>febrim</strong></span> <span class='ocrx_word' id='word_1_615' title='bbox 1890 4432 1942 4476; x_wconf 88' lang='lat' dir='ltr'><strong>et</strong></span> <span class='ocrx_word' id='word_1_616' title='bbox 1970 4423 2055 4477; x_wconf 88' lang='lat' dir='ltr'><strong>in-</strong></span> <span class='ocrx_word' id='word_1_617' title='bbox 2088 4392 2135 4451; x_wconf 71' lang='grc' dir='ltr'><strong>θ</strong></span> <span class='ocrx_word' id='word_1_618' title='bbox 2163 4422 2403 4494; x_wconf 75' lang='lat' dir='ltr'><strong>conjuge</strong></span> <span class='ocrx_word' id='word_1_619' title='bbox 2440 4433 2673 4479; x_wconf 88' lang='lat' dir='ltr'><strong>stemma</strong></span> <span class='ocrx_word' id='word_1_620' title='bbox 2725 4432 3110 4479; x_wconf 90' lang='lat' dir='ltr'><strong>constructum</strong></span> <span class='ocrx_word' id='word_1_621' title='bbox 3159 4425 3470 4479; x_wconf 90' lang='lat' dir='ltr'><strong>attulerunt</strong></span> <span class='ocrx_word' id='word_1_622' title='bbox 3520 4427 3763 4497; x_wconf 83' lang='lat' dir='ltr'><strong>impera-</strong></span> 
     </span>
    </p>
   </div>
   <div class='ocr_carea' id='block_1_92' title="bbox 472 4510 2056 4580">
    <p class='ocr_par' dir='ltr' id='par_1_92' title="bbox 472 4510 2056 4580">
     <span class='ocr_line' id='line_1_92' title="bbox 472 4510 2056 4580; baseline 0.006 -18"><span class='ocrx_word' id='word_1_623' title='bbox 472 4510 783 4580; x_wconf 87' lang='lat' dir='ltr'><strong>guinariam</strong></span> <span class='ocrx_word' id='word_1_624' title='bbox 818 4511 1129 4580; x_wconf 85' lang='lat' dir='ltr'><strong>passionem</strong></span> <span class='ocrx_word' id='word_1_625' title='bbox 1157 4514 1382 4580; x_wconf 90' lang='lat' dir='ltr'><strong>occidit,</strong></span> <span class='ocrx_word' id='word_1_626' title='bbox 1418 4529 1524 4568; x_wconf 89' lang='lat' dir='ltr'><strong>una</strong></span> <span class='ocrx_word' id='word_1_627' title='bbox 1559 4530 1683 4569; x_wconf 90' lang='lat' dir='ltr'><strong>cum</strong></span> <span class='ocrx_word' id='word_1_628' title='bbox 1717 4515 1843 4570; x_wconf 91' lang='lat' dir='ltr'><strong>aliis</strong></span> <span class='ocrx_word' id='word_1_629' title='bbox 1878 4515 2056 4571; x_wconf 89' lang='lat' dir='ltr'><strong>turbis</strong></span> 
     </span>
    </p>
   </div>
   <div class='ocr_carea' id='block_1_93' title="bbox 477 4599 2056 4676">
    <p class='ocr_par' dir='ltr' id='par_1_93' title="bbox 477 4599 2056 4676">
     <span class='ocr_line' id='line_1_93' title="bbox 477 4599 2056 4676; baseline 0.007 -24"><span class='ocrx_word' id='word_1_630' title='bbox 477 4599 685 4666; x_wconf 89' lang='lat' dir='ltr'><strong>multis,</strong></span> <span class='ocrx_word' id='word_1_631' title='bbox 723 4600 799 4655; x_wconf 84' lang='lat' dir='ltr'><strong>ita</strong></span> <span class='ocrx_word' id='word_1_632' title='bbox 850 4612 908 4655; x_wconf 91' lang='lat' dir='ltr'><strong>ut</strong></span> <span class='ocrx_word' id='word_1_633' title='bbox 950 4617 1051 4672; x_wconf 91' lang='lat' dir='ltr'><strong>pro</strong></span> <span class='ocrx_word' id='word_1_634' title='bbox 1089 4601 1405 4674; x_wconf 89' lang='lat' dir='ltr'><strong>triumphali</strong></span> <span class='ocrx_word' id='word_1_635' title='bbox 1454 4604 1680 4676; x_wconf 90' lang='lat' dir='ltr'><strong>gaudio,</strong></span> <span class='ocrx_word' id='word_1_636' title='bbox 1717 4606 2056 4663; x_wconf 88' lang='lat' dir='ltr'><strong>carminibus</strong></span> 
     </span>
    </p>
   </div>
   <div class='ocr_carea' id='block_1_94' title="bbox 474 4693 2057 4771">
    <p class='ocr_par' dir='ltr' id='par_1_94' title="bbox 474 4693 2057 4771">
     <span class='ocr_line' id='line_1_94' title="bbox 474 4693 2057 4771; baseline 0.006 -24"><span class='ocrx_word' id='word_1_637' title='bbox 474 4708 541 4748; x_wconf 88' lang='lat' dir='ltr'><strong>ac</strong></span> <span class='ocrx_word' id='word_1_638' title='bbox 563 4694 795 4749; x_wconf 89' lang='lat' dir='ltr'><strong>canticis</strong></span> <span class='ocrx_word' id='word_1_639' title='bbox 826 4693 1251 4753; x_wconf 88' lang='lat' dir='ltr'><strong>lamentationes</strong></span> <span class='ocrx_word' id='word_1_640' title='bbox 1274 4706 1329 4753; x_wconf 89' lang='lat' dir='ltr'><strong>et</strong></span> <span class='ocrx_word' id='word_1_641' title='bbox 1352 4699 1624 4771; x_wconf 81' lang='lat' dir='ltr'><strong>lacrymas</strong></span> <span class='ocrx_word' id='word_1_642' title='bbox 1649 4715 1718 4756; x_wconf 87' lang='lat' dir='ltr'><strong>ac</strong></span> <span class='ocrx_word' id='word_1_643' title='bbox 1734 4700 1915 4756; x_wconf 91' lang='lat' dir='ltr'><strong>luctus</strong></span> <span class='ocrx_word' id='word_1_644' title='bbox 1936 4703 2057 4757; x_wconf 88' lang='lat' dir='ltr'><strong>sine</strong></span> 
     </span>
    </p>
   </div>
   <div class='ocr_carea' id='block_1_95' title="bbox 475 4786 2055 4860">
    <p class='ocr_par' dir='ltr' id='par_1_95' title="bbox 475 4786 2055 4860">
     <span class='ocr_line' id='line_1_95' title="bbox 475 4786 2055 4860; baseline 0.006 -21"><span class='ocrx_word' id='word_1_645' title='bbox 475 4786 858 4841; x_wconf 80' lang='lat' dir='ltr'><strong>consolatione</strong></span> <span class='ocrx_word' id='word_1_646' title='bbox 890 4786 1170 4844; x_wconf 85' lang='lat' dir='ltr'><strong>Barbarus</strong></span> <span class='ocrx_word' id='word_1_647' title='bbox 1200 4790 1533 4860; x_wconf 81' lang='lat' dir='ltr'><strong>possideret.</strong></span> <span class='ocrx_word' id='word_1_648' title='bbox 1567 4793 1637 4846; x_wconf 83' lang='lat' dir='ltr'><strong>At</strong></span> <span class='ocrx_word' id='word_1_649' title='bbox 1667 4807 1798 4848; x_wconf 86' lang='lat' dir='ltr'><strong>vero</strong></span> <span class='ocrx_word' id='word_1_650' title='bbox 1832 4801 2055 4849; x_wconf 87' lang='lat' dir='ltr'><strong>senatus</strong></span> 
     </span>
    </p>
   </div>
   <div class='ocr_carea' id='block_1_96' title="bbox 430 4879 2059 4959">
    <p class='ocr_par' dir='ltr' id='par_1_96' title="bbox 430 4879 2059 4959">
     <span class='ocr_line' id='line_1_96' title="bbox 430 4879 2059 4959; baseline 0.007 -28"><span class='ocrx_word' id='word_1_651' title='bbox 430 4898 431 4901; x_wconf 48' lang='grc' dir='ltr'><strong>η</strong></span> <span class='ocrx_word' id='word_1_652' title='bbox 475 4879 703 4946; x_wconf 79' lang='lat' dir='ltr'><strong>ragabat</strong></span> <span class='ocrx_word' id='word_1_653' title='bbox 748 4880 1021 4936; x_wconf 58' lang='lat' dir='ltr'><strong>Casarem</strong></span> <span class='ocrx_word' id='word_1_654' title='bbox 1078 4882 1409 4952; x_wconf 77' lang='lat' dir='ltr'><strong>legationem</strong></span> <span class='ocrx_word' id='word_1_655' title='bbox 1460 4887 1529 4941; x_wconf 92' lang='lat' dir='ltr'><strong>ad</strong></span> <span class='ocrx_word' id='word_1_656' title='bbox 1586 4888 1890 4959; x_wconf 82' lang='lat' dir='ltr'><strong>chaganunt</strong></span> <span class='ocrx_word' id='word_1_657' title='bbox 1926 4888 2059 4943; x_wconf 89' lang='lat' dir='ltr'><strong>mit-</strong></span> 
     </span>
    </p>
   </div>
   <div class='ocr_carea' id='block_1_97' title="bbox 477 4969 2057 5041">
    <p class='ocr_par' dir='ltr' id='par_1_97' title="bbox 477 4969 2057 5041">
     <span class='ocr_line' id='line_1_97' title="bbox 477 4969 2057 5041; baseline 0.007 -19"><span class='ocrx_word' id='word_1_658' title='bbox 477 4969 650 5024; x_wconf 88' lang='lat' dir='ltr'><strong>tendi.</strong></span> <span class='ocrx_word' id='word_1_659' title='bbox 680 4971 979 5041; x_wconf 89' lang='lat' dir='ltr'><strong>lmperator</strong></span> <span class='ocrx_word' id='word_1_660' title='bbox 1008 4984 1190 5029; x_wconf 89' lang='lat' dir='ltr'><strong>autem</strong></span> <span class='ocrx_word' id='word_1_661' title='bbox 1221 4977 1610 5034; x_wconf 86' lang='lat' dir='ltr'><strong>Armatzonem</strong></span> <span class='ocrx_word' id='word_1_662' title='bbox 1644 4979 1796 5035; x_wconf 89' lang='lat' dir='ltr'><strong>misit</strong></span> <span class='ocrx_word' id='word_1_663' title='bbox 1826 4979 1891 5034; x_wconf 90' lang='lat' dir='ltr'><strong>ad</strong></span> <span class='ocrx_word' id='word_1_664' title='bbox 1924 4980 2057 5036; x_wconf 87' lang='lat' dir='ltr'><strong>cha-</strong></span> 
     </span>
    </p>
   </div>
   <div class='ocr_carea' id='block_1_98' title="bbox 477 5065 2056 5140">
    <p class='ocr_par' dir='ltr' id='par_1_98' title="bbox 477 5065 2056 5140">
     <span class='ocr_line' id='line_1_98' title="bbox 477 5065 2056 5140; baseline 0.008 -28"><span class='ocrx_word' id='word_1_665' title='bbox 477 5074 678 5131; x_wconf 89' lang='lat' dir='ltr'><strong>gauum</strong></span> <span class='ocrx_word' id='word_1_666' title='bbox 710 5076 834 5115; x_wconf 92' lang='lat' dir='ltr'><strong>cum</strong></span> <span class='ocrx_word' id='word_1_667' title='bbox 872 5065 1194 5120; x_wconf 87' lang='lat' dir='ltr'><strong>muneribus</strong></span> <span class='ocrx_word' id='word_1_668' title='bbox 1216 5068 1406 5124; x_wconf 89' lang='lat' dir='ltr'><strong>multis</strong></span> <span class='ocrx_word' id='word_1_669' title='bbox 1429 5068 1731 5140; x_wconf 86' lang='lat' dir='ltr'><strong>Drizipera,</strong></span> <span class='ocrx_word' id='word_1_670' title='bbox 1754 5071 1848 5140; x_wconf 90' lang='lat' dir='ltr'><strong>qui</strong></span> <span class='ocrx_word' id='word_1_671' title='bbox 1874 5070 2056 5125; x_wconf 86' lang='lat' dir='ltr'><strong>verbis</strong></span> 
     </span>
    </p>
   </div>
   <div class='ocr_carea' id='block_1_99' title="bbox 479 5153 2054 5220">
    <p class='ocr_par' dir='ltr' id='par_1_99' title="bbox 479 5153 2054 5220">
     <span class='ocr_line' id='line_1_99' title="bbox 479 5153 2054 5220; baseline 0.006 -12"><span class='ocrx_word' id='word_1_672' title='bbox 479 5153 707 5210; x_wconf 89' lang='lat' dir='ltr'><strong>mitibus</strong></span> <span class='ocrx_word' id='word_1_673' title='bbox 737 5155 1021 5211; x_wconf 87' lang='lat' dir='ltr'><strong>blanditur</strong></span> <span class='ocrx_word' id='word_1_674' title='bbox 1048 5159 1375 5215; x_wconf 86' lang='lat' dir='ltr'><strong>Barbarum.</strong></span> <span class='ocrx_word' id='word_1_675' title='bbox 1410 5163 1479 5215; x_wconf 87' lang='lat' dir='ltr'><strong>At</strong></span> <span class='ocrx_word' id='word_1_676' title='bbox 1523 5164 1613 5220; x_wconf 89' lang='lat' dir='ltr'><strong>ille</strong></span> <span class='ocrx_word' id='word_1_677' title='bbox 1655 5164 1877 5219; x_wconf 89' lang='lat' dir='ltr'><strong>nolebat</strong></span> <span class='ocrx_word' id='word_1_678' title='bbox 1910 5163 2054 5218; x_wconf 90' lang='lat' dir='ltr'><strong>dona</strong></span> 
     </span>
    </p>
   </div>
   <div class='ocr_carea' id='block_1_100' title="bbox 478 5246 2049 5317">
    <p class='ocr_par' dir='ltr' id='par_1_100' title="bbox 478 5246 2049 5317">
     <span class='ocr_line' id='line_1_100' title="bbox 478 5246 2049 5317; baseline 0.005 -16"><span class='ocrx_word' id='word_1_679' title='bbox 478 5246 783 5317; x_wconf 86' lang='lat' dir='ltr'><strong>suscipere,</strong></span> <span class='ocrx_word' id='word_1_680' title='bbox 808 5249 1057 5305; x_wconf 84' lang='lat' dir='ltr'><strong>lamento</strong></span> <span class='ocrx_word' id='word_1_681' title='bbox 1088 5250 1425 5307; x_wconf 90' lang='lat' dir='ltr'><strong>intolerabili</strong></span> <span class='ocrx_word' id='word_1_682' title='bbox 1481 5256 1714 5310; x_wconf 85' lang='lat' dir='ltr'><strong>liliorum</strong></span> <span class='ocrx_word' id='word_1_683' title='bbox 1754 5256 2005 5311; x_wconf 89' lang='lat' dir='ltr'><strong>detentus</strong></span> <span class='ocrx_word' id='word_1_684' title='bbox 2036 5272 2049 5309; x_wconf 93' lang='lat'><strong>:</strong></span> 
     </span>
    </p>
   </div>
   <div class='ocr_carea' id='block_1_101' title="bbox 479 5342 2050 5417">
    <p class='ocr_par' dir='ltr' id='par_1_101' title="bbox 479 5342 2050 5417">
     <span class='ocr_line' id='line_1_101' title="bbox 479 5342 2050 5417; baseline 0.006 -20"><span class='ocrx_word' id='word_1_685' title='bbox 479 5342 696 5398; x_wconf 88' lang='lat' dir='ltr'><strong>dicebat</strong></span> <span class='ocrx_word' id='word_1_686' title='bbox 721 5344 865 5400; x_wconf 86' lang='lat' dir='ltr'><strong>enim</strong></span> <span class='ocrx_word' id='word_1_687' title='bbox 898 5345 964 5400; x_wconf 89' lang='lat' dir='ltr'><strong>ad</strong></span> <span class='ocrx_word' id='word_1_688' title='bbox 1001 5346 1238 5417; x_wconf 83' lang='lat' dir='ltr'><strong>legatum</strong></span> <span class='ocrx_word' id='word_1_689' title='bbox 1277 5366 1290 5401; x_wconf 88' lang='lat'><strong>:</strong></span> <span class='ocrx_word' id='word_1_690' title='bbox 1318 5348 1535 5403; x_wconf 81' lang='lat' dir='ltr'><strong>Judicet</strong></span> <span class='ocrx_word' id='word_1_691' title='bbox 1568 5350 1703 5405; x_wconf 81' lang='lat' dir='ltr'><strong>Deus</strong></span> <span class='ocrx_word' id='word_1_692' title='bbox 1737 5352 1875 5405; x_wconf 86' lang='lat' dir='ltr'><strong>inter</strong></span> <span class='ocrx_word' id='word_1_693' title='bbox 1899 5369 1978 5407; x_wconf 87' lang='lat' dir='ltr'><strong>me</strong></span> <span class='ocrx_word' id='word_1_694' title='bbox 1998 5363 2050 5407; x_wconf 88' lang='lat' dir='ltr'><strong>et</strong></span> 
     </span>
    </p>
   </div>
   <div class='ocr_carea' id='block_1_102' title="bbox 2154 4515 3762 4587">
    <p class='ocr_par' dir='ltr' id='par_1_102' title="bbox 2154 4515 3762 4587">
     <span class='ocr_line' id='line_1_102' title="bbox 2154 4515 3762 4587; baseline 0 -19"><span class='ocrx_word' id='word_1_695' title='bbox 2154 4517 2284 4569; x_wconf 88' lang='lat' dir='ltr'><strong>tori.</strong></span> <span class='ocrx_word' id='word_1_696' title='bbox 2326 4515 2431 4581; x_wconf 89' lang='lat' dir='ltr'><strong>Qui</strong></span> <span class='ocrx_word' id='word_1_697' title='bbox 2467 4516 2567 4569; x_wconf 91' lang='lat' dir='ltr'><strong>hoc</strong></span> <span class='ocrx_word' id='word_1_698' title='bbox 2596 4515 2968 4585; x_wconf 78' lang='lat' dir='ltr'><strong>contemplato</strong></span> <span class='ocrx_word' id='word_1_699' title='bbox 2999 4530 3231 4587; x_wconf 87' lang='lat' dir='ltr'><strong>pergens</strong></span> <span class='ocrx_word' id='word_1_700' title='bbox 3278 4515 3334 4569; x_wconf 91' lang='lat' dir='ltr'><strong>in</strong></span> <span class='ocrx_word' id='word_1_701' title='bbox 3361 4516 3675 4570; x_wconf 83' lang='lat' dir='ltr'><strong>ecclesiam</strong></span> <span class='ocrx_word' id='word_1_702' title='bbox 3713 4518 3762 4568; x_wconf 86' lang='lat' dir='ltr'><strong>id</strong></span> 
     </span>
    </p>
   </div>
   <div class='ocr_carea' id='block_1_103' title="bbox 2156 4603 3750 4675">
    <p class='ocr_par' dir='ltr' id='par_1_103' title="bbox 2156 4603 3750 4675">
     <span class='ocr_line' id='line_1_103' title="bbox 2156 4603 3750 4675; baseline -0.001 -16"><span class='ocrx_word' id='word_1_703' title='bbox 2156 4603 2353 4659; x_wconf 90' lang='lat' dir='ltr'><strong>obtulit</strong></span> <span class='ocrx_word' id='word_1_704' title='bbox 2385 4605 2513 4668; x_wconf 87' lang='lat' dir='ltr'><strong>Deo,</strong></span> <span class='ocrx_word' id='word_1_705' title='bbox 2544 4618 2710 4673; x_wconf 89' lang='lat' dir='ltr'><strong>supra</strong></span> <span class='ocrx_word' id='word_1_706' title='bbox 2743 4613 2991 4659; x_wconf 82' lang='lat' dir='ltr'><strong>sanctam</strong></span> <span class='ocrx_word' id='word_1_707' title='bbox 3026 4619 3273 4660; x_wconf 88' lang='lat' dir='ltr'><strong>mensam</strong></span> <span class='ocrx_word' id='word_1_708' title='bbox 3304 4604 3674 4675; x_wconf 82' lang='lat' dir='ltr'><strong>suspendens</strong></span> <span class='ocrx_word' id='word_1_709' title='bbox 3700 4607 3750 4658; x_wconf 87' lang='lat' dir='ltr'><strong>in</strong></span> 
     </span>
    </p>
   </div>
   <div class='ocr_carea' id='block_1_104' title="bbox 2159 4696 3761 4768">
    <p class='ocr_par' dir='ltr' id='par_1_104' title="bbox 2159 4696 3761 4768">
     <span class='ocr_line' id='line_1_104' title="bbox 2159 4696 3761 4768; baseline -0.001 -16"><span class='ocrx_word' id='word_1_710' title='bbox 2159 4697 2471 4768; x_wconf 80' lang='lat' dir='ltr'><strong>triplicibus</strong></span> <span class='ocrx_word' id='word_1_711' title='bbox 2503 4698 2773 4752; x_wconf 85' lang='lat' dir='ltr'><strong>catenulis</strong></span> <span class='ocrx_word' id='word_1_712' title='bbox 2804 4696 3079 4768; x_wconf 88' lang='lat' dir='ltr'><strong>lapidibus</strong></span> <span class='ocrx_word' id='word_1_713' title='bbox 3107 4704 3161 4753; x_wconf 90' lang='lat' dir='ltr'><strong>et</strong></span> <span class='ocrx_word' id='word_1_714' title='bbox 3191 4713 3327 4753; x_wconf 92' lang='lat' dir='ltr'><strong>auro</strong></span> <span class='ocrx_word' id='word_1_715' title='bbox 3355 4700 3675 4753; x_wconf 83' lang='lat' dir='ltr'><strong>contextis.</strong></span> <span class='ocrx_word' id='word_1_716' title='bbox 3704 4702 3761 4751; x_wconf 74' lang='lat' dir='ltr'><strong>At</strong></span> 
     </span>
    </p>
   </div>
   <div class='ocr_carea' id='block_1_105' title="bbox 2160 4789 3762 4859">
    <p class='ocr_par' dir='ltr' id='par_1_105' title="bbox 2160 4789 3762 4859">
     <span class='ocr_line' id='line_1_105' title="bbox 2160 4789 3762 4859; baseline 0.001 -17"><span class='ocrx_word' id='word_1_717' title='bbox 2160 4805 2291 4843; x_wconf 89' lang='lat' dir='ltr'><strong>vero</strong></span> <span class='ocrx_word' id='word_1_718' title='bbox 2318 4791 2580 4858; x_wconf 68' lang='lat' dir='ltr'><strong>Augusta:</strong></span> <span class='ocrx_word' id='word_1_719' title='bbox 2611 4789 2718 4844; x_wconf 89' lang='lat' dir='ltr'><strong>hoc</strong></span> <span class='ocrx_word' id='word_1_720' title='bbox 2743 4797 3027 4859; x_wconf 84' lang='lat' dir='ltr'><strong>comperto</strong></span> <span class='ocrx_word' id='word_1_721' title='bbox 3066 4790 3299 4846; x_wconf 66' lang='lat' dir='ltr'><strong>tristatte</strong></span> <span class='ocrx_word' id='word_1_722' title='bbox 3328 4799 3462 4844; x_wconf 89' lang='lat' dir='ltr'><strong>sunt</strong></span> <span class='ocrx_word' id='word_1_723' title='bbox 3495 4792 3685 4856; x_wconf 82' lang='lat' dir='ltr'><strong>valde,</strong></span> <span class='ocrx_word' id='word_1_724' title='bbox 3714 4802 3762 4843; x_wconf 79' lang='lat' dir='ltr'><strong>et</strong></span> 
     </span>
    </p>
   </div>
   <div class='ocr_carea' id='block_1_106' title="bbox 2164 4881 3761 4953">
    <p class='ocr_par' dir='ltr' id='par_1_106' title="bbox 2164 4881 3761 4953">
     <span class='ocr_line' id='line_1_106' title="bbox 2164 4881 3761 4953; baseline -0.001 -15"><span class='ocrx_word' id='word_1_725' title='bbox 2164 4885 2218 4942; x_wconf 91' lang='lat' dir='ltr'><strong>in</strong></span> <span class='ocrx_word' id='word_1_726' title='bbox 2241 4882 2423 4953; x_wconf 87' lang='lat' dir='ltr'><strong>jurgio</strong></span> <span class='ocrx_word' id='word_1_727' title='bbox 2448 4881 2712 4938; x_wconf 84' lang='lat' dir='ltr'><strong>adversus</strong></span> <span class='ocrx_word' id='word_1_728' title='bbox 2734 4883 3121 4953; x_wconf 85' lang='lat' dir='ltr'><strong>imperatorem</strong></span> <span class='ocrx_word' id='word_1_729' title='bbox 3154 4883 3528 4939; x_wconf 87' lang='lat' dir='ltr'><strong>Constantina</strong></span> <span class='ocrx_word' id='word_1_730' title='bbox 3567 4885 3761 4942; x_wconf 69' lang='lat' dir='ltr'><strong>festam</strong></span> 
     </span>
    </p>
   </div>
   <div class='ocr_carea' id='block_1_107' title="bbox 2164 4977 3761 5049">
    <p class='ocr_par' dir='ltr' id='par_1_107' title="bbox 2164 4977 3761 5049">
     <span class='ocr_line' id='line_1_107' title="bbox 2164 4977 3761 5049; baseline -0.005 -14"><span class='ocrx_word' id='word_1_731' title='bbox 2164 4980 2319 5043; x_wconf 41' lang='lat' dir='ltr'><strong>diem,</strong></span> <span class='ocrx_word' id='word_1_732' title='bbox 2359 4978 2487 5032; x_wconf 84' lang='lat' dir='ltr'><strong>l‘ecit</strong></span> <span class='ocrx_word' id='word_1_733' title='bbox 2532 4978 2800 5049; x_wconf 84' lang='lat' dir='ltr'><strong>Augusta.</strong></span> <span class='ocrx_word' id='word_1_734' title='bbox 2854 4977 2987 5031; x_wconf 88' lang='lat' dir='ltr'><strong>Cum</strong></span> <span class='ocrx_word' id='word_1_735' title='bbox 3041 4985 3223 5032; x_wconf 90' lang='lat' dir='ltr'><strong>autem</strong></span> <span class='ocrx_word' id='word_1_736' title='bbox 3284 4990 3393 5031; x_wconf 90' lang='lat' dir='ltr'><strong>non</strong></span> <span class='ocrx_word' id='word_1_737' title='bbox 3449 4980 3761 5032; x_wconf 74' lang='lat' dir='ltr'><strong>attenderrt</strong></span> 
     </span>
    </p>
   </div>
   <div class='ocr_carea' id='block_1_108' title="bbox 2166 5064 3760 5141">
    <p class='ocr_par' dir='ltr' id='par_1_108' title="bbox 2166 5064 3760 5141">
     <span class='ocr_line' id='line_1_108' title="bbox 2166 5064 3760 5141; baseline -0.007 -16"><span class='ocrx_word' id='word_1_738' title='bbox 2166 5072 2470 5141; x_wconf 90' lang='lat' dir='ltr'><strong>imperator</strong></span> <span class='ocrx_word' id='word_1_739' title='bbox 2493 5068 2752 5138; x_wconf 87' lang='lat' dir='ltr'><strong>querelas</strong></span> <span class='ocrx_word' id='word_1_740' title='bbox 2765 5067 3086 5121; x_wconf 89' lang='lat' dir='ltr'><strong>militiarum</strong></span> <span class='ocrx_word' id='word_1_741' title='bbox 3106 5067 3160 5121; x_wconf 90' lang='lat' dir='ltr'><strong>in</strong></span> <span class='ocrx_word' id='word_1_742' title='bbox 3180 5064 3397 5120; x_wconf 85' lang='lat' dir='ltr'><strong>Thrace</strong></span> <span class='ocrx_word' id='word_1_743' title='bbox 3423 5066 3760 5136; x_wconf 82' lang='lat' dir='ltr'><strong>positarum,</strong></span> 
     </span>
    </p>
   </div>
   <div class='ocr_carea' id='block_1_109' title="bbox 2166 5158 3767 5227">
    <p class='ocr_par' dir='ltr' id='par_1_109' title="bbox 2166 5158 3767 5227">
     <span class='ocr_line' id='line_1_109' title="bbox 2166 5158 3767 5227; baseline -0.006 -8"><span class='ocrx_word' id='word_1_744' title='bbox 2166 5165 2366 5219; x_wconf 90' lang='lat' dir='ltr'><strong>iterum</strong></span> <span class='ocrx_word' id='word_1_745' title='bbox 2420 5160 2800 5216; x_wconf 88' lang='lat' dir='ltr'><strong>Comentiolus</strong></span> <span class='ocrx_word' id='word_1_746' title='bbox 2853 5159 3155 5227; x_wconf 86' lang='lat' dir='ltr'><strong>assumptis</strong></span> <span class='ocrx_word' id='word_1_747' title='bbox 3204 5158 3435 5214; x_wconf 83' lang='lat' dir='ltr'><strong>armatis</strong></span> <span class='ocrx_word' id='word_1_748' title='bbox 3486 5159 3649 5214; x_wconf 88' lang='lat' dir='ltr'><strong>venit</strong></span> <span class='ocrx_word' id='word_1_749' title='bbox 3704 5164 3767 5209; x_wconf 82' lang='lat' dir='ltr'><strong>ad</strong></span> 
     </span>
    </p>
   </div>
   <div class='ocr_carea' id='block_1_110' title="bbox 2160 5250 3770 5323">
    <p class='ocr_par' dir='ltr' id='par_1_110' title="bbox 2160 5250 3770 5323">
     <span class='ocr_line' id='line_1_110' title="bbox 2160 5250 3770 5323; baseline -0.006 -11"><span class='ocrx_word' id='word_1_750' title='bbox 2160 5258 2385 5320; x_wconf 89' lang='lat' dir='ltr'><strong>Istrum,</strong></span> <span class='ocrx_word' id='word_1_751' title='bbox 2417 5264 2472 5310; x_wconf 90' lang='lat' dir='ltr'><strong>et</strong></span> <span class='ocrx_word' id='word_1_752' title='bbox 2520 5255 2707 5309; x_wconf 85' lang='lat' dir='ltr'><strong>unitur</strong></span> <span class='ocrx_word' id='word_1_753' title='bbox 2733 5253 2924 5309; x_wconf 80' lang='lat' dir='ltr'><strong>Prisco</strong></span> <span class='ocrx_word' id='word_1_754' title='bbox 2958 5250 3102 5323; x_wconf 86' lang='lat' dir='ltr'><strong>apud</strong></span> <span class='ocrx_word' id='word_1_755' title='bbox 3144 5250 3537 5322; x_wconf 83' lang='lat' dir='ltr'><strong>Singidonem,</strong></span> <span class='ocrx_word' id='word_1_756' title='bbox 3564 5262 3629 5306; x_wconf 87' lang='lat' dir='ltr'><strong>et</strong></span> <span class='ocrx_word' id='word_1_757' title='bbox 3660 5253 3770 5306; x_wconf 75' lang='lat' dir='ltr'><strong>so!-</strong></span> 
     </span>
    </p>
   </div>
   <div class='ocr_carea' id='block_1_111' title="bbox 2160 5344 3775 5419">
    <p class='ocr_par' dir='ltr' id='par_1_111' title="bbox 2160 5344 3775 5419">
     <span class='ocr_line' id='line_1_111' title="bbox 2160 5344 3775 5419; baseline -0.003 -14"><span class='ocrx_word' id='word_1_758' title='bbox 2160 5353 2308 5405; x_wconf 83' lang='lat' dir='ltr'><strong>vitur</strong></span> <span class='ocrx_word' id='word_1_759' title='bbox 2343 5365 2446 5419; x_wconf 84' lang='lat' dir='ltr'><strong>pax</strong></span> <span class='ocrx_word' id='word_1_760' title='bbox 2478 5363 2600 5418; x_wconf 68' lang='lat' dir='ltr'><strong>qum</strong></span> <span class='ocrx_word' id='word_1_761' title='bbox 2646 5346 2714 5401; x_wconf 90' lang='lat' dir='ltr'><strong>ad</strong></span> <span class='ocrx_word' id='word_1_762' title='bbox 2765 5346 2971 5401; x_wconf 79' lang='lat' dir='ltr'><strong>Arares</strong></span> <span class='ocrx_word' id='word_1_763' title='bbox 3012 5357 3153 5400; x_wconf 88' lang='lat' dir='ltr'><strong>erat.</strong></span> <span class='ocrx_word' id='word_1_764' title='bbox 3197 5344 3315 5411; x_wconf 87' lang='lat' dir='ltr'><strong>Qua</strong></span> <span class='ocrx_word' id='word_1_765' title='bbox 3356 5346 3647 5401; x_wconf 86' lang='lat' dir='ltr'><strong>dissoluta</strong></span> <span class='ocrx_word' id='word_1_766' title='bbox 3684 5362 3775 5400; x_wconf 76' lang='lat' dir='ltr'><strong>re-</strong></span> 
     </span>
    </p>
   </div>
   <div class='ocr_carea' id='block_1_112' title="bbox 2016 5486 2248 5542">
    <p class='ocr_par' dir='ltr' id='par_1_112' title="bbox 2016 5486 2248 5542">
     <span class='ocr_line' id='line_1_112' title="bbox 2016 5486 2248 5542; baseline -0.004 0"><span class='ocrx_word' id='word_1_767' title='bbox 2016 5486 2248 5542; x_wconf 60' lang='lat' dir='ltr'><strong>NOTAE.</strong></span> 
     </span>
    </p>
   </div>
   <div class='ocr_carea' id='block_1_113' title="bbox 556 5618 2069 5691">
    <p class='ocr_par' dir='ltr' id='par_1_113' title="bbox 556 5618 2069 5691">
     <span class='ocr_line' id='line_1_113' title="bbox 556 5618 2069 5691; baseline 0.006 -20"><span class='ocrx_word' id='word_1_768' title='bbox 556 5618 669 5687; x_wconf 65' lang='grc'><strong>(45)</strong></span> <span class='ocrx_word' id='word_1_769' title='bbox 710 5619 1107 5678; x_wconf 79' lang='lat' dir='ltr'><strong>Procuratores.</strong></span> <span class='ocrx_word' id='word_1_770' title='bbox 1156 5623 1612 5691; x_wconf 75' lang='grc' dir='ltr'><strong>Ἐντολικαρίους.</strong></span> <span class='ocrx_word' id='word_1_771' title='bbox 1670 5625 1820 5679; x_wconf 86' lang='lat' dir='ltr'><strong>Hauc</strong></span> <span class='ocrx_word' id='word_1_772' title='bbox 1880 5641 2069 5680; x_wconf 77' lang='lat' dir='ltr'><strong>vocem</strong></span> 
     </span>
    </p>
   </div>
   <div class='ocr_carea' id='block_1_114' title="bbox 485 5686 2061 5759">
    <p class='ocr_par' dir='ltr' id='par_1_114' title="bbox 485 5686 2061 5759">
     <span class='ocr_line' id='line_1_114' title="bbox 485 5686 2061 5759; baseline 0.008 -21"><span class='ocrx_word' id='word_1_773' title='bbox 485 5686 773 5744; x_wconf 68' lang='lat' dir='ltr'><strong>obaervavi</strong></span> <span class='ocrx_word' id='word_1_774' title='bbox 809 5692 861 5745; x_wconf 92' lang='lat' dir='ltr'><strong>iu</strong></span> <span class='ocrx_word' id='word_1_775' title='bbox 891 5694 1118 5751; x_wconf 83' lang='lat' dir='ltr'><strong>epistola</strong></span> <span class='ocrx_word' id='word_1_776' title='bbox 1157 5696 1393 5759; x_wconf 88' lang='lat' dir='ltr'><strong>quadam</strong></span> <span class='ocrx_word' id='word_1_777' title='bbox 1428 5686 1548 5752; x_wconf 71' lang='lat' dir='ltr'><strong>(tua:</strong></span> <span class='ocrx_word' id='word_1_778' title='bbox 1574 5686 1757 5751; x_wconf 69' lang='lat' dir='ltr'><strong>exstat</strong></span> <span class='ocrx_word' id='word_1_779' title='bbox 1784 5696 1837 5749; x_wconf 90' lang='lat' dir='ltr'><strong>in</strong></span> <span class='ocrx_word' id='word_1_780' title='bbox 1871 5698 2061 5753; x_wconf 77' lang='lat' dir='ltr'><strong>conci-</strong></span> 
     </span>
    </p>
   </div>
   <div class='ocr_carea' id='block_1_115' title="bbox 2181 5621 3776 5696">
    <p class='ocr_par' dir='ltr' id='par_1_115' title="bbox 2181 5621 3776 5696">
     <span class='ocr_line' id='line_1_115' title="bbox 2181 5621 3776 5696; baseline -0.004 -16"><span class='ocrx_word' id='word_1_781' title='bbox 2181 5628 2255 5681; x_wconf 87' lang='lat' dir='ltr'><strong>lio</strong></span> <span class='ocrx_word' id='word_1_782' title='bbox 2292 5624 2592 5693; x_wconf 82' lang='lat' dir='ltr'><strong>Ephesino.</strong></span> <span class='ocrx_word' id='word_1_783' title='bbox 2625 5623 2761 5677; x_wconf 89' lang='lat' dir='ltr'><strong>llinc</strong></span> <span class='ocrx_word' id='word_1_784' title='bbox 2785 5622 3034 5696; x_wconf 58' lang='grc' dir='ltr'><strong>ἐντυλικά</strong></span> <span class='ocrx_word' id='word_1_785' title='bbox 3060 5621 3314 5696; x_wconf 68' lang='lat' dir='ltr'><strong>mandata</strong></span> <span class='ocrx_word' id='word_1_786' title='bbox 3337 5636 3435 5677; x_wconf 85' lang='lat' dir='ltr'><strong>seu</strong></span> <span class='ocrx_word' id='word_1_787' title='bbox 3491 5632 3776 5696; x_wconf 54' lang='lat' dir='ltr'><strong>&quot;ncepta</strong></span> 
     </span>
    </p>
   </div>
   <div class='ocr_carea' id='block_1_116' title="bbox 2172 5691 3358 5764">
    <p class='ocr_par' dir='ltr' id='par_1_116' title="bbox 2172 5691 3358 5764">
     <span class='ocr_line' id='line_1_116' title="bbox 2172 5691 3358 5764; baseline -0.002 -17"><span class='ocrx_word' id='word_1_788' title='bbox 2172 5710 2288 5753; x_wconf 69' lang='lat' dir='ltr'><strong>ulla:</strong></span> <span class='ocrx_word' id='word_1_789' title='bbox 2322 5691 2597 5764; x_wconf 75' lang='lat' dir='ltr'><strong>principes</strong></span> <span class='ocrx_word' id='word_1_790' title='bbox 2631 5696 2763 5748; x_wconf 84' lang='lat' dir='ltr'><strong>dant</strong></span> <span class='ocrx_word' id='word_1_791' title='bbox 2792 5694 2983 5763; x_wconf 78' lang='lat' dir='ltr'><strong>legatis</strong></span> <span class='ocrx_word' id='word_1_792' title='bbox 3010 5695 3151 5749; x_wconf 81' lang='lat' dir='ltr'><strong>suis.</strong></span> <span class='ocrx_word' id='word_1_793' title='bbox 3191 5691 3358 5749; x_wconf 69' lang='lat' dir='ltr'><strong>Faun.</strong></span> 
     </span>
    </p>
   </div>
  </div>
