3906 6226
225 321 370 387 1:289

1015 330 1382 392 HISTORIA
1427 332 2006 394 ECCLESIASTICA
2045 337 2148 397 EX
2181 339 2659 404 ΤΠΕΟΡΠΑΝΕ.

3341 349 3362 412 1
3377 351 3492 417 230

223 435 390 531 piunt
423 449 477 488 in
512 433 900 531 Biniinacium,
937 441 1083 508 quod
1113 454 1198 498 est
1231 444 1410 499 insula
1441 459 1638 515 magna
1660 444 1806 499 lstri.
1837 450 1887 505 Α
1915 448 2193 507 redimens
2226 466 2370 516 eam,
2399 454 2658 524 expedire
2700 453 2971 522 judicavit
3003 457 3056 512 in
3091 459 3194 514 hac
3221 461 3335 515 vlta
3368 477 3488 531 pte-

217 523 438 592 Quibus
492 525 695 580 auditis
749 526 1069 599 chaganus,
1124 532 1370 589 collectis
1431 535 1809 602 potentatibus

219 619 370 684 suis,
418 617 488 672 ad
544 617 792 674 Romana
847 636 975 676 rura
1023 627 1293 694 procedit,
1339 638 1577 695 quatuor
1623 638 1808 682 autem

221 713 368 768 ﬁlios
397 726 552 778 suos,
585 713 803 768 traditis
845 715 970 769 aliis
997 717 1318 781 virtutibus,
1349 718 1414 772 ad
1446 720 1803 774 custodienda

219 802 347 858 lstri
377 803 517 856 vada
547 805 858 859 constituit.
883 806 952 858 At
979 822 1108 860 vero
1137 807 1372 862 Romani
1405 810 1616 863 ratibus
1649 809 1805 864 lactis

218 895 450 948 ﬂuvium
485 902 927 960 transmearunt,
981 907 1037 951 et
1085 898 1286 952 bellum
1341 910 1570 967 praetore
1612 897 1805 952 Prisco

215 1004 346 1042 rum
377 988 606 1056 chagani
628 986 752 1042 ﬁliis
783 989 1025 1041 inierunt
1069 1005 1086 1042 :
1139 990 1518 1045 Comentiolus
1547 992 1693 1044 enim
1721 991 1806 1044 in-

221 1082 473 1134 ﬁrmatus
503 1080 556 1131 in
591 1078 896 1134 Biminacio
936 1081 1116 1135 insula
1156 1083 1398 1136 sedebat.
1427 1082 1678 1153 Cumque
1711 1099 1807 1151 per

223 1171 430 1224 multas
473 1170 638 1223 horas
667 1170 869 1224 bellum
909 1173 1178 1226 tenuisset
1212 1181 1266 1225 et
1298 1175 1379 1226 sol
1413 1175 1672 1228 trecentis
1695 1173 1806 1228 lto-

218 1276 509 1316 manorum
544 1262 887 1331 interemptis
921 1265 1292 1328 occubuisset,
1334 1276 1574 1335 quatuor
1602 1267 1807 1322 Barna-

219 1367 407 1406 roruin
440 1351 608 1406 millia
626 1355 926 1422 perierunt.
945 1353 1288 1412 lntrinsecus
1316 1375 1444 1413 \‘0l‘0
1472 1361 1680 1415 militia:
1711 1376 1804 1416 or-

218 1445 427 1498 dinatae
474 1446 670 1499 iterum
715 1446 915 1500 bellum
965 1450 1268 1519 incipiunt,
1318 1461 1373 1505 et
1431 1453 1629 1507 iterum
1680 1462 1804 1508 octo

219 1537 392 1590 millia
412 1533 780 1591 Barbarorurn
811 1539 1155 1594 interimunt.
1178 1542 1440 1597 Similiter
1461 1553 1514 1597 et
1533 1543 1692 1610 tertia
1715 1543 1804 1598 die

219 1627 537 1698 praeliantes
584 1627 654 1683 ab
689 1631 1084 1687 excelsioribus
1128 1631 1361 1688 Romani
1415 1635 1480 1688 ad
1535 1635 1803 1693 Barbaros

219 1729 612 1785 accesserunt,
662 1723 871 1791 hosque
910 1733 1188 1780 vertentes
1235 1729 1303 1781 ad
1335 1739 1592 1798 stagnum
1637 1741 1803 1800 atque

217 1813 504 1884 pellentes,
537 1814 745 1871 Avares
773 1815 978 1871 multos
1005 1828 1340 1873 necaverunt
1379 1837 1444 1874 ex
1479 1822 1616 1886 illis,
1655 1823 1801 1877 inter

214 1922 360 1978 quos
384 1917 436 1962 et
465 1908 699 1978 chagani
733 1911 912 1964 necati
943 1919 1070 1964 sunt
1106 1912 1200 1965 lilii
1227 1954 1242 1978 ,
1291 1911 1633 1985 Romanique
1674 1917 1799 1970 illu-

217 2010 386 2054 strem
418 2001 700 2054 victorian:
742 2000 1065 2057 induerunt.
1097 2003 1390 2074 Chaganus
1421 2022 1549 2061 vero
1577 2022 1800 2062 coacer-

217 2095 358 2146 vatis
381 2093 595 2148 viribus
619 2095 862 2163 copiosis
885 2104 1079 2149 contra
1111 2095 1389 2153 Romanos
1414 2100 1795 2170 progreditur:

216 2186 358 2240 bello
390 2195 574 2240 autem
606 2197 861 2242 manente
891 2197 1113 2242 vertunt
1141 2187 1376 2243 Romani
1413 2189 1709 2255 Barbaros,
1741 2197 1798 2245 et.

217 2277 479 2332 omnibus
532 2278 887 2347 insigniorem
937 2279 1078 2334 hanc
1129 2281 1437 2334 retulerunt
1485 2281 1793 2335 victoriam.

220 2371 430 2425 Interea
480 2370 705 2425 Priscus
735 2380 998 2441 quatuor
1042 2372 1288 2426 millibus
1333 2373 1630 2442 praemissis
1675 2372 1797 2426 Tis—

213 2479 311 2518 son
345 2463 459 2536 (Η)
490 2480 705 2518 onmem
742 2473 1078 2520 transmeare
1117 2474 1172 2520 et
1203 2466 1490 2536 explorare
1525 2465 1797 2521 Barbaro-

213 2573 335 2611 rum
365 2559 623 2628 praecepit
653 2566 856 2613 motus.
901 2559 968 2611 At
1000 2573 1128 2613 vero
1170 2557 1394 2613 Barbari
1436 2559 1574 2613 nihil
1604 2573 1792 2613 eorum

210 2664 333 2722 qua:
367 2650 510 2704 facta
542 2651 759 2705 fuerant
785 2661 1205 2722 cognoscentes,
1236 2651 1436 2707 festum
1467 2653 1611 2707 diem
1653 2653 1797 2708 cele-

210 2745 446 2800 brahant
480 2753 533 2797 et
565 2743 773 2812 pariter
805 2745 1262 2800 convirahantur.
1316 2744 1372 2797 ln
1415 2746 1518 2801 hos
1561 2743 1794 2800 Romani

208 2837 464 2893 clanculo
491 2835 796 2890 incidentes
824 2838 1122 2891 maximum
1143 2838 1356 2908 operati
1390 2846 1520 2894 sunt
1549 2847 1790 2893 metum:

209 2931 435 3000 triginta
476 2929 682 3000 quippe
716 2929 887 2983 millia
937 2929 1272 2998 Gipedorum
1322 2931 1796 3002 barbarorumque

210 3023 443 3077 aliorum
473 3022 820 3086 occiderunt,
851 3030 904 3076 et
934 3021 1160 3092 copiosa
1195 3022 1376 3093 praeda
1399 3022 1793 3093 comprehensa

209 3125 561 3172 revertuntur
602 3116 669 3169 ad
703 3117 977 3171 Priscum.
1026 3115 1322 3184 Chaganus
1367 3125 1550 3170 autem
1597 3132 1864 3202 rursusc
1899 3137 2168 3200 abiisse“
2227 3135 2446 3189 vocavit
2503 3149 2626 3188 cum

209 3212 581 3280 potentatibus
624 3213 920 3267 cumulatis
970 3212 1119 3266 venit
1159 3209 1226 3264 ad
1278 3209 1499 3275 lstrum,
1549 3222 1603 3265 ct
1654 3212 1792 3266 inito

212 3306 356 3359 bello
394 3304 612 3359 barbari
649 3315 984 3374 superantur
1011 3314 1065 3357 et
1111 3304 1164 3356 in
1206 3302 1384 3357 amnis
1437 3301 1657 3358 liuentis
1695 3318 1791 3357 ne-

210 3407 425 3465 cantur,
459 3398 800 3468 pereuntque
841 3399 1007 3452 simul
1039 3413 1165 3452 cum
1208 3398 1293 3454 his
1327 3398 1545 3468 plurimi
1573 3412 1791 3468 quoque

211 3490 486 3546 Sclavini:
516 3494 671 3547 vivos
697 3501 877 3546 autem
913 3492 1270 3547 obtinuerunt
1301 3493 1540 3546 Avarum
1573 3493 1790 3560 quidem

211 3587 315 3641 tria
349 3590 542 3654 millia,
583 3588 966 3642 Sclavinorum
1002 3602 1130 3642 vero
1160 3586 1510 3656 octingentos
1549 3595 1602 3640 et
1625 3586 1790 3657 Cipe-

206 3679 338 3734 dum
372 3682 476 3734 tria
509 3681 702 3746 millia,
725 3696 822 3734 nec
851 3695 958 3734 non
991 3688 1045 3734 et
1067 3681 1174 3732 duo
1209 3679 1598 3732 Barbarorum.
1620 3676 1791 3731 Porro

205 3773 494 3842 chaganus
521 3773 585 3827 ad
611 3773 934 3827 Maitrieiutn
961 3775 1346 3842 imperatorem
1383 3772 1592 3839 legatos
1619 3770 1787 3834 misit,

202 3876 400 3936 captos
431 3871 674 3938 recipere
707 3869 881 3923 nisus.
914 3867 983 3920 At
1015 3867 1105 3921 ille
1130 3865 1372 3919 nonduin
1402 3872 1680 3933 comperta
1706 3863 1790 3916 in-

203 3963 351 4033 clyta
415 3961 792 4017 Romanorum
847 3961 1076 4016 victoria
1141 3959 1335 4015 scribit
1391 3957 1580 4014 Prisco
1642 3957 1788 4029 quod

201 4057 415 4111 Arares
444 4057 690 4127 chagano
717 4055 968 4110 redderet
1001 4061 1236 4108 tantum.

277 4148 482 4205 Eodem
513 4165 731 4221 quoque
762 4163 907 4204 anno
939 4149 1024 4203 vir
1052 4147 1276 4219 quidam
1319 4145 1646 4201 monachico
1673 4145 1786 4199 cir-

199 4247 570 4304 cumamictus
609 4244 795 4300 habitu
831 4242 968 4298 etin
1010 4243 1278 4312 religione
1323 4242 1542 4306 clarus,
1591 4239 1785 4312 spatha

199 4337 480 4394 denudata
534 4355 563 4392 a
598 4336 716 4392 l'oro
758 4353 936 4407 usque
975 4336 1041 4390 ad
1076 4349 1280 4390 aeneam
1313 4333 1634 4404 gladiatoris
1670 4343 1785 4388 sta-

196 4437 353 4484 tuam
400 4427 743 4493 discurrens,
800 4429 1184 4500 imperatorem
1241 4426 1500 4480 omnibus
1545 4426 1598 4479 in
1633 4420 1782 4480 occi-

199 4522 358 4576 sione
396 4520 562 4591 gladii
601 4523 929 4576 moriturum
975 4517 1372 4589 pronuntiavit.
1423 4518 1687 4572 Similiter
1730 4527 1785 4571 et

198 4613 548 4668 Herodianus
581 4612 844 4668 Mauricio
889 4613 1200 4675 manifeste.
1249 4625 1370 4683 quae
1410 4609 1516 4666 sibi
1565 4609 1785 4666 fuerant

196 4714 452 4771 ventura,
503 4704 772 4776 praedixit.
818 4705 1149 4773 linperatore
1193 4717 1326 4755 vero
1372 4709 1534 4756 noctu
1577 4701 1783 4758 discal-

193 4807 355 4852 ccato
379 4799 635 4852 letaniam
669 4805 926 4864 cntutota
963 4797 1096 4850 urbe
1126 4803 1340 4865 agente,
1373 4803 1426 4849 ct
1460 4806 1782 4850 transeunte

193 4890 264 4945 ad
315 4891 588 4960 (Iarpiana
641 4893 795 4954 locu,
851 4891 1254 4943 tumultuantur
1303 4904 1368 4942 ex
1429 4883 1784 4945 multitudine

193 4984 447 5054 quidam.
480 4992 535 5038 et
557 4992 755 5040 contra
787 4982 1174 5051 imperatorem
1212 4979 1670 5051 lapidesjaciuut,
1708 4981 1783 5034 ita

193 5088 255 5135 ut
282 5078 367 5134 vix
411 5078 711 5148 imperator
746 5092 869 5132 eum
902 5074 1215 5132 Theodosio
1259 5076 1368 5130 lilio
1400 5091 1501 5130 suo
1545 5077 1785 5132 salvare-

191 5181 287 5226 tur
317 5181 370 5226 et
401 5173 708 5226 orationem
741 5169 1041 5239 compleret
1075 5169 1219 5238 apud
1256 5167 1608 5223 Blachernas.

264 5261 455 5318 Mundi
481 5277 626 5316 anno
650 5262 812 5325 6094,
834 5261 1033 5317 divinae
1063 5260 1462 5316 incarnationis
1493 5274 1639 5314 anno
1658 5258 1784 5325 594,

187 5367 344 5409 anno
373 5368 502 5408 vero
537 5352 749 5423 imperii
781 5351 866 5406 sui
896 5349 967 5406 20
999 5348 1299 5404 Mauricius
1326 5348 1378 5402 in
1411 5363 1470 5403 se
1499 5361 1778 5412 reversus,

185 5455 246 5503 et
285 5447 470 5503 sciens
495 5447 642 5520 quod
678 5447 814 5502 nihil
839 5443 1008 5501 Deum
1042 5446 1229 5507 lateat,
1256 5445 1352 5500 sed
1381 5443 1572 5499 reddat
1597 5444 1778 5499 omni-

187 5544 298 5602 bus
327 5543 632 5600 secundum
665 5557 829 5614 opera
859 5541 1126 5612 ipsorum,
1152 5549 1207 5595 et
1241 5538 1554 5611 recogitans
1587 5552 1778 5594 exces-

197 5647 326 5692 sum
379 5649 544 5707 quem
598 5636 653 5690 in
701 5633 1127 5705 captivationem
1180 5639 1616 5703 perpetrarent,
1666 5647 1778 5686 non

1910 556 2038 595 nam
2066 558 2126 598 se
2156 545 2401 614 recipere
2443 561 2543 615 pro
2584 555 2831 615 peccato,
2863 556 2916 600 et
2955 565 3061 602 non
3098 550 3156 603 in
3194 549 3398 613 futura,
3431 562 3488 610 et

1910 635 2086 690 factas
2116 651 2308 706 preces
2347 636 2403 691 in
2441 639 2664 708 scriptis
2700 639 3026 693 transmittit
3064 642 3128 695 ad
3157 656 3348 698 omnes
3387 659 3488 714 pa-

1908 729 2237 785 triarchales
2283 732 2444 785 sedes
2475 741 2530 785 et
2571 732 2638 785 ad
2673 748 2866 788 omnes
2909 735 3162 790 civitates
3210 735 3316 789 sibi
3359 739 3488 790 sub-

1903 819 2102 889 jectas,
2155 832 2210 876 et
2273 823 2340 877 ad
2393 826 2730 878 monasteria
2771 841 2892 895 quis
2934 837 3065 880 sunt
3109 829 3160 880 in
3203 843 3390 882 eremo
3433 837 3489 882 et

1906 912 2325 987 Hierosolymis,
2363 928 2414 971 et
2450 917 2517 970 ad
2561 919 2745 973 lauras
2797 922 3057 989 pecunias
3097 929 3152 973 et
3192 936 3383 978 cereos
3431 933 3488 976 et

1909 1005 2154 1069 incensa,
2183 1019 2237 1060 ut
2263 1018 2488 1065 orarent
2513 1026 2610 1080 pro
2632 1027 2710 1073 se,
2748 1027 2857 1080 quo
2882 1013 2970 1066 hic
2997 1014 3268 1082 reciperet
3295 1022 3352 1068 et
3375 1029 3484 1068 non

1907 1097 1963 1151 in
2021 1099 2208 1153 futuro
2270 1104 2491 1156 saeculo.
2548 1104 3033 1158 Seandalizabatur
3087 1116 3267 1158 autem
3317 1113 3374 1160 et
3429 1105 3484 1160 in

1907 1191 2272 1261 l’hilippicum
2301 1209 2559 1262 generum
2594 1212 2778 1256 suum,
2811 1197 2954 1266 quod
3003 1198 3054 1249 in
3087 1215 3123 1265 φ
3165 1198 3345 1252 littera
3381 1214 3484 1253 no-

1907 1282 2233 1335 minaretur.
2279 1283 2452 1338 Porro
2493 1285 2832 1355 Philippicus
2860 1287 3076 1341 diverse
3110 1288 3334 1356 jurabat
3379 1292 3483 1344 im-

1906 1377 2146 1444 peratori
2175 1377 2320 1446 quod
2354 1395 2524 1447 purus
2555 1390 2697 1432 esset
2733 1379 2786 1432 in
2817 1381 3046 1434 servitio
3087 1382 3210 1447 ejus
3240 1392 3294 1434 et
3337 1385 3484 1453 apud

1907 1480 1967 1520 se
1990 1466 2178 1519 dolum
2219 1469 2428 1520 nullum
2463 1467 2710 1522 haberet.
2744 1470 2994 1537 Cumque
3023 1468 3318 1524 Mauricius
3353 1486 3487 1539 sup-

1906 1561 2136 1630 plicaret
2175 1562 2284 1617 Deo
2318 1563 2752 1618 misericordiam
2785 1565 3084 1632 praestandi
3115 1564 3312 1619 anima:
3347 1581 3482 1628 suae,

1905 1657 2143 1726 quadam
2175 1667 2336 1712 nocte
2364 1659 2644 1713 dormiens
2672 1660 2804 1713 vidit
2843 1661 2896 1714 in
2936 1661 3054 1715 visu
3093 1661 3233 1730 apud
3272 1675 3483 1715 aeneam

1907 1748 2092 1815 palatii
2125 1756 2339 1816 portam
2374 1749 2594 1819 imagini
2643 1748 2944 1804 Salvatoris
2976 1766 3035 1805 se
3069 1758 3271 1810 astare,
3303 1757 3359 1802 et
3387 1763 3480 1803 co-

1902 1840 2118 1909 piosum
2164 1843 2426 1911 populum
2464 1841 2671 1911 pariter
2711 1842 3082 1896 assistentem.
3133 1841 3292 1896 Tune
3336 1839 3480 1896 facta

1900 1941 1986 1986 est
2010 1947 2113 1986 vox
2144 1949 2208 1986 ex
2236 1934 2556 1988 charactere
2585 1933 2768 2000 magni
2806 1933 2898 1988 Dei
2933 1943 2993 1988 et
3025 1934 3328 1989 Salvatoris
3378 1948 3481 1988 ιιου

1901 2024 1999 2076 stri
2034 2022 2164 2078 Jcsu
2205 2025 2442 2089 Christi,
2502 2025 2734 2080 dicens:
2807 2023 2947 2079 Date
3009 2024 3370 2092 Mauricium;
3427 2033 3481 2079 et

1901 2123 2152 2171 tenentes
2173 2132 2296 2171 eum
2324 2117 2654 2186 iudiciorum
2682 2117 2918 2172 ministri
2940 2119 3310 2172 exhibuerqu
3333 2116 3478 2187 apud

1900 2223 2233 2278 purpureum
2265 2211 2609 2268 umbilicum.
2633 2211 2725 2279 qui
2750 2219 2868 2264 erat
2899 2211 3032 2264 illic.
3061 2211 3129 2264 Et
3153 2211 3228 2264 ait
3259 2211 3325 2263 ad
3352 2223 3480 2264 eum

1900 2303 2120 2372 propria
2146 2316 2282 2355 voce
2331 2319 2344 2354 :
2449 2299 2550 2354 Ubi
2581 2302 2656 2354 eis
2689 2301 2905 2354 reddam
2937 2301 3052 2365 tibi,
3088 2300 3174 2353 hic
3201 2315 3270 2354 an
3296 2300 3350 2353 in
3383 2299 3478 2367 fat-

1901 2408 2019 2448 turo
2047 2395 2284 2448 sarculo?
2329 2394 2449 2459 Quo
2508 2395 2599 2448 ille
2631 2394 2821 2447 attdito
2882 2394 3202 2463 respondit:
3257 2395 3481 2446 Amator

1897 2487 2191 2551 hominum,
2228 2486 2448 2541 Domine
2480 2497 2528 2542 et
2552 2487 2702 2554 justo
2727 2486 2916 2555 judex,
2953 2487 3038 2539 hic
3063 2487 3258 2555 potius,
3292 2495 3340 2540 et
3375 2501 3481 2540 non

1898 2580 1953 2632 in
2004 2579 2202 2634 sarculo
2234 2579 2352 2632 illo.
2419 2578 2484 2631 Et
2512 2578 2679 2646 jussit
2745 2578 2932 2631 divina
2967 2593 3067 2631 vox
3102 2575 3244 2630 tradi
3275 2575 3479 2630 Mauri-

1897 2674 2044 2725 cium
2071 2681 2125 2727 et
2150 2672 2572 2725 Consmntinam
2607 2685 2832 2724 uxorem
2865 2669 2988 2738 ejus
3012 2677 3068 2724 et
3096 2669 3237 2722 lilios
3271 2675 3326 2722 et
3354 2682 3477 2722 out-

1899 2780 2022 2818 nem
2047 2766 2428 2835 cognationem
2459 2764 2634 2834 ipsius
2664 2762 2864 2817 Phocae
2901 2762 3085 2815 militi.
3143 2759 3477 2832 Expergel‘a-

1900 2866 2022 2913 ctus
2046 2873 2179 2928 ergo
2214 2857 2534 2921 Mauricius,
2559 2865 2614 2911 et
2644 2871 2848 2912 vocans
2883 2870 3008 2910 eum
3051 2853 3145 2925 qui
3192 2868 3380 2909 coram
3418 2868 3481 2910 se

1897 2950 2231 3016 dormiebat,
2267 2951 2415 3004 misit
2453 2950 2521 3003 ad
2561 2947 2925 3018 Philippicutn
2970 2961 3233 3016 generum
3279 2961 3476 3012 suum,

1899 3051 1960 3096 ut
2011 3044 2266 3097 celeriter
2309 3057 2433 3096 eum
2483 3040 2784 3094 adduceret
2839 3039 2905 3092 ad
2960 3054 3042 3093 se.
3089 3038 3336 3106 Cumque
3383 3039 3478 3091 ille

2677 3151 2690 3189 :
2750 3133 2844 3202 qui
2915 3145 3150 3201 surgens
3209 3129 3476 3186 advocata

1896 3245 2064 3284 uxore
2095 3243 2191 3283 sua
2226 3229 2512 3282 osculatus
2562 3237 2644 3281 est
2669 3240 2814 3287 eam,
2849 3225 3082 3279 dicens:
3137 3220 3333 3278 Salue:
3355 3222 3476 3292 jam

1895 3341 2000 3376 non
2038 3337 2120 3374 me
2159 3321 2376 3375 ridebis.
2441 3319 2572 3384 Quae
2613 3317 2938 3372 exclamavit
2981 3331 3107 3370 cum
3180 3315 3307 3370 lletu
3345 3331 3477 3370 voce

1896 3431 2092 3485 magna
2126 3415 2192 3467 ad
2228 3427 2793 3483 paracmmumenum,
2833 3411 3070 3464 dicens:
3150 3410 3358 3479 Adjuro
3427 3419 3477 3462 te

1891 3526 1985 3578 per
2021 3507 2208 3574 Deum,
2242 3523 2360 3578 qua:
2401 3515 2478 3560 est
2508 3521 2671 3559 causa
2703 3509 2764 3558 ob
2793 3521 2951 3574 quam
2989 3503 3178 3572 quierit
3221 3519 3340 3556 cum
3372 3503 3475 3557 hac

1894 3606 2027 3656 liora
2051 3604 2076 3655 ?
2121 3603 2190 3653 At
2263 3600 2356 3654 ille
2383 3599 2675 3666 jttrariLse
2698 3597 2974 3666 ignorare,
3005 3605 3059 3650 et
3083 3598 3211 3665 quia
3248 3605 3473 3664 repente

1894 3695 1959 3750 de
1987 3709 2184 3749 somno
2218 3693 2514 3760 imperator
2549 3701 2856 3756 exsurgens
2879 3688 3027 3742 misit
3067 3703 3174 3742 me.
3206 3687 3477 3757 Philippi-

1893 3803 1994 3842 cus
2025 3802 2154 3855 ergo
2182 3782 2435 3853 quaesivit
2466 3796 2669 3850 corpus
2702 3778 2910 3832 Christi
2959 3780 3262 3846 percipere.
3307 3788 3361 3834 et
3389 3782 3474 3832 sic

1893 3876 1958 3930 ad
1994 3877 2374 3946 imperatorem
2421 3883 2669 3940 pergere.
2719 3867 2869 3922 Uxor
2908 3878 3088 3921 autem
3119 3867 3237 3937 ejus
3268 3868 3472 3924 Gordia

1887 3967 2106 4038 jacebat
2152 3964 2206 4018 in
2237 3971 2382 4018 terra
2431 3978 2490 4017 se
2534 3963 2790 4016 volutans
2835 3970 2890 4015 et
2946 3960 3170 4029 plorans
3212 3967 3266 4014 et
3302 3960 3470 4016 Deum

1891 4073 2150 4114 exorans.
2186 4055 2476 4125 Ingressus
2507 4067 2638 4108 vero
2670 4050 3009 4122 Philippicas
3035 4050 3348 4106 cubiculum
3381 4066 3472 4105 re-

1888 4154 2038 4224 gium
2072 4150 2303 4223 proiecit
2336 4164 2396 4204 se
2425 4148 2491 4204 ad
2535 4146 2703 4218 pedes
2750 4145 3118 4218 imperatoris.
3171 4145 3472 4216 Imperator

1891 4257 2071 4302 autem
2105 4245 2243 4301 dicit
2293 4244 2385 4298 ei:
2448 4241 2669 4315 Ignosce
2699 4240 2830 4295 mihi
2875 4249 3088 4310 propter
3121 4238 3310 4304 Deum,
3341 4254 3472 4309 quo-

1888 4342 2034 4395 niam
2058 4337 2266 4409 ρει-οαυὶ
2299 4337 2430 4392 tibi:
2466 4353 2590 4391 nam
2623 4351 2786 4407 usque
2813 4351 2951 4390 nunc
2980 4333 3394 4390 scandalizabar
3414 4335 3469 4389 in

1890 4443 1960 4487 te.
2017 4430 2082 4485 Et
2139 4430 2344 4501 jubens
2370 4430 2522 4486 exire
2555 4443 3100 4500 paracmmumenum
3133 4426 3372 4481 surrexit
3415 4433 3472 4480 et

1889 4523 2090 4580 cecidit
2119 4523 2185 4577 ad
2225 4523 2392 4593 pedes
2424 4520 2739 4592 Philippici,
2795 4519 3020 4574 dicens:
3070 4515 3292 4588 Ignosce
3317 4517 3467 4581 mihi,

1886 4616 2012 4687 quia
2043 4613 2196 4668 modo
2227 4613 2520 4668 certissime
2559 4613 2675 4665 novi
2709 4610 2848 4680 quod
2893 4608 3024 4662 nihil
3072 4609 3366 4676 peccaveris
3409 4609 3468 4662 in

1889 4722 1989 4759 me.
2035 4704 2137 4760 Sed
2182 4704 2268 4757 dic
2313 4702 2480 4766 mihi,
2521 4715 2673 4769 quem
2719 4700 2824 4753 scis
2861 4700 2998 4752 inter
3027 4699 3238 4768 agmina
3283 4709 3469 4753 nostra

1892 4796 2130 4853 Phocam
2159 4797 2401 4851 militem.
2459 4794 2529 4848 At
2595 4805 2726 4845 vero
2770 4791 3112 4860 Philippicas
3145 4793 3471 4861 recogitans

1889 4891 2023 4946 dicit
2062 4891 2155 4945 ei:
2226 4887 2400 4942 Unam
2459 4901 2713 4957 agnosco,
2754 4885 2844 4956 qui
2878 4894 3002 4939 ante
3041 4883 3308 4939 modicum
3340 4894 3470 4938 tem-

1885 4999 1982 5054 pus
2024 4989 2343 5051 procurator
2383 4979 2448 5032 ab
2477 4978 2710 5032 exercitu
2741 4976 3037 5030 destinatus
3071 4975 3471 5030 contradicebat

1885 5077 2106 5148 imperio
2159 5084 2269 5129 tuo.
2337 5072 2438 5128 Ast
2503 5071 2807 5139 imperator
2848 5069 2962 5122 ait:
3019 5065 3186 5137 Cujus
3231 5076 3468 5136 estqua-

1887 5171 2098 5227 litatis?
2152 5169 2257 5236 Qui
2312 5168 2389 5222 ait
2421 5181 2435 5220 :
2469 5163 2689 5220 Iuvenis
2722 5163 3052 5225 (cinerarius,
3089 5161 3180 5216 sed
3219 5169 3270 5215 et
3317 5158 3468 5212 timi-

1887 5263 2008 5318 dus.
2059 5259 2216 5314 Tunc
2278 5257 2579 5310 Mauricius
2639 5276 2653 5309 :
2715 5253 2775 5310 Si
2819 5254 3037 5307 timidus
3099 5260 3198 5316 est,
3263 5248 3466 5317 inquit,

1889 5353 2127 5425 profecto
2158 5359 2205 5405 et
2230 5347 2518 5403 homicida.
2564 5345 2624 5403 Et
2660 5347 2930 5401 referebat
2979 5341 3285 5409 Philippica
3311 5352 3464 5392 som-

1889 5447 1963 5503 nii
2028 5443 2440 5501 revelationem.
2512 5438 2683 5493 Porro
2722 5444 2884 5492 nocte
2919 5433 3011 5488 illa
3040 5432 3158 5485 visa
3191 5437 3276 5486 est
3307 5430 3463 5486 stella

1889 5540 1944 5596 in
1974 5539 2136 5602 cmlo,
2163 5553 2283 5607 qua:
2325 5535 2524 5591 dicitur
2551 5536 2829 5588 cometes:
2857 5526 2913 5582 In
2942 5524 3246 5582 crastinum
3281 5533 3462 5576 autem

1893 5632 2138 5705 pervenit
2156 5629 2567 5702 magistrianus,
2595 5623 2686 5694 qui
2713 5621 2915 5676 missus
2949 5617 3126 5672 fuerat
3151 5616 3218 5670 ad
3241 5625 3465 5674 sanctos

1718 5727 1945 5788 NOTE.

260 5831 377 5904 (Η)
419 5826 641 5884 [lissam
673 5826 796 5882 Vat.

402 5924 670 5986 Partica.
721 5923 837 5982 iis.
887 5923 1104 5986 CVIII.

2989 5897 3064 5970 ιιι
