3906 6226
483 320 613 384 1Ξ91

1594 313 1991 373 ANASTASII
2030 311 2662 374 BIBLIOTlIECARII

3607 309 3624 370 l
3637 311 3723 375 392

481 429 648 488 eremi
694 425 913 490 Patres,
943 424 1132 480 ferens
1160 423 1231 478 ab
1254 423 1324 479 iis
1347 407 1675 493 responsum
1701 423 2014 494 huiusmodi
2039 441 2054 478 :
2081 429 2136 487 Α
2165 422 2346 494 Neque
2407 424 2548 479 enim
2627 441 2726 480 nos
2750 465 2767 488 ,
2826 423 3002 490 aiunt,
3060 423 3310 491 imperari
3395 441 3431 476 α
3503 422 3731 479 Hauricio

478 523 620 578 Deus
697 530 902 590 recepta
976 518 1285 586 pauitantia
1375 525 1470 570 tua
1545 515 1769 571 saluauit
1823 519 2062 572 animant

480 628 652 680 tuam,
683 621 732 666 et
765 624 814 666 te
851 627 969 664 cum
1005 611 1205 664 sanctis
1239 625 1358 662 cum
1391 619 1502 662 tota
1545 609 1702 663 domo
1734 619 1826 662 tua
1860 611 2061 664 consti-

481 712 610 768 tuet,
641 702 859 772 imperio
883 717 1000 755 vero
1031 717 1149 753 cunt
1189 699 1480 768 ignominia
1502 709 1552 753 et
1585 699 1895 756 discrimine
1918 701 2063 756 deci-

481 798 593 850 des.
661 795 759 849 His
817 794 1022 847 auditis
1065 791 1363 847 Mauricius
1407 793 1737 862 gloriﬁcavit
1773 796 2062 866 magniﬁce

481 889 678 944 Deum.
728 886 900 957 Igitur
961 885 1210 941 autumni
1266 892 1516 954 tempore
1569 884 1886 950 accedente,
1934 901 2061 942 cum

481 980 783 1038 lauricius
815 981 1117 1050 imperator
1143 977 1408 1046 jussisset
1452 975 1614 1032 Petro
1657 987 1714 1032 ut
1757 980 1811 1032 in
1851 979 2064 1034 Sclavi-

482 1088 678 1128 norum
728 1073 953 1144 regione
1001 1071 1237 1142 populus
1270 1071 1558 1133 hiemaret,
1594 1073 1920 1126 restiterunt
1955 1072 2066 1127 Ro-

482 1167 652 1229 mani,
693 1166 799 1220 hoc
831 1165 1010 1219 facere.
1047 1180 1157 1220 non
1201 1163 1634 1226 consentientes,
1684 1173 1792 1218 tam
1843 1174 2066 1234 propter

482 1273 750 1328 equorum
783 1257 1217 1311 humiliationem
1254 1271 1418 1324 quam
1450 1265 1677 1325 propter
1703 1257 1848 1326 quod
1881 1257 2069 1326 copio-

483 1366 600 1404 sum
628 1350 1107 1405 circumducerent
1147 1349 1410 1418 praedam,
1454 1363 1552 1403 nec
1575 1363 1682 1404 non
1713 1350 1784 1404 ob
1816 1351 2063 1403 multitu-

481 1444 638 1497 dines
695 1440 1105 1505 Birbarorum,
1173 1456 1297 1510 qua;
1359 1457 1457 1510 per
1522 1444 1796 1511 regionem
1855 1443 2068 1497 diﬁusat

482 1533 970 1602 dignoscebantur,
1007 1542 1063 1586 et
1095 1533 1424 1588 seditionem
1457 1536 1699 1589 meditati
1735 1544 1882 1590 sunt.
1919 1535 2066 1591 Prte-

484 1633 572 1677 tor
603 1635 784 1678 autem
821 1624 1142 1694 indignatus
1179 1633 1372 1678 contra
1406 1626 1665 1694 populum
1701 1631 1754 1680 in
1785 1627 2068 1683 dementa-

484 1716 687 1767 tionem
719 1728 815 1768 eos
840 1713 1088 1767 immisit.
1115 1714 1366 1767 Incidunt
1399 1713 1587 1783 itaque
1623 1715 1820 1785 pluviae
1842 1717 2066 1772 creber-

2163 517 2228 570 ds
2310 529 2498 571 catero
2566 518 2854 586 patiemur.
2935 514 3034 572 [iis
3090 515 3392 570 Mauricius
3467 520 3731 587 compertis

2163 610 2400 664 accersit
2444 609 2509 661 ad
2596 624 2656 663 se
2708 607 2915 672 ﬁlium,
2959 607 3366 663 Comentiolum
3405 623 3542 663 vero
3577 625 3732 666 muros

2167 700 2462 755 observare
2513 701 2791 770 praecepit.
2853 699 3186 755 Germanum
3239 709 3427 753 autem
3492 718 3593 755 una
3629 720 3730 756 runt

2171 793 2280 847 ﬁlio
2317 809 2418 848 suo
2466 793 2762 848 accusabat
2815 793 3010 847 harum
3041 791 3216 849 fuisse
3249 793 3622 848 calamitatum
3651 810 3733 849 au-

2167 895 2368 940 ctores.
2397 886 2641 956 Cumque
2689 901 2749 941 se
2798 885 3104 940 Germanus
3151 901 3430 940 excusare
3478 888 3731 942 niteretur.

2169 975 2468 1031 Mauricius
2517 981 2594 1030 ait
2668 992 2682 1028 :
2739 976 2785 1032 0
2819 977 3099 1042 Germane,
3134 979 3241 1031 duo
3273 987 3398 1031 sunt
3453 989 3734 1049 arguments

2171 1070 2494 1132 suspicionis
2519 1085 2668 1134 meae,
2694 1070 2876 1138 populi
2909 1069 3105 1122 scilicet
3135 1071 3203 1121 ad
3237 1080 3285 1122 te
3309 1071 3524 1134 littera’,
3552 1071 3733 1139 etquod

2171 1172 2365 1216 cuncta
2398 1163 2610 1231 depasti
2636 1171 2781 1230 sunt,
2813 1171 2864 1216 et
2900 1161 3064 1214 nullis
3099 1164 3354 1228 exceptis,
3391 1164 3495 1214 tuis
3527 1179 3733 1230 peperce-

2169 1254 2298 1308 rint.
2321 1252 2513 1319 Parce,
2538 1251 2819 1318 Germane,
2874 1253 3142 1322 prolixum
3183 1253 3421 1320 faciendi
3447 1270 3729 1308 sermonem.

2171 1343 2324 1398 Nihil
2349 1346 2563 1400 suauius
2617 1362 2776 1414 quam
2814 1361 2906 1414 per
2935 1345 3168 1414 gladium
3237 1347 3387 1400 mori.
3447 1346 3581 1400 Sane
3608 1346 3729 1400 Ger-

2175 1451 2372 1491 manus
2424 1438 2478 1491 in
2531 1439 2794 1506 templum
2853 1439 2945 1491 Dei
3001 1437 3214 1502 Matris,
3265 1440 3400 1508 quod
3447 1441 3724 1508 appellatur

2170 1529 2322 1598 Cyri,
2362 1527 2522 1599 fugit.
2577 1528 2732 1594 Quod
2783 1546 2906 1583 cum
2961 1531 3260 1600 imperator
3299 1531 3579 1593 didicisset,
3611 1532 3718 1587 Ste-

2171 1621 2413 1690 phanum
2458 1623 2770 1676 eunuchum
2808 1623 3010 1676 direxit
3055 1627 3124 1678 ab
3151 1625 3385 1679 ecclesia
3433 1623 3718 1678 Germanum

2169 1712 2464 1768 educendi.
2496 1715 2745 1783 Cumque
2785 1712 3103 1785 Stephanus
3139 1717 3411 1771 violenter
3440 1718 3577 1771 hunc
3613 1719 3725 1770 edu-

483 1807 637 1859 rimae
676 1820 840 1874 super
891 1804 1176 1874 populum,
1232 1815 1285 1859 et
1333 1807 1510 1876 frigus
1551 1807 1804 1862 multum.
1873 1807 2072 1865 Petrus
2109 1817 2149 1875 Β
2180 1820 2307 1859 cere
2334 1805 2624 1868 voluisset,
2659 1806 2902 1862 [autores
2931 1807 3189 1861 Germani
3225 1809 3545 1863 resistentes
3570 1810 3731 1878 expel-

483 1913 663 1957 autem
699 1902 888 1972 viginti
927 1903 1168 1956 millibus
1205 1905 1396 1970 procul
1431 1903 1499 1957 ab
1530 1908 1776 1958 exercitu
1815 1905 2072 1960 moraba-

486 2001 594 2046 tur.
631 1990 928 2044 Mauricius
977 1999 1156 2044 autem
1194 1989 1357 2044 Petro
1403 2007 1500 2062 per
1549 1994 1758 2047 litteras
1805 1996 2071 2050 molestus

483 2093 603 2138 erat
634 2091 692 2136 ut
735 2083 934 2135 Istrum
980 2080 1244 2136 transiret
1291 2091 1345 2135 et
1387 2081 1647 2137 hiemales
1679 2097 1836 2137 escas
1885 2083 2069 2152 pepuli

483 2178 553 2231 de
585 2174 968 2230 Sclavinorum
1007 2181 1252 2229 sumeret
1290 2175 1536 2244 regione,
1575 2189 1643 2229 ne
1676 2175 1932 2229 alimenta
1971 2192 2072 2245 pti-

485 2268 628 2323 blica
677 2275 966 2337 cogeretur
1000 2264 1264 2319 Romanis
1320 2266 1584 2334 praebere.
1637 2264 1846 2320 Praetor
1886 2273 2070 2319 autem

487 2359 758 2414 accersito
789 2357 1088 2412 Gunduhin
1158 2358 1236 2410 ait
1269 2373 1286 2411 :
1361 2355 1540 2410 Nimis
1571 2357 1698 2410 mihi
1737 2358 1924 2426 gravia
1972 2356 2072 2408 im-

484 2452 747 2522 peratoris
777 2459 1039 2519 praecepta
1085 2451 1142 2503 in
1170 2452 1348 2504 aliena
1380 2459 1521 2503 terra
1551 2449 1781 2504 hiemare
1805 2447 2069 2504 Romanos

476 2544 764 2612 jubentia:
793 2559 916 2596 nam
949 2541 1032 2595 illi
1066 2558 1171 2596 non
1210 2542 1467 2596 obaudire
1501 2560 1695 2596 meum
1731 2552 1830 2606 est,
1863 2553 1912 2596 et
1951 2559 2071 2596 rur-

487 2651 580 2687 sus
609 2634 862 2688 obaudire
886 2633 1254 2686 suavissimum.
1295 2630 1515 2686 Nullum
1549 2634 1739 2687 bonunt
1769 2636 1908 2701 parit
1943 2651 2070 2688 aua-

489 2726 635 2787 ritia,
676 2733 843 2777 mater
879 2733 1055 2776 autem
1086 2724 1319 2776 omnium
1362 2724 1623 2778 malorum
1665 2728 1929 2790 consistit,
1965 2743 2069 2796 qua

487 2819 776 2884 imperator
803 2813 1056 2883 languens
1087 2813 1276 2866 horum
1319 2814 1676 2866 maximorum
1711 2829 1876 2867 causa
1907 2815 2069 2869 malo-

487 2924 606 2962 rum
651 2907 905 2962 Romanis
982 2907 1235 2976 efﬁcitur.
1300 2908 1597 2963 Arcet'sitis
1631 2922 1851 2977 quoque
1882 2909 2065 2978 populi

487 3003 811 3067 taxiarchis,
866 3001 1215 3072 imperatoris
1260 3002 1342 3056 eis
1405 3001 1762 3056 intentionem
1831 3003 2064 3072 aperuit.

488 3097 727 3167 Populus
782 3103 962 3150 autem
1013 3095 1119 3150 hoc
1166 3095 1355 3150 audito
1408 3096 1708 3150 seditiones
1753 3096 2066 3150 concitave-

486 3198 639 3253 runt,
673 3196 729 3242 et
767 3187 1014 3256 insignes
1037 3184 1258 3254 quidam
1291 3185 1572 3253 principes
1599 3200 1664 3239 ex
1688 3184 1769 3239 eis
1801 3185 2066 3252 fugientes

486 3280 555 3335 ad
579 3289 865 3348 primorem
891 3286 1175 3330 venerunt.
1211 3276 1382 3329 Porro
1412 3277 1790 3331 multitudines
1818 3278 1870 3331 in
1900 3293 2066 3333 unum

486 3375 828 3440 congregatae
854 3367 1160 3435 provehunt
1181 3366 1478 3420 exercitum
1515 3365 1753 3420 l’hocam
1784 3368 2067 3420 centurio-

487 3476 646 3524 nem,
683 3468 739 3513 et.
777 3473 940 3526 super
982 3457 1230 3528 clypeum
1279 3457 1429 3512 hunc
1469 3458 1766 3513 exaltatum
1815 3458 2068 3514 laudibus

486 3551 789 3608 exercitum
814 3549 1279 3603 acclamaverunt.
1309 3547 1406 3603 llis
1439 3547 1633 3603 l'etrus
1667 3549 1871 3603 auditis
1902 3551 1953 3603 in
1991 3549 2070 3604 l'u-

488 3661 610 3714 gam
651 3658 847 3698 versus
885 3651 1004 3705 est,
1057 3651 1113 3696 et
1161 3642 1347 3697 omnia
1400 3643 1716 3712 imperatori
1774 3643 2066 3697 manifesta

488 3739 634 3793 fecit.
670 3738 768 3790 Ast
803 3738 1100 3806 imperator
1146 3735 1231 3790 his
1291 3734 1605 3824 diﬁicilibus
1645 3736 1849 3792 auditis
1887 3737 2067 3791 celare

487 3829 870 3884 multitudines
903 3843 967 3883 ea
998 3828 1262 3883 tentabat.
1309 3825 1566 3884 Secunda
1596 3844 1724 3884 vero
1757 3829 1846 3884 die
1890 3839 1944 3884 et
1983 3829 2065 3882 lu-

484 3920 615 3973 dunt
644 3917 941 3973 celebravit
970 3927 1303 3986 equestrem,
1339 3918 1684 3972 incommoda
1730 3918 2066 3973 infelicitatis

487 4011 800 4065 occultans.
857 4008 1070 4080 Vulgus
1126 4017 1310 4064 autem
1368 4008 1724 4065 Prasinorum
1771 4010 2062 4076 clamabat,

483 4098 891 4163 Constantinus,
981 4100 1256 4170 inquiens,
1317 4110 1366 4156 et
1429 4100 1818 4166 Domentiolus,
1854 4101 2065 4156 domine

484 4193 852 4248 Romanorum
930 4202 1011 4246 ter
1093 4194 1343 4263 Auguste,
1405 4193 1544 4262 plebi
1617 4203 1723 4248 tute
1795 4195 2062 4249 molestias

482 4287 754 4356 ingerunt,
801 4297 857 4338 ut
911 4301 1095 4340 cruces
1148 4286 1393 4354 disponat
1445 4286 1499 4339 in
1547 4303 1608 4340 ea
1653 4303 1768 4356 qua:
1815 4287 2062 4341 habemus

479 4386 720 4444 peccata.
773 4375 935 4440 Deus,
969 4376 1058 4445 qui
1106 4377 1286 4429 omnia
1337 4376 1595 4442 condidit,
1658 4379 1906 4445 subiiciat
1969 4378 2064 4431 tibi

2177 1897 2295 1952 lunt
2349 1898 2731 1968 Stephanum,
2790 1907 2842 1954 et
2898 1901 3238 1969 excipientes
3301 1901 3623 1956 Germanum
3683 1903 3730 1954 in

2173 1991 2462 2045 ecclesiam
2525 1990 2775 2061 Magnam
2825 1991 3112 2060 effugiunt.
3162 1992 3232 2046 At
3281 2009 3411 2048 vero
3466 1993 3734 2064 imperator

2175 2082 2343 2153 virgis
2370 2083 2616 2138 credebat
2647 2082 3021 2139 Theodosium
3048 2084 3218 2138 ﬁliutn
3253 2102 3413 2140 suum
3439 2106 3452 2140 :
3483 2086 3735 2140 asserebat

2173 2178 2318 2232 enim
2348 2178 2682 2233 Germanum
2715 2194 2810 2249 per
2847 2194 2970 2234 eum
3001 2177 3175 2234 fuisse
3208 2178 3474 2249 iugatum.
3506 2180 3566 2234 Et
3595 2178 3738 2232 mittit

2172 2270 2522 2326 excubitores
2553 2286 2580 2324 a
2615 2271 2806 2341 Magna
2853 2272 3085 2327 ecclesia
3119 2272 3384 2326 educendi
3409 2271 3735 2326 Germanum.

2174 2361 2315 2417 Hinc
2350 2378 2584 2434 magnus
2607 2365 2729 2418 urbi
2779 2379 2968 2418 rumor
3011 2364 3288 2417 incubuit.
3323 2362 3621 2418 Germanus
3650 2377 3736 2414 au-

2174 2463 2282 2509 tem
2313 2457 2500 2526 egredi
2540 2466 2596 2511 et
2635 2458 2769 2512 dare
2811 2472 2870 2513 se
2909 2458 3107 2511 voluit.
3145 2456 3349 2511 Verum
3381 2456 3737 2510 multitudines

2175 2546 2320 2601 hunc
2351 2549 2510 2604 exire
2559 2550 2787 2604 minime
2833 2551 3235 2620 permiserunt,
3273 2551 3370 2602 sed
3403 2549 3617 2618 magnis
3648 2547 3737 2602 im-

2175 2641 2412 2708 peratori
2457 2642 2726 2695 conviciis
2767 2640 3188 2711 derogaverunt,
3263 2641 3511 2695 dicentes
3546 2661 3562 2693 :
3629 2637 3741 2692 Non

2173 2732 2369 2787 habeat
2409 2735 2600 2802 pellent
2639 2735 2733 2805 qui
2767 2745 2815 2789 te
2858 2744 3023 2797 amat,
3081 2733 3313 2787 Maurici
3366 2732 3743 2787 Marcionista.

2169 2824 2342 2896 Igitur
2397 2828 2489 2897 qui
2557 2844 2750 2882 muros
2810 2828 3227 2891 custodiebant,
3289 2827 3378 2880 bis
3409 2826 3738 2896 compertis,

2171 2916 2484 2970 custodiam
2561 2918 2911 2988 negligentiae
2994 2918 3376 2988 prodiderunt.
3452 2916 3744 2970 Mauricius

2172 3023 2350 3066 autem
2412 3013 2589 3067 media
2644 3022 2806 3067 nocte
2857 3025 3059 3068 exutus
3108 3014 3460 3082 imperatoria
3511 3014 3647 3070 stola
3695 3021 3742 3066 et

2171 3103 2381 3172 privata
2422 3104 2910 3171 circumamictus,
2949 3107 3276 3160 dromonem
3317 3110 3596 3175 ingressus
3628 3117 3742 3158 cum

2173 3211 2345 3252 uxore
2369 3197 2609 3268 ﬁliisque
2637 3199 2756 3253 suis
2784 3208 2839 3252 et
2879 3199 3251 3254 Constantino
3290 3199 3468 3268 fugam
3499 3199 3745 3266 arripuit.

2172 3285 2355 3355 C0pize
2395 3304 2526 3341 vero
2571 3303 2666 3358 per
2700 3297 2872 3342 totam
2915 3301 3131 3344 noctem
3175 3291 3422 3356 pessimis
3460 3288 3746 3354 imperato-

2173 3392 2287 3429 rem
2325 3376 2550 3446 injuriis
2581 3381 2912 3448 appetebant
2941 3398 2952 3433 :
2990 3381 3084 3435 scd
3118 3392 3173 3433 et
3202 3381 3487 3450 (Syriacum
3525 3377 3748 3448 patriar-

2174 3467 2334 3522 cham
2367 3469 2867 3539 reprehendebant.
2901 3469 3150 3525 Turbine
3197 3471 3382 3537 itaque
3413 3467 3618 3538 ingenti
3651 3483 3743 3521 51--

2171 3559 2353 3616 viente
2384 3578 2508 3616 cum
2543 3563 2797 3616 maximis
2831 3564 3094 3632 periculis
3132 3563 3276 3634 apud
3319 3562 3378 3615 S.
3406 3564 3744 3616 Autonomou

2170 3652 2416 3707 salvetur
2475 3655 2799 3710 Mauricius.
2834 3657 3008 3710 Nocte
3055 3671 3184 3710 vero
3249 3657 3650 3724 superveniunt
3702 3653 3744 3703 ei

2169 3744 2332 3798 etiam
2377 3746 2669 3814 languores
2715 3748 3020 3813 artbritici,
3055 3763 3196 3818 quos
3235 3763 3511 3801 manuum
3551 3747 3744 3800 dolores

2169 3843 2224 3888 et
2256 3835 2452 3902 pedum
2484 3847 2708 3890 vocant.
2765 3837 2932 3892 Porro
2971 3839 3137 3891 mittit
3167 3836 3552 3893 Theodosium
3595 3836 3742 3890 ﬁlium

2168 3943 2327 3982 suum
2358 3945 2483 3984 cum
2525 3932 2893 3986 Constantino
2926 3933 2992 3988 ad
3024 3932 3308 3988 Chosroen
3345 3948 3542 4004 regem
3575 3930 3746 3985 Persa-

2169 4037 2314 4087 rum,
2353 4033 2413 4076 ut
2444 4026 2831 4080 recordaretur
2860 4042 3047 4081 eorum
3078 4043 3199 4097 qua:
3226 4027 3332 4082 sibi
3364 4025 3517 4081 facta
3552 4025 3743 4081 fuerant

2167 4128 2196 4166 a
2244 4129 2325 4181 se,
2369 4124 2426 4171 et
2477 4117 2918 4175 vicissitudinem
2973 4120 3220 4174 beneﬁcii
3287 4121 3374 4175 sui
3443 4120 3745 4192 mpenderet

2167 4206 2298 4261 ﬁlio.
2319 4206 2628 4264 Germanus
2649 4222 2830 4266 antem
2853 4213 3020 4266 mittit
3042 4213 3108 4270 ad
3129 4212 3383 4280 Sergium
3406 4214 3742 4268 demat-cltum

2168 4296 2423 4353 Prasinae
2456 4303 2651 4367 partis,
2701 4310 2760 4356 ut
2804 4303 3168 4356 auxiliaretur
3213 4303 3320 4356 sibi
3364 4306 3551 4373 gratia
3595 4302 3744 4370 impc-

2170 4383 2351 4450 randi,
2388 4388 2780 4455 repromittens
2813 4405 2874 4445 se
2910 4400 3116 4460 partem
3142 4389 3444 4446 Prasinain
3471 4394 3743 4448 honoratu-

481 4485 687 4524 omnent
733 4468 1006 4523 inimicum
1045 4477 1096 4522 et
1139 4469 1340 4522 hostem
1390 4479 1502 4523 tam
1554 4470 1858 4524 intestinum
1901 4487 2060 4541 quam
2095 4489 2138 4547 υ
2169 4490 2290 4528 rum
2343 4477 2634 4548 ipsumque
2683 4482 2898 4552 magnis
2939 4483 3301 4553 dignitatibus
3344 4487 3649 4540 elaturum.
3687 4481 3742 4534 At

479 4573 754 4618 externum
799 4561 912 4617 sine
944 4562 1218 4633 sanguine.
1279 4563 1350 4617 At
1418 4576 1549 4616 vero
1597 4563 1895 4633 imperator
1946 4565 2057 4633 ple-

483 4655 640 4709 bibus
687 4653 1012 4710 intimabat:
1078 4651 1177 4707 Nil
1216 4670 1331 4716 vos.
1378 4653 1656 4725 inquiens,
1713 4654 1882 4710 turbet
1913 4656 2055 4708 irra-

483 4747 815 4802 tionabiliunt
889 4747 1118 4803 militum
1196 4746 1566 4802 imntoderatio
1622 4757 1671 4802 et
1725 4748 2054 4818 inquietudo.

485 4835 675 4894 Veneti
703 4847 882 4892 autem
917 4837 1208 4895 dixerunt:
1251 4837 1416 4906 Deus,
1461 4841 1551 4910 qui
1589 4839 1754 4910 jussit
1799 4851 1849 4896 te
1893 4843 2058 4911 imps-

481 4943 624 4989 rars.
662 4927 856 4982 subdat
890 4929 985 4983 tibi
1015 4946 1221 4984 omnem
1256 4933 1346 5002 qui
1375 4932 1654 5002 imperium
1693 4943 1839 4988 tuum
1880 4936 2057 5004 impu-

480 5029 632 5095 gnst;
661 5031 711 5076 et
741 5021 788 5074 si
820 5017 1088 5076 Romanus
1119 5032 1194 5077 est
1223 5025 1312 5092 qui
1337 5024 1442 5091 [ide
1469 5035 1624 5092 rupta
1659 5037 1803 5098 terga
1840 5030 1992 5082 vertit
2025 5045 2058 5083 a

482 5121 554 5177 ts,
587 5111 726 5165 hunc
753 5110 848 5164 tibi
871 5110 924 5163 in
947 5111 1248 5166 seruitutem
1298 5116 1504 5185 redigat
1545 5117 1736 5186 absque
1782 5118 2053 5190 sanguine.

479 5200 592 5257 l'los
620 5202 922 5272 imperator
952 5215 1174 5258 armans
1201 5211 1257 5256 et
1287 5206 1634 5262 sermonibus
1659 5207 1872 5263 blandis
1903 5222 2056 5262 corn-

478 5306 712 5361 pescens
735 5306 840 5347 una
879 5306 1004 5347 cum
1037 5289 1350 5349 demarchis
1380 5309 1566 5353 muros
1596 5297 1746 5354 urbis
1779 5299 2058 5356 custodire

483 5385 764 5454 praecepit.
791 5382 1062 5442 Praterea
1098 5383 1210 5440 ﬁlio
1243 5383 1594 5454 imperatoris
1620 5386 1928 5447 Theodosio
1950 5407 2058 5447 una

482 5486 606 5528 cum
637 5476 914 5533 Germano
945 5490 1144 5534 socero
1175 5490 1278 5533 suo
1309 5477 1454 5549 apud
1497 5477 1862 5548 Callicratiam
1897 5497 2060 5537 vena-

484 5563 664 5622 tiones
687 5579 1000 5638 exercente,
1035 5572 1258 5626 mittuut
1287 5571 1518 5628 Romani
1547 5573 1758 5630 litteras
1791 5574 1858 5630 ad
1887 5571 2060 5634 Theo-

483 5650 731 5723 dosium,
787 5661 855 5716 ab
906 5678 971 5717 eo
1023 5665 1280 5734 imperari
1339 5673 1665 5735 poscentes;
1719 5667 1806 5722 sin
1851 5675 2055 5736 autem,

483 5743 675 5799 saltem
723 5749 1054 5811 Germanum
1106 5759 1494 5828 imperatorem
1539 5760 2055 5830 pronuntiandum:

2165 4582 2297 4621 vero
2341 4565 2568 4638 Sergius
2619 4571 2721 4626 hoc
2765 4574 3074 4644 insignibus
3107 4576 3265 4646 .vnlgi
3313 4578 3614 4632 confessus
3653 4585 3740 4631 est.

2160 4659 2254 4728 qui
2315 4659 2542 4716 minime
2606 4662 2660 4717 id
2721 4664 3107 4734 admiserunt,
3172 4665 3424 4724 fatentes
3484 4680 3738 4738 nunquam

2161 4747 2494 4804 Germanum
2531 4751 2599 4806 ab
2633 4768 2824 4810 amore
2856 4752 3184 4810 Venetorum
3217 4758 3517 4815 recedere.
3551 4756 3737 4812 Prasiui

2161 4854 2290 4895 vero
2318 4852 2585 4899 exeuntes
2621 4845 2676 4899 in
2719 4847 2948 4917 [legium
3007 4849 3220 4920 magnis
3273 4850 3546 4907 laudibus
3581 4859 3738 4921 tyran-

2161 4949 2292 4988 num
2333 4933 2575 4991 Phocam
2619 4939 2944 5007 eﬂerebant,
2991 4953 3042 4996 et
3093 4943 3439 5012 persuadent
3487 4946 3540 5000 ei
3583 4945 3738 4999 venire

2160 5025 2214 5080 in
2249 5023 2580 5097 Septimum.
2630 5027 2824 5100 Dirigit
2874 5032 3038 5102 igitur
3082 5030 3293 5088 Pltocas
3328 5031 3680 5090 Theodorum
3711 5047 3734 5082 ι

2161 5117 2423 5180 secretis,
2465 5119 2558 5189 qui
2601 5121 2882 5190 ingressus
2921 5120 3168 5194 Magnam
3230 5124 3538 5181 ecclesiam
3579 5139 3734 5179 coram

2161 5208 2367 5278 pupulo
2391 5209 2519 5280 legit
2544 5220 2820 5282 quatenus
2842 5223 2952 5269 tam
2987 5215 3306 5284 patriarcha
3327 5233 3508 5287 quam
3541 5228 3733 5273 senatus

2161 5310 2214 5353 et
2245 5302 2442 5373 vulgus
2473 5305 2728 5359 venirent
2759 5306 2814 5360 in
2848 5305 3170 5379 Septimum.
3210 5307 3326 5364 Hoc
3366 5311 3566 5382 itaque
3595 5310 3730 5368 lacte.

2159 5399 2214 5446 et
2263 5394 2483 5452 cunctis
2533 5399 2989 5456 convenientibus
3048 5402 3192 5472 apud
3248 5401 3601 5473 Septimum.
3653 5413 3728 5468 pa-

2162 5486 2402 5542 triarcha
2443 5486 2707 5560 Cyriacus
2748 5507 2776 5545 a
2817 5501 3052 5565 tyranno
3087 5493 3155 5550 de
3186 5496 3506 5550 orthodoxa
3556 5493 3665 5548 ﬁde.
3691 5498 3730 5543 sl

2164 5588 2221 5633 ut
2247 5580 2368 5637 sine
2395 5585 2808 5654 perturbatione
2831 5597 3186 5644 conservaret
3209 5588 3551 5652 Ecclesiam,
3575 5596 3724 5641 extor-

2161 5673 2234 5728 sit
2281 5675 2702 5744 professionem.
2741 5677 2903 5736 Visus
2942 5698 3072 5737 vero
3105 5692 3190 5738 est
3219 5691 3502 5754 tyrannus
3528 5679 3703 5736 Germ:

2165 5780 2296 5822 num
2337 5769 2646 5827 adhortari.
2679 5771 2927 5845 Cumque
2954 5775 3261 5832 Germanus
3293 5777 3448 5832 nolle
3485 5791 3546 5831 se
3585 5773 3708 5828 simu
