3950 6234
474 278 611 345 1ξ93

1253 279 1623 341 HISTORIA
1647 279 2229 343 ECCLESIASTICA
2270 282 2371 343 EX
2397 281 2884 343 THEOPHANE.

3599 285 3736 352 ιξεη

468 397 612 450 laret
655 400 713 449 et
759 392 956 463 vulgus
1009 401 1302 464 tyrannum
1350 395 1623 461 laudaret,
1676 399 2064 466 pronuntiatur
2091 407 2137 461 Α
2169 400 2362 469 grandi
2412 399 2660 453 dicentes
2716 400 3103 469 interemptum
3146 401 3474 457 Mauricium
3504 409 3558 457 et
3592 404 3736 463 alios

471 486 700 549 malum,
722 492 779 539 et
797 482 1056 539 dominus
1072 495 1409 553 sceptrorum
1435 496 1702 559 tyrannus
1720 490 2060 559 provehitur,

468 590 522 637 et
560 576 818 649 praevalet
860 575 1130 633 adversus
1169 575 1490 635 felicitatem
1527 581 1842 646 calamitas,
1877 588 1933 636 et
1963 594 2058 637 sua

465 677 623 729 munt
654 669 1025 740 principatum
1066 685 1267 742 magna
1310 670 1611 727 infortunia
1652 670 2055 731 Romanorum.

538 759 890 816 Deuuntiatio
923 774 1054 816 vero
1083 761 1303 832 tyranni
1347 762 1403 819 in
1428 760 1892 833 temploloannis
1946 761 2055 817 Ba-

464 852 647 922 ptistae
677 851 874 906 effecta
904 860 1012 916 est,
1042 852 1139 908 ubi
1171 853 1392 910 duobus
1429 863 1680 910 moratus
1710 855 1908 911 diebus
1939 863 2056 911 tero

464 946 541 999 tia
572 943 662 1000 die
690 944 946 1000 introivit
990 944 1220 1016 regalia,
1255 962 1425 1017 super
1455 946 1796 1015 imperialem
1852 948 2054 1005 sedens

464 1051 770 1093 carrucam.
794 1036 969 1092 Porro
997 1038 1188 1108 quinta
1215 1039 1305 1095 die
1329 1039 1613 1095 Leontiam
1638 1055 1866 1115 uxorem
1891 1057 2048 1097 suam

464 1131 759 1188 coronavit
783 1131 1113 1201 Augustam.
1158 1131 1273 1189 ﬂac
1303 1132 1474 1204 igitur
1519 1133 1608 1189 die
1644 1135 2052 1189 tumultuantur

464 1232 659 1296 partes
687 1222 756 1279 ad
797 1224 1034 1281 invicem
1070 1236 1297 1297 promer
1336 1225 1608 1282 stationes
1641 1229 1914 1283 locorum.
1942 1226 2052 1300 Ty-

463 1331 675 1371 rannus
706 1331 839 1372 vero
866 1315 1243 1373 Alexandrum
1275 1318 1644 1374 eonrebellem
1688 1333 1851 1374 suum
1899 1318 2051 1375 misit

460 1415 650 1478 partes
679 1420 1055 1477 compescere.
1078 1406 1392 1463 Alexander
1420 1423 1553 1464 vero
1578 1408 1632 1465 in
1662 1408 1920 1465 Cosmam
1943 1407 2050 1465 Ve-

460 1508 717 1555 netorum
748 1497 1109 1555 demarchnm
1137 1517 1335 1556 manus
1365 1502 1672 1558 immittens
1692 1503 1900 1574 pepulit
1921 1517 2046 1558 eum

459 1599 516 1647 et
571 1593 926 1648 contumeliis
977 1593 1266 1649 laceravit.
1318 1592 1493 1650 Porro
1537 1593 1729 1651 Veneti
1782 1596 2048 1667 indignati

459 1685 821 1742 clamabant:
878 1684 1040 1751 Vade,
1092 1686 1235 1742 disce
1280 1688 1563 1753 ordinem;
1612 1687 1911 1745 Mauricius
1944 1707 2049 1745 non

2165 491 2364 560 ipsius,
2419 498 2585 560 atque
2634 498 2829 545 omnes
2861 503 3027 545 casus
3080 491 3179 559 qui
3223 494 3366 561 apud
3415 492 3739 566 Bysantimn

2162 582 2383 638 fuerant
2416 583 2577 654 gesti.
2609 581 2767 637 Mane
2798 589 2982 637 autem
3023 581 3169 638 facto
3206 596 3441 655 pergens
3474 589 3591 644 haec
3622 590 3740 644 An-

2159 674 2356 746 gnstali
2404 676 2613 741 retulit,
2667 676 2759 746 qui
2809 676 3070 746 praecepit
3123 677 3173 732 ei
3232 679 3368 734 nuili
3406 681 3521 737 haec
3554 684 3741 740 facere

2160 767 2476 833 manifesta,
2502 768 2864 838 scribensque
2896 767 3045 823 diem
3070 771 3491 839 praestolabatur
3506 775 3735 830 exitum.

2159 858 2258 913 Die
2291 875 2420 914 vero
2451 874 2597 914 nona
2629 866 3013 928 praetereunte,
3052 872 3182 916 ecce
3212 863 3443 920 nuntius
3474 865 3620 921 venit
3652 864 3739 920 in-

2153 952 2347 1009 dicans
2367 952 2615 1008 Mauricii
2637 952 3088 1023 peremptionem.
3108 954 3245 1010 Tum
3258 955 3738 1027 Augustalinsdas—

2154 1059 2377 1099 monum
2395 1044 2715 1100 vaticinium
2748 1061 2933 1101 coram
2966 1048 3166 1116 pepulo
3186 1048 3507 1117 publicavit.
3534 1049 3735 1106 Narseo

2152 1143 2335 1189 autem
2359 1136 2633 1206 quondam
2666 1145 2868 1209 prator
2896 1138 3173 1194 Romanus
3200 1148 3394 1196 contra
3440 1150 3734 1209 tyranuum

2151 1228 2506 1284 rebellionem
2537 1232 2768 1299 paravit,
2803 1230 3176 1303 Edessamque
3214 1233 3736 1303 obtinuiL‘Scriblt

2151 1321 2338 1393 itaque
2354 1320 2570 1378 Phoeas
2590 1323 2868 1379 Germano
2892 1326 3109 1396 prieteri
3136 1325 3399 1382 Edessam
3420 1330 3734 1385 obsidendi.

2150 1413 2357 1470 Narses
2394 1432 2525 1471 vero
2579 1418 2781 1473 scribit
2826 1419 3059 1473 Cliosroi
3112 1421 3226 1489 regi
3279 1419 3570 1476 Persarum
3598 1438 3737 1477 oon-

2150 1508 2414 1579 gregandi
2462 1508 2698 1566 virtutes
2753 1518 2810 1565 et
2870 1511 3071 1567 bellum
3130 1514 3489 1567 construendi
3540 1520 3733 1569 contra

2152 1597 2454 1657 Romanos.
2482 1600 2658 1657 Porro
2701 1601 2911 1657 Pliocas
2951 1603 3175 1658 fratrem
3211 1619 3374 1660 suum
3410 1594 3733 1659 Dementia-

2153 1689 2265 1745 lum
2312 1690 2441 1747 fecit
2470 1694 2798 1765 magistrum
2841 1704 2894 1749 et
2922 1694 3173 1751 Priscum
3210 1697 3471 1751 comitem
3499 1698 3732 1751 excubi-

456 1787 536 1832 (st
565 1786 831 1833 mortuus.
863 1778 936 1831 At
967 1792 1095 1832 vero
1121 1786 1396 1849 tyrannus
1432 1780 1523 1836 his
1562 1781 1768 1837 auditis
1804 1783 1861 1838 in
1897 1782 2047 1837 Mau-
2078 1774 2128 1839 Β
2153 1789 2356 1836 torum.

459 1870 583 1924 ririi
614 1885 806 1925 necem
837 1880 1116 1938 movetur,
1141 1878 1197 1927 et
1226 1872 1417 1929 missis
1443 1874 1715 1930 militibus
1735 1876 1892 1932 duxit
1917 1891 2045 1932 eum

457 1961 864 2018 Chalcedonem
898 1963 966 2019 ad
1006 1963 1261 2034 Eutropii
1304 1975 1549 2035 portum,
1582 1974 1637 2021 et
1684 1968 1865 2039 primo
1917 1969 2045 2040 qui-

457 2055 578 2108 dem
609 2055 754 2109 hunc
777 2054 927 2110 cade
962 2055 1216 2112 videlicet
1248 2056 1486 2111 filiorum
1522 2057 1911 2128 imperatorem
1940 2074 2047 2129 pu-

458 2146 560 2200 nit.
590 2144 723 2200 Nam
754 2147 999 2217 qttinqtte
1046 2148 1187 2202 filios
1229 2149 1352 2219 ejus
1385 2164 1567 2205 mares
1596 2165 1784 2206 coram
1814 2150 2034 2208 visibus

456 2238 574 2293 suis
607 2239 1071 2309 praeoceiduutur.
1103 2239 1305 2296 Verum
1330 2241 1631 2299 Mauricius
1660 2245 1927 2313 patienter
1963 2247 2045 2299 in-

456 2330 773 2386 felicitatem
807 2332 1099 2388 sustinens
1134 2331 1308 2388 Deum
1343 2333 1399 2388 in
1434 2335 1695 2391 omnibus
1727 2336 2040 2405 invocabat,

453 2431 507 2475 et
535 2422 730 2477 crebro
760 2423 1180 2492 pronuntiabat,
1203 2423 1398 2481 dicens
1424 2440 1437 2477 :
1464 2423 1500 2478 ,Ι
1506 2434 1656 2479 ustus
1687 2442 1764 2490 es,
1794 2425 2040 2491 Domine,

450 2521 503 2567 et
530 2523 727 2567 rectum
744 2515 1017 2583 judicium
1051 2527 1221 2571 tuam.
1268 2516 1357 2573 Fit
1386 2519 1574 2590 itaque
1608 2518 1849 2575 filiorum
1892 2535 2042 2576 mors

451 2606 626 2673 patris
655 2605 1022 2676 epitaphium,
1068 2608 1487 2679 pmostendens
1515 2611 1779 2667 virtutem
1815 2612 1868 2666 in
1896 2612 2041 2667 mole

451 2695 818 2753 calamitatis.
851 2697 1102 2768 Cumque
1128 2703 1317 2757 nutrix
1358 2718 1531 2758 unum
1581 2720 1644 2759 ex
1670 2704 2039 2777 imperatoriis

452 2788 643 2855 pueris
671 2787 850 2844 furata
872 2788 1091 2859 fuisset,
1116 2808 1393 2866 suumque
1417 2810 1517 2864 pro
1537 2811 1605 2851 eo
1626 2797 1650 2846 ἶ·
1670 2796 2036 2867 .terenqitioni

446 2879 768 2944 obtulisset,
814 2881 1112 2939 Mauricius
1163 2902 1271 2941 non
1322 2890 1539 2953 annuit,
1591 2890 1687 2945 sed
1746 2893 2034 2962 proprium

448 2972 757 3040 requisivit.
795 2973 966 3027 Aiunt
995 2985 1178 3030 autem
1211 2977 1436 3046 quidam
1463 2980 1611 3050 quod
1637 2996 1703 3037 eo
1731 2983 1923 3037 occiso
1953 2983 2037 3038 lac

446 3079 577 3116 cum
608 3067 879 3134 sanguine
926 3066 1168 3135 fluxerit,
1207 3069 1283 3125 ita
1332 3080 1389 3125 ut
1435 3087 1629 3129 omnes
1673 3074 2034 3144 inspicientes

447 3156 568 3210 dire
586 3155 1040 3214 Lamentarentur.
1066 3158 1156 3215 Sic
1178 3177 1311 3232 ergo
1347 3162 1667 3235 imperator,
1692 3166 1855 3221 etiam
1881 3175 2037 3220 natu-

448 3260 526 3302 ra
556 3246 771 3317 legibus
800 3249 1073 3304 excelsior
1097 3250 1300 3318 factus,
1332 3255 1502 3309 vitam
1528 3264 1855 3311 commutat.

520 3337 695 3395 Porro
717 3356 784 3397 ex
808 3341 902 3397 illo
937 3353 1183 3413 tempore
1210 3345 1589 3403 Romanorum
1615 3362 1723 3403 non
1740 3347 2035 3404 demerunt

450 3430 681 3501 imperio
725 3433 890 3488 varia:
939 3448 1005 3489 ac
1051 3437 1305 3507 ingentes
1347 3453 1627 3495 aerumna.
1686 3439 1934 3512 Denique
1981 3449 2036 3496 et

447 3519 726 3581 Cliosroes
755 3523 1052 3582 Persarum
1087 3542 1182 3583 rex
1213 3544 1404 3599 pacem
1427 3532 1705 3599 dissolvit,
1732 3541 1790 3589 et
1824 3534 2033 3592 Avares

449 3612 714 3673 Thracem
754 3617 1211 3685 devastaverunt,
1251 3629 1417 3692 atque
1460 3622 1836 3682 Romanorum
1869 3643 2033 3684 exer-

446 3707 592 3763 citus
644 3718 878 3773 uterque
923 3710 1294 3781 depopulatus
1331 3721 1438 3777 est,
1488 3714 1561 3769 ita
1600 3725 1659 3769 ut
1699 3731 1823 3771 cum
1857 3717 2029 3774 [lera-

448 3799 587 3854 elius
639 3811 899 3872 regnaret
948 3812 1003 3857 et
1049 3803 1468 3874 inquisitionem
1518 3814 1857 3862 armatorum
1904 3824 2031 3864 cum

449 3908 662 3948 summa
698 3895 980 3966 diligentia
1010 3895 1243 3961 faceret,
1272 3912 1338 3954 ex
1368 3898 1518 3954 omni
1553 3899 1910 3956 multitudine
1940 3902 2030 3958 illa

447 4000 570 4052 quae
592 3986 815 4042 inventa
848 3986 1033 4045 fuerat
1054 3989 1108 4045 in
1134 3991 1429 4064 tyrannide
1452 3991 1701 4048 Mauricii
1730 4009 1855 4049 cum
1887 3993 2031 4052 Pho-

446 4094 531 4141 ea,
568 4079 865 4145 nerninem,
920 4081 1139 4138 duobus
1179 4084 1448 4155 exceptis,
1499 4084 1775 4141 ullatenus
1817 4087 2031 4142 inveni-

448 4181 551 4226 ret.

517 4266 677 4319 Anno
704 4263 886 4334 primo
922 4263 1137 4335 imperii
1187 4266 1273 4321 sui
1306 4264 1521 4323 Pltoeas
1569 4276 1842 4340 tyrannus
1900 4286 2031 4343 per-

451 4360 608 4422 eunt,
634 4366 696 4410 ut
725 4357 1043 4427 praedictum
1061 4365 1165 4424 est,
1182 4359 1507 4414 Mauricium
1528 4374 1634 4415 una
1661 4372 1784 4416 cum
1809 4378 2032 4421 mascu~

2221 1876 2382 1931 Anno
2411 1875 2626 1944 imperii
2661 1874 2856 1930 Phoeae
2892 1876 3139 1932 secundo
3164 1875 3442 1933 Clrosroes
3472 1892 3563 1933 rex
3598 1876 3732 1932 Per-

2149 1980 2338 2021 sarum
2389 1967 2684 2021 colleetum
2738 1969 3025 2038 copiosum
3070 1976 3413 2038 potentatum
3462 1968 3732 2024 adversus

2151 2055 2427 2114 Romanos
2464 2057 2686 2115 direxit.
2721 2059 3032 2115 Germanus
3053 2043 3236 2114 autem
3268 2061 3500 2115 audiens
3518 2062 3724 2116 timuit.

2146 2145 2350 2202 Verum
2375 2158 2604 2204 coaetus
2636 2151 2883 2220 pralium
2917 2149 3074 2216 iniit;
3124 2151 3218 2220 qui
3266 2167 3392 2206 cum
3426 2152 3480 2207 in
3512 2167 3580 2208 eo
3608 2154 3732 2206 vul-

2146 2247 2375 2294 neratus
2421 2240 2637 2306 fuisset,
2679 2242 2828 2297 hunc
2858 2229 3096 2298 ministri
3127 2257 3303 2311 usque
3343 2244 3409 2297 ad
3448 2244 3729 2299 civitatem

2145 2329 2526 2385 Constantina:
2584 2331 2896 2399 duxerunt,
2947 2343 3395 2403 superanturqne
3448 2334 3725 2390 Romani:

2146 2421 2242 2477 sed
2265 2430 2321 2477 et
2351 2420 2664 2477 Germanus
2692 2424 2983 2479 undecima
3017 2425 3107 2479 die
3141 2425 3393 2494 spiritum
3428 2427 3726 2482 exhalavit.

2144 2513 2359 2571 Phocus
2408 2525 2592 2571 autem
2662 2526 2981 2586 potentatus
3037 2520 3105 2573 ab
3151 2519 3371 2589 Europa
3423 2519 3479 2574 in
3539 2519 3726 2576 Asiam

2143 2607 2454 2673 transtulit,
2481 2610 2734 2679 cliagano
2771 2610 2949 2679 pactis
2983 2611 3207 2676 additis,
3238 2611 3545 2668 arbitratus
3567 2613 3728 2682 quie-

2141 2714 2297 2757 scere
2327 2702 2568 2754 Avarum
2615 2702 2915 2758 nationem.
2947 2700 3045 2757 His
3070 2716 3204 2772 ergo
3235 2702 3433 2757 divisis
3455 2703 3726 2772 quosdam

2141 2800 2335 2847 eo::tra
2371 2790 2571 2846 Persas
2608 2792 2779 2854 misit,
2810 2792 3077 2861 quosdam
3112 2807 3240 2845 vero
3270 2789 3339 2844 ad
3373 2790 3725 2847 obsidionem

2142 2882 2363 2939 Edessa:
2412 2891 2604 2938 contra
2656 2881 2884 2937 Narsem
2917 2897 3044 2937 cum
3092 2879 3325 2936 Leontio
3370 2882 3616 2951 spadone
3669 2892 3727 2937 et

2142 2983 2395 3045 ruagnate
2417 2991 2519 3029 suo
2555 2976 2776 3029 direxit.
2810 2975 3088 3030 Chosroes
3128 2984 3310 3029 autem
3342 2975 3588 3031 collectis
3632 2991 3725 3046 po-

2143 3067 2446 3120 tentstibus
2470 3066 2612 3134 apud
2641 3067 2808 3119 Daras
2828 3063 3079 3119 efﬁcitur.
3103 3063 3273 3118 Porro
3304 3063 3507 3120 Narscs
3534 3080 3725 3134 egres-

2142 3172 2239 3211 sus
2269 3157 2533 3213 Edessam
2588 3154 2921 3226 Hierapolim
2979 3154 3139 3225 fugit.
3188 3157 3400 3212 Interea
3441 3156 3720 3213 Chosroes

2137 3261 2262 3301 eum
2307 3243 2572 3302 Romanis
2593 3247 2653 3301 ﬁt
2682 3263 2852 3317 penes
2886 3246 3197 3315 ardamum,
3234 3256 3291 3301 et
3314 3247 3623 3303 munitione
3653 3248 3722 3304 ds

2136 3340 2524 3411 elephantibus
2563 3348 2891 3396 constructa
2928 3339 3133 3394 bellum
3193 3340 3354 3404 iniit,
3389 3350 3445 3396 et
3493 3342 3723 3397 victoria

2137 3447 2329 3502 magna
2348 3434 2559 3504 potitus
2581 3441 2686 3498 est,
2711 3433 2890 3504 captis
2916 3433 3187 3489 Romanis
3205 3448 3315 3488 non
3346 3435 3562 3505 paucis,
3579 3449 3720 3505 quos

2135 3533 2192 3579 et
2218 3525 2416 3595 capitis
2444 3524 2721 3580 recisione
2749 3526 2981 3595 punivit.
3016 3521 3114 3581 His
3143 3526 3218 3580 ita
3236 3527 3409 3598 gestis
3438 3526 3718 3584 Choar-oes

2137 3615 2207 3670 ad
2238 3623 2441 3671 terram
2462 3630 2621 3668 suam
2659 3631 2920 3672 reversus
2949 3627 3056 3683 est,
3101 3617 3310 3689 Zongoi
3342 3620 3718 3689 potentatibus

2137 3705 2443 3761 derelictis.
2490 3705 2606 3759 Hoc
2628 3716 2912 3775 comperto
2939 3705 3154 3763 Phocas
3205 3716 3397 3763 contra
3426 3707 3716 3764 Leontium

2136 3797 2291 3861 furit,
2325 3807 2381 3853 et
2404 3796 2859 3883 manicisferruis
2884 3813 3009 3852 cum
3047 3798 3347 3868 ignominia
3389 3799 3714 3863 Byzantium

2134 3889 2312 3955 ducit,
2354 3897 2414 3945 et
2457 3897 2608 3944 creat
2651 3897 2941 3960 praetorem
2997 3890 3402 3945 Dumentiolum
3460 3901 3713 3962 nepotem

2136 3996 2323 4049 suum,
2359 3991 2415 4039 et
2441 3993 2756 4038 curatorem
2790 3980 2982 4052 palatii
3019 3980 3175 4037 facit.

2205 4077 2366 4130 Anno
2411 4074 2624 4145 imperii
2655 4074 2856 4130 Phocis
2900 4073 3065 4128 tertio
3096 4072 3251 4129 misit
3278 4072 3555 4131 Clresroes
3582 4074 3719 4131 Car-

2135 4168 2380 4239 darigam
2409 4174 2464 4223 et
2494 4166 2848 4231 liusmaizan,
2898 4167 2993 4237 qui
3041 4164 3356 4236 depopulati
3398 4178 3529 4223 sunt
3576 4183 3719 4224 non-

2135 4260 2319 4316 nullas
2374 4259 2749 4319 Romanorum
2806 4259 3087 4316 civitates.
3150 4256 3530 4314 Domentiolus
3581 4252 3750 4316 vere'

2134 4353 2307 4408 verbo
2347 4351 2478 4407 dato
2502 4351 2687 4419 Narsi,
2718 4351 3161 4424 juramentisque
3191 4366 3300 4406 non
3346 4351 3561 4422 paucis,
3588 4366 3715 4409 ere‘

448 4449 516 4503 lis
535 4449 782 4520 quinque
812 4451 1000 4519 pueris
1031 4450 1172 4520 ejus,
1193 4459 1249 4506 et
1278 4451 1476 4507 horum
1501 4453 1681 4524 capita
1710 4454 1873 4526 jussit
1895 4457 2021 4528 poni

2146 4443 2266 4500 dere
2292 4444 2572 4515 persuasit
2597 4441 2747 4516 quod
2774 4444 2978 4500 nullam
3004 4443 3265 4514 injuriam
3294 4442 3438 4512 apud
3469 4442 3711 4499 Phoeam

445 4542 501 4598 in
533 4556 728 4612 campo
757 4541 1077 4598 Tribunalis
1102 4543 1297 4600 diebus
1345 4545 1567 4613 multis;
1614 4556 1668 4603 et
1700 4548 1924 4604 exibant
1957 4549 2027 4605 ah

444 4632 583 4690 urbe
632 4641 687 4689 et
738 4632 1258 4703 contemplahantur
1300 4649 1364 4689 ea
1396 4648 1568 4705 usque
1616 4650 1726 4707 quo
1773 4635 2024 4693 faetorem

446 4726 740 4784 dederunt.
771 4727 1112 4782 Interticitur
1159 4735 1343 4782 autem
1389 4736 1445 4783 et
1475 4727 1672 4785 Petrus
1708 4727 1877 4784 frater
1903 4728 2027 4799 ejus

444 4827 501 4876 et
530 4821 621 4877 alii
656 4835 916 4891 proceres
969 4819 1144 4875 multi.
1198 4819 1567 4877 Theodosium
1618 4832 1800 4876 autem
1853 4821 2027 4877 ﬁlium

443 4913 566 4983 ejus
602 4928 787 4969 sermo
814 4919 965 4967 tenet
994 4910 1122 4983 fuga
1160 4912 1373 4981 lapsum
1403 4923 1455 4967 et
1478 4916 1555 4967 ita
1590 4913 1803 4968 salvum
1835 4928 2015 4985 reper-

444 5016 584 5061 tum.
612 5004 885 5061 Praeterea
906 5003 1106 5057 famam
1126 5004 1271 5060 hanc
1301 5003 1578 5060 Chosroes
1612 5004 1905 5060 Persarum
1930 5019 2026 5060 rex

446 5095 837 5169 augmentavit,
904 5093 1051 5149 aliud
1113 5093 1387 5165 aliterque
1437 5096 1724 5159 mentitus,
1761 5107 1815 5152 et
1878 5098 2026 5152 hunc

445 5189 589 5259 apud
634 5203 697 5244 se
726 5187 929 5242 habere
960 5185 1175 5251 dicens,
1220 5187 1381 5257 quasi
1412 5188 1705 5258 providere
1735 5202 1794 5243 se
1825 5196 1888 5243 ut
1914 5190 2026 5244 lio-

445 5295 734 5337 manorum
761 5279 1011 5334 obtinere
1041 5292 1276 5351 sperans
1307 5280 1622 5351 imperium,
1652 5288 1712 5336 ut
1736 5282 2027 5339 convictus

444 5382 533 5429 est
564 5371 751 5427 multis
780 5368 983 5434 modis,
1016 5368 1254 5426 maxime
1281 5385 1348 5425 eo
1376 5372 1524 5442 quod
1561 5372 1703 5428 bella
1737 5372 2025 5443 repentina

448 5471 692 5520 moveret
734 5471 792 5518 et
840 5459 1120 5516 Romanas
1171 5475 1263 5516 res
1296 5477 1635 5535 magnopere
1679 5464 2047 5521 devastaret..

446 5556 656 5611 Interea
692 5551 1065 5624 calligraphus
1094 5550 1318 5622 quidam
1352 5553 1719 5622 Alexandria,
1747 5556 2029 5613 venerabi-

447 5648 518 5702 lis
544 5647 651 5711 vir,
686 5660 753 5701 ex
787 5644 1059 5699 matutina
1102 5642 1287 5715 vigilia
1334 5644 1557 5703 domum
1602 5650 1806 5707 vadens
1845 5649 2027 5706 media

444 5750 605 5798 nocte
667 5737 815 5794 videt
868 5744 1083 5794 statuas
1135 5752 1203 5793 ex
1259 5739 1369 5795 aris
1412 5740 1745 5813 abstractas,
1799 5750 1853 5799 et
1893 5757 2065 5827 voce,

2131 4547 2279 4595 esset
2308 4552 2592 4610 passurus,
2620 4545 2676 4594 et
2704 4538 2906 4593 direxit
2938 4553 3065 4594 eum
3098 4537 3165 4592 ad
3194 4535 3459 4593 Phocam.
3491 4538 3562 4591 At
3585 4551 3714 4593 vero

2132 4630 2345 4687 Phoeas
2377 4631 2605 4688 verbum
2630 4631 2737 4687 hoc
2766 4630 2995 4686 minime
3024 4644 3255 4687 servans
3293 4630 3419 4699 igne
3450 4630 3714 4685 cremavit

2131 4740 2279 4782 eum.
2336 4725 2572 4781 Romani
2612 4739 2748 4795 ergo
2785 4724 2915 4779 hinc
2956 4723 3252 4795 plurimum
3300 4724 3490 4780 tristes
3528 4722 3711 4780 enecti

2131 4827 2373 4886 sunt,eo
2413 4816 2560 4890 quod
2610 4819 2863 4873 timorem
2914 4830 3176 4889 magnum
3225 4815 3282 4871 in
3333 4817 3541 4873 Persas
3565 4815 3709 4872 idem

2132 4908 2334 4964 Nones
2370 4909 2616 4972 haberet,
2649 4907 2788 4963 adeo
2836 4915 2896 4962 ut
2924 4906 3021 4962 filii
3048 4905 3343 4963 Persarum
3371 4905 3561 4963 audito
3586 4907 3711 4975 ejus

2133 5004 2356 5060 nomine
2389 5008 2708 5059 tremerent.
2738 5000 2910 5057 Porro
2934 4999 3115 5058 Persae
3145 5000 3320 5072 gavisi
3342 5008 3474 5056 sunt
3506 5000 3711 5072 gaudio

2133 5109 2354 5165 magno.

2201 5186 2359 5243 Anno
2381 5186 2612 5258 {imperii
2645 5185 2846 5244 Phoca
2885 5195 3085 5258 quarto
3136 5185 3502 5241 scholasticus
3529 5198 3707 5238 eunu-

2130 5280 2292 5343 chus,
2318 5280 2403 5334 vir
2438 5278 2715 5349 gloriosus
2744 5280 2958 5351 palatii,
2993 5279 3169 5336 media
3200 5287 3360 5334 nocte
3387 5275 3705 5332 Constanti-

2131 5386 2258 5429 nam
2291 5370 2571 5430 dominam
2602 5387 2726 5428 cum
2765 5371 2946 5430 tribus
2974 5371 3192 5428 ﬁliabus
3235 5368 3357 5440 ejus
3404 5368 3706 5440 accipiens,

2131 5465 2199 5521 ad
2230 5463 2480 5537 Magnam
2530 5465 2782 5535 confugit
2847 5464 3136 5521 ecclesiam
3192 5462 3426 5519 consilio
3453 5461 3709 5519 Germani

2130 5555 2348 5628 patricii
2382 5556 2753 5613 desiderantis
2793 5556 3105 5626 imperium.
3157 5554 3245 5610 Fit
3287 5555 3458 5627 igitur
3489 5555 3545 5609 in
3573 5554 3709 5609 urbe

2133 5648 2339 5717 seditio
2372 5662 2589 5720 magna.
2625 5647 2935 5705 Germanus
2957 5654 3138 5704 autem
3166 5647 3483 5724 demarcho
3517 5646 3706 5700 Prasi-

2132 5757 2331 5798 norum
2381 5742 2644 5801 talentum
2688 5742 2809 5797 auri
2856 5740 3027 5809 misit,
3072 5749 3133 5798 ut
3171 5750 3563 5813 conpararetur
3605 5739 3705 5797 eis.
