3950 6234
301 278 436 344 ηπ

1414 269 1813 332 ANASTASII
1870 264 2494 328 BIBLIOTIIECARII

3427 259 3576 326 i296

298 394 577 449 Primores
611 394 792 444 autem
831 383 977 455 vulgi
1027 383 1083 438 id
1133 381 1425 436 admittere
1459 380 1776 435 noluerunt.
1809 379 1877 431 At
1903 379 1956 438 Λ
1981 377 2152 430 darit.
2183 376 2514 430 Germanum
2547 381 2728 427 autem
2761 380 2814 426 et
2852 371 2972 441 ejus
3005 371 3170 425 tiliam
3209 388 3303 425 ore
3329 375 3576 428 ωδιοιιπ-

294 502 427 542 vero
456 493 722 554 tyrannus
759 480 812 533 in
845 476 1134 533 ecclesiam
1182 474 1250 528 ad
1283 470 1713 529 abstrahendum
1749 485 1866 523 mu-

295 579 457 633 lieres
507 570 826 628 destinavit.
880 565 1026 622 Sane
1074 564 1387 636 patriarcha
1449 573 1580 619 tune
1611 563 1874 633 Cyriacus

293 679 528 742 tyranno
559 664 782 729 restitit,
813 661 1044 715 minime
1068 674 1266 728 passus
1290 674 1321 713 e
1352 658 1554 728 templo
1590 656 1876 727 tyrannice

294 762 488 818 abduci
516 759 797 814 mulieres.
831 753 1030 810 Verum
1078 750 1412 822 juramentis
1457 759 1606 805 certo
1639 765 1704 804 eo
1755 747 1875 802 red-

293 859 408 911 dito
438 868 466 908 a
500 853 682 906 Phoca
719 849 866 919 quod
923 863 1034 902 non
1082 845 1305 900 laederet
1334 859 1450 908 επις,
1493 843 1803 899 educuntur
1847 855 1876 894 e

294 947 500 1015 templo
539 951 735 999 sancto
762 948 819 996 et
844 938 1177 994 clauduntur
1225 937 1278 990 in
1328 935 1684 989 monasterio.
1730 932 1878 986 Prm-

296 1049 446 1093 terea
475 1035 658 1091 Persa
711 1033 901 1087 eodem
953 1042 1102 1083 anno
1137 1035 1403 1096 ceperunt
1436 1024 1629 1088 Daras,
1662 1026 1715 1078 in
1767 1031 1879 1076 tota

295 1123 690 1198 Mesopotamia
739 1129 798 1178 et
845 1119 1006 1192 Syria
1045 1116 1417 1186 captivatione
1474 1116 1663 1177 multa,
1717 1113 1880 1181 cujus

297 1237 405 1276 non
445 1229 532 1274 est
569 1231 856 1280 numerus,
880 1213 1047 1268 facta.
1085 1211 1254 1265 Porro
1300 1208 1615 1279 patriarcha
1647 1207 1882 1261 obeuute

295 1309 530 1381 Cyriaco
562 1305 806 1359 Thomas
853 1315 954 1372 pro
984 1314 1050 1355 eo
1093 1307 1473 1360 consecratur,
1517 1294 1784 1348 diaconus
1827 1301 1882 1346 et

300 1399 624 1458 sacellarius
651 1394 893 1466 ejusdem
929 1391 1200 1448 ecclesiae.

369 1490 552 1548 Mundi
584 1503 729 1542 anno
756 1484 916 1549 6099,
946 1483 1146 1537 divina:
1168 1479 1563 1534 incarnationis
1589 1491 1732 1532 anno
1755 1476 1880 1541 599,

299 1601 445 1640 anno
475 1597 604 1638 vero
627 1579 841 1650 imperii
873 1575 1069 1631 Phocae
1098 1575 1292 1644 quinto
1321 1572 1532 1628 Isaeius
1566 1571 1882 1640 Hierosoly-

298 1677 567 1734 mitauus,
616 1667 941 1724 Theodorus
996 1662 1404 1718 Alexandrinus
1449 1667 1504 1714 et
1553 1657 1883 1712 Anastasius

299 1766 673 1822 Antiochenns
714 1762 989 1816 habentur
1037 1755 1331 1811 antistites.
1365 1752 1577 1807 Phocas
1628 1765 1755 1805 vero
1799 1758 1883 1820 ty-
1919 1736 1957 1791 Β

301 1855 713 1914 nonus-tiliam
747 1866 903 1906 suam
939 1848 1283 1901 Dementiam
1321 1844 1512 1899 Prisco
1560 1841 1790 1913 patricio
1830 1848 1884 1895 et

301 1946 489 2004 comiti
525 1943 909 2000 excubitorum
939 1939 1144 2009 jnnxit,
1182 1945 1235 1992 et
1267 1936 1424 1990 factis
1449 1934 1503 1988 in
1542 1933 1744 2004 palatio
1771 1930 1884 1986 ila-

301 2043 436 2098 rina:
466 2038 675 2109 nuptiis
715 2035 882 2104 jussit
927 2031 1042 2086 ﬁeri
1075 2031 1258 2084 ludum
1294 2035 1628 2100 equestrem.
1661 2025 1885 2080 Demar-

302 2136 390 2190 rhi
420 2144 602 2188 autem
643 2130 930 2198 utriusque
963 2124 1134 2195 partis
1181 2123 1324 2194 apud
1374 2129 1615 2192 quatuor
1675 2119 1886 2174 colum-

303 2242 404 2282 nas
450 2240 573 2280 eum
627 2219 1006 2291 imperialibus
1045 2216 1218 2286 signis
1265 2220 1579 2269 statuerunt
1613 2210 1788 2265 Prisci
1833 2217 1888 2265 et

305 2319 606 2374 Dmuentim
641 2316 831 2385 signa.
867 2313 1083 2378 Quibus
1129 2308 1334 2363 auditis
1385 2307 1683 2376 imperator
1715 2304 1886 2360 iratus

304 2421 410 2474 est,
449 2420 497 2466 et
533 2410 758 2464 mittens
805 2403 1033 2460 adduxit
1087 2400 1442 2462 demarchus,
1500 2397 1886 2466 Theophanem

305 2505 516 2560 scilicet
541 2517 604 2556 ac
632 2498 996 2569 Pamphilum,
1031 2502 1084 2548 et
1109 2499 1360 2548 statuens
1393 2489 1568 2545 nudos
1595 2489 1761 2556 jussit
1793 2501 1888 2542 eos

305 2594 586 2650 decollari.
645 2591 780 2645 Cum
826 2588 973 2644 enim
1019 2585 1267 2639 misisset
1305 2592 1774 2652 protocursorem,
1831 2586 1892 2632 ut

308 2690 670 2756 interrogaret
700 2697 797 2738 eos
823 2695 932 2750 quo
955 2675 1305 2748 praecipiente
1336 2672 1568 2728 iecerint
1587 2671 1712 2735 hoc,
1737 2669 1890 2725 dixe-

307 2787 438 2834 runt
474 2777 604 2848 quia
641 2770 942 2830 secundum
975 2763 1435 2823 consuetudinem
1459 2764 1754 2819 lineatores
1789 2762 1890 2816 hoc

309 2873 576 2926 fecerunt.
611 2866 786 2919 Porro
813 2864 1115 2918 lineatores
1159 2858 1278 2913 sive
1317 2870 1622 2919 mensores,
1654 2855 1891 2909 interro.

308 2962 418 3034 gati
471 2957 825 3030 quamobrem
858 2954 963 3008 hoc
1013 2951 1282 3014 iecerunt,
1320 2949 1573 3004 dixerunt
1592 2946 1742 3017 quia,
1767 2959 1892 2999 cum

310 3051 662 3124 imperatoris
687 3048 780 3103 lilii
806 3047 875 3102 ab
902 3045 1159 3100 omnibus
1189 3041 1458 3097 nominati
1489 3049 1640 3104 sunt,
1671 3052 1700 3092 a
1728 3037 1888 3092 nobis

1976 485 2050 524 ra:
2076 468 2190 538 (45)
2233 467 2472 531 occidit;
2512 465 2768 520 similiter
2797 473 2852 520 et
2891 462 3158 518 Joannem
3198 475 3253 518 et
3287 464 3460 518 Gizau
3513 473 3575 520 et

1977 562 2292 631 patricium,
2354 567 2410 614 et
2469 557 2862 620 Theodosium,
2918 557 3012 627 qui
3076 558 3396 626 subadjuvm
3446 559 3567 628 (46)

1977 655 2242 726 dignitate
2289 652 2591 708 habebatur
2640 652 2895 721 insignis,
2939 660 2994 708 ct
3028 651 3195 706 David
3232 654 3578 722 chartnphy-

1979 751 2167 804 lacent.
2184 747 2507 822 iiormisdae.
2533 744 2736 800 Eodem
2763 760 2908 798 anno
2928 745 3129 810 Persae,
3158 754 3574 800 transmeantes

1980 842 2333 911 Euphratem,
2365 851 2537 894 tctam
2573 838 2788 909 Syriam
2835 845 2891 891 et
2930 835 3278 892 Palzestinam
3313 847 3370 892 et
3410 840 3578 894 Ριιωο

1981 935 2140 990 nicen
2199 933 2498 1004 deprtedati
2536 941 2688 996 sunt,
2732 930 2905 984 multo
2951 931 3006 985 in
3056 929 3318 986 Romanis
3351 932 3580 987 excidio

1982 1036 2317 1098 perpetrato.

2053 1116 2238 1170 Mundi
2267 1131 2412 1170 anno
2441 1114 2604 1178 6100.
2629 1115 2828 1170 divinae
2853 1115 3252 1170 incarnationis
3271 1131 3414 1172 anno
3440 1116 3575 1178 600.

1982 1222 2126 1260 anno
2153 1222 2284 1260 vero
2316 1206 2530 1276 imperii
2583 1206 2778 1259 Phocea
2825 1205 2880 1268 6,
2926 1203 3149 1260 Priscus
3206 1207 3403 1259 intueri
3463 1224 3578 1264 non

1983 1298 2260 1354 sustinens
2287 1306 2395 1352 tam
2429 1298 2632 1366 injusta
2666 1297 2964 1353 homicidia
2992 1313 3156 1367 quam
3184 1299 3324 1352 mala
3347 1311 3577 1364 caetera,

1983 1404 2105 1458 quae
2131 1403 2160 1442 a
2194 1387 2368 1443 Phoca
2400 1389 2879 1458 perpetrabantur,
2911 1389 3135 1460 scripsit
3161 1389 3228 1443 ad
3256 1388 3580 1446 ileraclium

1984 1479 2280 1548 patricium
2338 1486 2394 1532 et
2460 1488 2750 1548 prastorem
2811 1480 3035 1546 Africae,
3086 1496 3196 1550 quo
3250 1478 3578 1536 Heracliam

1987 1573 2160 1625 lilium
2214 1588 2376 1637 suum
2411 1582 2465 1626 et
2499 1571 2745 1627 Nicetam
2794 1572 2965 1626 ﬁlium
3019 1574 3276 1644 Gregora:
3330 1576 3578 1644 patricii,

1987 1665 2384 1734 subpraatorem
2413 1680 2594 1729 suum,
2633 1666 2895 1730 mitteret,
2915 1674 3198 1734 quatenus
3214 1679 3405 1721 contra
3431 1667 3580 1723 Pho-

1989 1773 2107 1811 cam
2135 1757 2388 1812 venirent
2414 1765 2734 1828 tyrannum.
2758 1757 3027 1812 Audiebat
3053 1759 3199 1812 enim
3221 1760 3275 1812 in
3303 1759 3494 1816 Africa
3525 1762 3582 1816 in

1987 1865 2113 1906 eum
2168 1850 2420 1904 meditari
2475 1850 2852 1916 rebellionem,
2888 1853 3032 1904 unde
3063 1867 3164 1905 nec
3207 1854 3421 1922 navigia
3477 1854 3588 1908 hoc

1987 1957 2134 1996 anno
2161 1942 2700 2012 Constantinopolim
2734 1943 3200 1996 conscenderunt.
3236 1940 3451 1996 Occidit
3476 1960 3587 1997 au-

1989 2044 2096 2090 tem
2131 2033 2348 2090 Phocas
2381 2049 2599 2090 omnem
2642 2035 3026 2104 cognationem
3077 2033 3324 2087 Mauricii
3355 2043 3410 2089 et
3465 2034 3586 2088 Co-

1990 2128 2310 2182 mentiolum
2335 2136 2626 2198 praatorem
2652 2125 2883 2183 Thraca:
2911 2135 2964 2181 et
2984 2126 3124 2181 alios
3163 2127 3388 2181 mullos.
3415 2126 3586 2182 Facta

1989 2230 2071 2274 est
2105 2230 2285 2274 autem
2319 2218 2372 2272 in
2409 2232 2555 2272 anno
2587 2217 2693 2272 isto
2734 2218 2898 2272 etiam
2943 2219 3247 2272 mortalitas
3293 2229 3349 2273 et
3393 2219 3590 2290 impia

1991 2312 2172 2367 omnis
2200 2312 2427 2382 speciei.
2458 2310 2731 2366 Praeterea
2769 2309 2950 2364 Persae
2973 2326 3080 2364 una
3114 2327 3240 2365 cum
3276 2309 3590 2383 Caritas-iga

1990 2404 2198 2475 egressi
2257 2413 2521 2473 ceperunt
2566 2404 2885 2458 Armeniam
2921 2411 2975 2458 et
3011 2403 3440 2472 Cappadociam,
3484 2421 3596 2474 pu-

1994 2503 2343 2566 gnantesque
2373 2495 2746 2552 Romanorum
2799 2505 3084 2552 verterunt
3126 2497 3375 2561 militias,
3415 2512 3596 2568 cepe.

1993 2597 2229 2657 ruutque
2258 2589 2528 2642 Galatiam
2561 2598 2617 2644 et
2643 2587 3094 2659 Paphlagoniam,
3119 2599 3462 2645 etvenerunt
3492 2609 3597 2648 us-

1993 2696 2101 2752 que
2160 2681 2592 2747 Chalcedonem,
2656 2682 2778 2737 sine
2853 2683 3124 2749 parcitate
3177 2683 3600 2753 depopulantes

1993 2783 2229 2829 aetatem.
2279 2771 2345 2825 Et
2373 2773 2594 2842 quidem
2642 2771 2828 2828 Persa:
2877 2773 3015 2828 foris
3053 2783 3252 2843 portam
3302 2773 3599 2830 Romanis

1995 2863 2338 2934 tyrannidem
2365 2861 2699 2928 inferebant,
2730 2863 2940 2920 Pbocas
2965 2881 3096 2920 vero
3126 2866 3464 2920 intrinsecus
3494 2865 3596 2921 his

1997 2954 2180 3039 pejora
2215 2954 2489 3024 patrabat,
2525 2953 2784 3010 occidens
2821 2963 2988 3025 atque
3017 2957 3316 3026 captivans.

2066 3047 2225 3100 Anno
2257 3046 2470 3116 imperii
2505 3045 2698 3102 Phocae
2733 3049 2971 3116 septimo
3003 3047 3227 3117 Sergius
3258 3047 3594 3103 Constanti-

310 3107 447 3216 ipsis
475 3145 578 3202 hoc
611 3143 863 3198 fecimus.
909 3139 1054 3193 Sane
1091 3136 1314 3191 Priscus
1347 3134 1544 3189 timore
1578 3131 1884 3195 tenebatur,

1997 3139 2372 3208 nopolitanus.
2409 3137 2706 3192 Zacharias
2755 3137 3294 3211 Hierosolymitauus
3326 3148 3386 3195 et
3413 3137 3593 3196 Joan-

311 3255 378 3294 ne
410 3238 552 3293 forte
583 3237 636 3292 in
672 3232 1021 3306 imperatoris
1055 3231 1198 3284 iram
1238 3227 1528 3282 incideret.
1561 3223 1765 3279 Turbis
1795 3238 1892 3277 au-

311 3341 416 3383 tem
461 3325 828 3382 clamantibus
879 3319 1318 3376 misericordiam
1363 3317 1591 3373 concedi
1639 3316 1765 3378 sibi,
1799 3331 1891 3370 ve-

312 3422 456 3475 niam
490 3417 640 3473 dedit
669 3415 904 3472 Phocas.
943 3414 1018 3467 Ex
1055 3421 1186 3467 tune
1215 3426 1346 3481 ergo
1380 3409 1603 3465 Priscus
1643 3409 1892 3479 indigna-

312 3513 516 3565 tionem
547 3523 742 3580 passus
775 3521 883 3560 non
919 3511 1036 3560 erat
1075 3511 1226 3558 recte
1257 3517 1384 3558 cmn
1428 3501 1634 3557 Pboca.
1676 3503 1890 3558 interea

313 3601 562 3668 quautam
622 3599 820 3656 mulier
872 3596 1126 3651 Petroni.)
1174 3595 1396 3649 nomine
1453 3593 1510 3646 tit
1557 3594 1891 3664 imperatrici

309 3691 688 3750 Constantina:
745 3689 1023 3752 ministra,
1078 3702 1202 3756 quze
1244 3686 1311 3740 ad
1367 3685 1698 3741 Germanum
1734 3686 1801 3741 ab
1827 3701 1890 3740 ea

311 3798 577 3856 responsa
636 3781 898 3839 faciebat.
956 3779 1128 3835 Porro
1185 3794 1308 3834 cum
1366 3778 1512 3872 {gnta
1564 3778 1894 3832 dilataretur

310 3878 458 3950 quod
486 3875 833 3931 Theodosius
865 3871 1116 3926 iiaitricii
1162 3871 1305 3926 titius
1335 3869 1562 3935 viveret,
1601 3885 1750 3940 spem
1791 3869 1889 3925 bo-

309 3987 435 4024 nam
470 3983 636 4038 super
681 3966 787 4021 hoc
830 3975 938 4019 tam
983 3963 1344 4019 Constantina
1385 3978 1548 4032 quam
1583 3961 1890 4018 Germanus

311 4061 566 4117 habebat.
621 4058 692 4113 At
726 4071 860 4111 vero
891 4056 1124 4112 scelesta
1173 4055 1433 4110 Pelronia
1490 4054 1607 4110 hinc
1657 4061 1890 4124 tyranno

309 4153 598 4209 manifesta
649 4150 800 4206 fecit.
833 4151 900 4204 At
935 4159 1206 4220 tyrannus
1243 4147 1662 4202 Constantinam
1710 4143 1891 4200 Theo-

309 4257 531 4317 pempto
563 4243 804 4300 exarcho
829 4239 894 4296 ad
927 4238 1295 4310 torquendum
1319 4237 1578 4307 prodidit,
1609 4253 1730 4308 quae
1758 4235 1888 4291 dum

308 4345 681 4409 torqueretur,
717 4333 1026 4389 Romanum
1066 4332 1357 4402 patricium
1389 4345 1556 4387 nosse
1590 4331 1891 4386 interlocu-

309 4434 491 4489 tiones
534 4445 662 4488 suas
691 4425 943 4485 confessa
971 4433 1077 4482 est.
1111 4424 1215 4492 Qui
1252 4425 1685 4494 comprehensus
1725 4433 1889 4496 atque
1922 4467 1966 4524 υ

307 4527 594 4582 discussus
623 4523 787 4578 etiam
823 4520 963 4575 alios
998 4517 1118 4577 fore
1158 4517 1214 4573 in
1263 4516 1496 4573 insidias
1527 4518 1748 4588 tyranni
1783 4517 1888 4572 sibi

306 4623 692 4685 cooperatores
726 4611 1026 4684 perhibuit.
1057 4607 1504 4680 Comprehensos
1558 4617 1643 4665 est
1701 4617 1887 4666 autem

306 4722 362 4766 et
405 4707 732 4766 Theodorus
775 4704 1019 4762 Orientis
1057 4702 1370 4773 praefectus,
1412 4716 1577 4772 quem
1622 4711 1890 4773 tyrannus

307 4802 608 4858 verberans
660 4797 964 4862 interemit,
996 4793 1346 4866 Helpidiique
1377 4810 1573 4850 manus
1611 4809 1678 4848 ac
1727 4787 1898 4864 pedes

305 4894 561 4951 recidens
597 4895 740 4948 hunc
773 4890 999 4947 tradidit
1024 4890 1157 4960 igni,
1195 4889 1614 4959 Romanumque
1645 4889 1890 4944 decolla-

306 4989 405 5040 vit.
454 4983 628 5039 Porro
681 4981 1099 5037 Constantinam
1134 4994 1258 5035 cum
1315 4981 1494 5037 tribus
1547 4979 1787 5042 ﬁliabus.
1825 4980 1881 5034 in

304 5085 430 5139 tneo
462 5077 550 5134 ubi
576 5085 631 5133 et
654 5073 952 5129 Mauricius
985 5072 1344 5144 interemptus
1368 5083 1470 5140 est,
1503 5074 1685 5146 gladio
1708 5073 1883 5128 truci-

1997 3247 2095 3287 nes
2143 3232 2550 3288 Alexandrinus
2603 3232 2876 3288 habentur
2905 3234 3206 3289 antistites.
3255 3235 3586 3292 Antiocheni

1994 3339 2124 3380 vero
2155 3325 2367 3380 Hebraei
2400 3325 2681 3380 simultate
2710 3327 3080 3399 inquiete(«i7)
3108 3332 3405 3386 commissa
3439 3345 3585 3385 con-

1995 3427 2080 3472 tra
2111 3419 2459 3475 Christianos
2488 3421 2752 3476 occidunt
2781 3421 3140 3478 Anastasium
3181 3441 3437 3495 magnum
3481 3441 3586 3496 pa-

1993 3512 2292 3566 triarcham
2329 3512 2657 3578 Antiochire,
2693 3515 2973 3570 mittentes
3017 3526 3271 3571 naturam
3316 3518 3428 3590 (υἱ)
3461 3518 3590 3586 ejus

1997 3604 2051 3658 in
2082 3619 2145 3660 os
2184 3605 2328 3674 ejus,
2361 3612 2416 3660 et
2445 3614 2567 3676 post
2619 3606 2725 3662 hoc
2762 3610 3048 3663 trahentes
3080 3624 3205 3664 eum
3239 3611 3292 3666 in
3341 3613 3590 3682 plateam

1998 3695 2172 3752 urbis.
2196 3696 2600 3752 interfecerunt
2631 3709 2812 3754 autem
2839 3710 2898 3755 et
2928 3702 3132 3755 civium
3161 3703 3390 3766 multos,
3427 3711 3480 3759 et
3503 3706 3600 3759 in-

1996 3787 2300 3842 cenderunt
2333 3803 2449 3844 eos.
2497 3789 2709 3846 Phoeas
2743 3807 2874 3846 vero
2915 3792 3046 3847 fecit
3091 3796 3351 3849 comitem
3383 3796 3600 3852 Orien-

1995 3882 2067 3937 tis
2094 3880 2643 3955 Bonosum,etCotyn
2665 3885 2987 3955 magistrum
3012 3887 3269 3953 militum,
3307 3899 3360 3943 et
3391 3898 3590 3946 trans-

1995 3975 2148 4033 misit
2205 3991 2301 4030 eos
2345 3974 2612 4031 adversus
2647 3977 2789 4040 illos,
2825 3984 2881 4032 et
2912 3992 3024 4032 non
3066 3979 3360 4033 valuerunt
3391 3981 3596 4035 sedare

1995 4063 2435 4132 inquietudinem
2471 4079 2684 4120 eorum.
2711 4066 3115 4123 Coaeervantes
3145 4085 3270 4124 vero
3303 4073 3594 4126 exercitus

1997 4152 2284 4208 irruerunt
2311 4154 2364 4208 in
2398 4154 2520 4208 illos
2553 4163 2608 4209 et
2650 4156 2921 4224 plurimos
2955 4157 3298 4225 occiderunt,
3334 4171 3387 4214 et
3409 4177 3591 4230 quos-

1996 4244 2122 4300 dam
2163 4260 2350 4300 eorum
2387 4245 2733 4302 detruncatis
2767 4249 3002 4304 artubus
3045 4251 3116 4306 ab
3148 4251 3279 4307 urbe
3317 4254 3589 4310 reddide-

1996 4343 2126 4390 runt
2147 4345 2414 4391 extorres.
2434 4333 2646 4392 Phocas
2671 4347 2850 4393 autem
2877 4337 3004 4393 fecit
3025 4338 3340 4396 Circensem
3367 4344 3590 4412 ludum,

1996 4438 2048 4484 et
2074 4426 2290 4484 Prasini
2323 4429 2592 4486 conviciis
2640 4446 2762 4485 eum
2819 4431 3094 4488 lacessere
3155 4451 3586 4506 praesumpsere,

1993 4521 2298 4576 clamantes
2327 4538 2339 4574 :
2383 4520 2582 4576 lterum
2608 4522 2663 4575 in
2685 4523 2878 4593 gabata
2909 4524 3111 4589 bibisti,
3144 4527 3335 4580 iterum
3367 4545 3590 4584 sensum

1989 4612 2293 4684 perdidisti.
2329 4611 2397 4668 Et
2430 4613 2588 4684 jussu
2615 4611 2812 4670 Pbocat
2839 4615 3070 4673 Cosmas
3100 4619 3393 4690 praefectus
3422 4623 3590 4678 urbis

1990 4704 2196 4759 multos
2244 4719 2310 4759 cx
2359 4703 2438 4759 eis
2491 4704 2866 4771 detruncavit,
2918 4710 3193 4778 quosdam
3255 4710 3585 4778 decollarit.

1990 4798 2288 4853 nonnullos
2337 4808 2519 4853 autem
2549 4799 2608 4856 in
2654 4815 2850 4856 saccos
2895 4802 3097 4859 missos
3150 4806 3287 4859 mari
3335 4808 3590 4862 u‘catit.

1991 4891 2164 4946 Porro
2189 4891 2404 4947 Prasini
2457 4897 2769 4948 eoacervati
2824 4894 3089 4950 miserunt
3122 4896 3299 4966 ignem
3335 4897 3390 4951 in
3430 4915 3589 4968 pra:-

1993 4983 2219 5050 torinm,
2253 4993 2306 5037 et
2341 4984 2699 5039 incenderunt
2734 4987 2944 5040 curiam
2978 4995 3032 5041 et
3065 4989 3266 5044 scrinia
3300 4999 3354 5043 et
3386 5006 3558 5046 can-e

1994 5088 2104 5138 res,
2136 5087 2202 5126 ex
2232 5075 2433 5143 quibus
2469 5076 2676 5146 egressi
2703 5076 2876 5131 vineti
2912 5077 3188 5148 ingerunt.
3228 5079 3365 5134 lline
3396 5081 3590 5138 iratus

1833 5183 2063 5241 ΝΟΤΛΕ.

376 5317 488 5390 με)
517 5315 621 5372 Ore
656 5309 1066 5390 macharwtjjt
1092 5308 1250 5365 Lucae
1279 5325 1390 5390 tm,
1420 5307 1490 5390 ξι
1519 5328 1538 5390 ξ
1577 5306 1878 5390 Πεςξοῦνται

303 5377 554 5457 «ducite
601 5383 896 5457 paxaipeq.
954 5380 1122 5457 Xetus
1150 5381 1380 5457 versio__:
1415 5377 1620 5457 Cadent
1671 5380 1724 5432 in
1785 5395 1874 5457 ore

300 5447 486 5528 gladii.
519 5447 748 5526 erigat.
779 5447 914 5528 "_l‘u_r_.
951 5451 1099 5507 Hist.
1133 5468 1170 5506 It
1207 5469 1219 5505 :
1260 5470 1295 5528 _¢_
1333 5447 1407 5504 Ne
1439 5451 1693 5528 universa
1736 5453 1876 5503 mul-

300 5519 480 5581 fundo
520 5529 574 5581 in
613 5519 708 5580 o're
751 5524 913 5595 gladii
955 5532 1160 5595 rueret.
1199 5543 1218 5576 ι
1260 5521 1322 5576 Et
1371 5536 1431 5588 li,
1465 5519 1493 5573 7
1543 5538 1556 5573 :
1607 5537 1625 5570 ι
1674 5519 1732 5573 in
1780 5535 1877 5576 ore

299 5598 464 5666 gladii
511 5593 934 5666 trucidantes.)
980 5593 1146 5648 anli.

373 5665 486 5730 (Mi)
508 5663 1165 5732 Suhadjum.Concilium
1185 5659 1651 5729 Chalcedonense,
1675 5669 1872 5717 actm:

299 5736 400 5786 Διὰ
444 5734 536 5786 τοῦ
587 5735 1007 5805 καθωσ.ωμένου
1053 5733 1445 5806 μαγιστριανοῦ
1488 5733 1731 5804 Σςὸήρου
1775 5734 1871 5786 τοῦ

1982 5309 2280 5378 γενομένου
2306 5309 2670 5382 σουόανᾷιου-ὄᾶ
2703 5308 2806 5380 τῆς
2828 5307 3049 5382 ferali];
3084 5310 3193 5364 τῶν
3213 5309 3586 5382 καθωσιωμῇ

1988 5397 2097 5433 νων
2125 5380 2555 5450 μαγιστριανῶν.
2590 5380 2915 5451 Brevirulus
2935 5382 3181 5436 historia
3213 5380 3580 5451 Eutychiaui-

1988 5461 2195 5522 starem
2218 5467 2238 5522 _:
2270 5469 2288 5501 ι
2322 5453 2751 5522 Superveniente
2785 5450 2990 5506 Uranio
3012 5450 3369 5522 subadjuva.»
3397 5454 3492 5509 ιυ.

2058 5521 2170 5587 (47)
2207 5520 2472 5590 Inquieta.
2505 5523 2658 5590 Apud
2683 5519 3004 5581 Gruterum.

2060 5591 2170 5660 (i8)
2208 5589 2498 5647 Naturam.
2545 5592 2830 5658 Apuleius.
2879 5593 2914 5646 Ι.
2950 5609 3067 5648 vn:
3115 5613 3133 5644 ι
3185 5591 3303 5647 Non
3353 5605 3577 5650 tantum

1985 5673 2264 5738 naturam.
2310 5679 2496 5738 verum
2543 5665 2707 5718 etiam
2752 5674 2914 5738 caput
2951 5679 3172 5733 quot-ine
3227 5669 3401 5736 ipsun
3437 5683 3576 5738 pes-

1953 5736 2128 5816 _sitno
2163 5735 2251 5788 isti
2280 5737 2433 5791 asino
2463 5736 2702 5791 demere.
2735 5751 2752 5785 ι
2789 5733 2951 5791 ιιίιιῐι.
