3950 6234
343 358 481 430 1297

1117 368 1487 436 HISTORIA
1524 372 2101 436 ECCLRSIASTICA
2130 374 2237 435 sx
2265 358 2749 436 maerens.

3451 375 3598 441 1293'

339 477 556 532 9boeas
600 492 711 533 non
757 478 977 536 militari
1023 483 1285 542 Prasinus
1333 486 1505 556 jubet.
1540 487 1709 543 Porro
1744 486 1912 543 Hera-
1941 492 1986 547 A
2017 488 2620 556 pervenisset,divertit
2673 487 2741 543 ad
2762 494 2989 559 portum
3035 485 3292 559 Sophim;
3341 470 3611 564 initaque-

342 569 484 624 elius
505 577 708 639 prator
730 572 945 639 Africae,
968 576 1272 632 molestiam
1297 582 1611 649 perpetiens
1638 596 1666 635 a
1695 591 1912 648 senatu,

340 664 559 717 vocavit
592 665 760 719 filium
791 682 953 722 suum
992 667 1301 724 ileraclium
1339 682 1529 726 contra
1555 672 1792 728 Pltoeam
1827 662 1913 748 ty-

344 768 579 811 rannum
611 756 896 821 mittendi;
936 774 1125 815 verum
1150 769 1203 815 et
1229 763 1534 833 subpractor
1555 763 1675 833 ejus
1704 764 1915 837 Grego-

345 861 436 902 ras
475 848 628 903 misit
687 864 784 920 per
833 851 1039 905 aridam
1086 853 1327 909 Nieetam
1381 856 1549 910 lilium
1585 871 1773 924 suum,
1804 867 1919 915 sta-

345 945 562 995 tuentes
622 949 679 993 nt
708 942 1021 1012 quicunque
1051 958 1119 999 es
1146 945 1229 1001 his
1257 949 1581 1018 prmrcniret
1605 962 1919 1022 superaret-

344 1044 455 1098 qoe
490 1037 806 1101 tyranuum,
841 1034 1130 1105 imperium
1167 1050 1431 1096 sumeret.
1471 1043 1586 1096 Hoc
1616 1059 1747 1099 vero
1772 1058 1918 1101 anno

346 1123 525 1178 hiems
551 1128 794 1182 enormis
823 1127 1088 1196 efficitur,
1144 1131 1216 1185 ita
1269 1142 1327 1187 ut
1365 1136 1533 1191 maris
1572 1138 1828 1196 mollities
1864 1142 1918 1196 in

348 1215 540 1284 glaciei
571 1216 831 1273 duritiem
865 1228 1189 1277 verteretur.
1249 1221 1402 1281 Tunc
1451 1225 1662 1283 Phocus
1711 1229 1923 1286 Macro.

349 1309 499 1361 bium
533 1310 842 1365 seribunem
887 1312 1054 1381 jussit
1092 1316 1339 1386 sagittari
1398 1319 1541 1388 apud
1590 1319 1919 1392 Septimum,

349 1398 677 1467 pendentem
710 1402 763 1455 in
784 1401 998 1471 lancea,
1033 1405 1086 1458 in
1120 1421 1232 1475 quo
1264 1408 1469 1463 tirones
1500 1411 1923 1479 exercebantur,

346 1492 506 1558 quasi
559 1492 843 1547 conscium
917 1495 1240 1551 insidiarum
1293 1514 1538 1555 suarum.
1598 1500 1922 1563 Theodorus

351 1583 498 1637 enim
531 1586 823 1654 prafeetus
847 1584 1137 1657 Cappadox
1177 1600 1230 1645 et
1274 1592 1560 1663 Helpidius
1596 1600 1923 1668 pra-pusitus

349 1680 673 1733 armamenti
701 1689 761 1733 et
779 1681 869 1735 alii
895 1682 1096 1739 divorsi
1120 1687 1409 1741 concilium
1429 1686 1676 1747 fecerunt
1708 1693 1762 1747 in
1792 1694 1924 1765 liip-

352 1768 643 1837 pudrutnio
698 1773 935 1829 Pltocam
998 1777 1304 1845 occidendi,
1370 1789 1423 1837 et
1492 1782 1634 1839 factu
1691 1789 1926 1858 prandio

351 1859 678 1920 Theodorus
708 1867 1002 1936 praefectus
1049 1874 1362 1939 praetorium
1412 1876 1578 1946 empit
1611 1877 1692 1935 eis
1742 1890 1929 1940 texere

350 1953 712 2013 intentionem
767 1973 944 2017 suam.
991 1962 1233 2035 Contigit
1283 1975 1465 2022 autem
1525 1969 1638 2025 illic
1670 1972 1928 2032 'inveniri

353 2045 706 2102 Anastasium
763 2053 1020 2107 comitem
1076 2053 1453 2124 largitionum.
1509 2056 1749 2117 Prandio
1797 2078 1929 2135 ergo

354 2134 524 2206 facto,
561 2148 618 2195 et
638 2144 907 2199 enarratis
939 2145 1024 2199 his
1065 2162 1188 2217 quae
1233 2147 1558 2206 insidiarum
1591 2165 1767 2224 erant,
1807 2134 1925 2228 pae-

356 2229 525 2285 nituit
569 2234 926 2302 Anastasimn
964 2238 1074 2294 illic
1117 2255 1177 2296 se
1204 2251 1505 2311 repertum,
1540 2253 1596 2301 et
1644 2263 1750 2302 non
1793 2249 1930 2307 dixit

358 2336 480 2391 quae
525 2325 677 2380 cordi
707 2342 809 2383 suo
866 2328 1113 2397 inerant,
1167 2332 1261 2388 sed
1288 2335 1459 2391 siluit.
1489 2338 1557 2392 At
1584 2355 1711 2394 vero
1743 2340 1931 2414 Helpi-

358 2412 484 2468 dius
512 2416 865 2485 perdurabat,
890 2421 1082 2477 dicens
1120 2436 1137 2479 :
1180 2422 1307 2479 Non
1346 2428 1504 2482 vultis
1532 2439 1609 2495 ut,
1636 2447 1754 2486 cum
1780 2412 1930 2490 sede-

357 2501 432 2554 rit
462 2502 516 2556 in
558 2506 695 2559 solio
725 2522 885 2576 super
926 2512 1387 2580 Hippodromt'um,
1420 2517 1557 2572 hunc
1591 2524 1930 2591 comprehcn-

360 2592 509 2659 ἄρηι,
544 2606 593 2650 u
617 2599 835 2654 cultam
864 2604 1045 2658 oculos
1073 2603 1209 2673 ejus,
1251 2614 1301 2660 et
1322 2608 1399 2661 sic
1428 2624 1547 2663 eum
1577 2611 1937 2682 interﬁciam’?

360 2684 429 2738 Et
461 2687 821 2756 pollicebatur
839 2692 919 2747 eis
939 2693 1071 2748 dare
1094 2709 1309 2753 currus.
1329 2697 1409 2753 Re
1427 2710 1710 2770 propterea
1736 2700 1934 2760 Phocea

362 2785 489 2832 nota
541 2793 605 2833 ex
662 2783 974 2850 proditione
1004 2784 1282 2841 Anastasii
1333 2785 1500 2851 facta,
1531 2790 1698 2858 jussit
1733 2793 1934 2862 praefe-

358 2878 511 2925 ctum
549 2877 605 2925 et
632 2870 937 2941 lielpidium
962 2890 1027 2930 ac
1056 2878 1343 2946 primores,
1365 2882 1454 2948 qui
1483 2884 1758 2938 sciverant
1793 2901 1934 2952 rem,

360 2975 489 3014 cum
527 2964 675 3015 omni
705 2963 987 3033 diligentia
1037 2967 1259 3022 discliti.
1297 2972 1546 3038 Cumque
1589 2972 1936 3030 discuteren-

360 3056 479 3115 tur,
535 3065 658 3119 qua
702 3053 1025 3108 insidiarum
1079 3055 1300 3111 fuerant
1332 3056 1462 3113 fassi
1509 3070 1656 3123 sunt,
1690 3070 1744 3116 et
1790 3064 1935 3132 quod

2018 582 2162 637 bello
2196 582 2364 639 vincit
2392 584 2567 654 gratia
2601 580 2809 639 Christi
2836 593 3152 655 tyrannum.
3175 582 3385 655 Vulgus
3407 596 3589 642 autem

2020 674 2165 728 hunc
2182 676 2645 744 comprehensum
2680 674 3074 731 interfecerunt
3096 684 3148 731 et
3176 676 3300 741 igne
3322 676 3467 747 apud
3497 676 3593 732 Boi

2018 777 2422 822 cremaverunt.
2479 768 2771 838 ingressus
2835 784 2966 822 vero
3044 766 3329 825 ilcraclius
3394 770 3597 840 regalia

2019 862 2319 910 coronatus
2363 862 2445 910 est
2481 870 2510 908 a
2550 854 2744 925 Sergio
2786 858 3097 926 patriarcha
3146 859 3200 911 in
3248 860 3493 912 oratorio
3534 857 3595 915 S.

2023 946 2286 1017 Stephani
2316 947 2366 1001 in
2402 947 2600 1017 palatio
2632 949 2761 1003 situ.
2807 947 3082 1005 Coronata
3114 962 3200 1005 est
3242 966 3371 1006 vero
3412 949 3596 1007 eadem

2022 1039 2109 1092 die
2142 1053 2343 1108 sponsa
2371 1054 2589 1110 quoque
2620 1039 2796 1111 ipsius
2833 1040 3072 1096 Eudueia
3108 1042 3160 1096 iu
3194 1044 3521 1114 Augustam,
3547 1054 3602 1100 et

2022 1131 2235 1200 accepit
2268 1138 2544 1202 uterquea
2575 1131 2769 1203 Sergio
2802 1134 3116 1205 patriarcha
3153 1137 3468 1208 nuptiarum
3505 1152 3604 1193 co-

2024 1236 2211 1290 ronas,
2253 1229 2308 1276 et
2354 1238 2467 1278 uno
2523 1225 2825 1296 eodemque
2864 1227 2953 1281 die
3002 1227 3168 1282 simul
3206 1228 3507 1298 imperator
3549 1238 3606 1287 et

2025 1330 2262 1384 Sponsus
2288 1317 2619 1375 ostenditur.
2653 1316 2842 1374 Mense
2870 1333 3002 1374 vero
3035 1317 3177 1374 Maio
3204 1330 3385 1375 castra
3416 1336 3604 1377 move-

2027 1419 2148 1462 rqu
2188 1407 2367 1464 Persa:
2412 1417 2604 1464 contra
2648 1410 2886 1481 Syriam,
2920 1418 2974 1465 et
3015 1423 3277 1481 ceperunt
3316 1413 3606 1483 Apamiam

2025 1509 2079 1555 et
2112 1499 2395 1566 Edessam,
2423 1509 2478 1555 et
2515 1512 2783 1557 venerunt
2822 1517 2998 1572 usque
3031 1501 3406 1558 Antiochiam.
3434 1502 3606 1559 Porro

2029 1590 2263 1661 Romani
2304 1602 2661 1648 occurrentes
2704 1594 2785 1648 eis
2829 1593 3072 1663 superati
3128 1603 3292 1662 sunt,
3342 1603 3398 1649 et
3446 1593 3607 1662 periit

2026 1685 2206 1739 omnis
2235 1685 2465 1754 pupulas
2504 1682 2898 1753 Romanorum,
2927 1686 3063 1742 adeo
3097 1696 3154 1743 ut
3175 1686 3331 1742 valde
3354 1685 3516 1757 pauci
3539 1701 3609 1743 ex

2028 1776 2109 1831 eis
2141 1775 2456 1831 evaderent.

2102 1866 2287 1923 Mundi
2310 1883 2453 1924 anno
2481 1867 2642 1937 6l05,
2671 1869 2870 1925 divina:
2891 1870 3296 1927 incarnationis
3318 1886 3464 1926 anno
3478 1869 3607 1940 605.

2030 1972 2174 2015 anno
2204 1974 2337 2016 vero
2387 1960 2607 2031 imperii
2638 1962 2879 2018 Heraclii
2905 1961 2941 2016 2
2971 1975 3235 2034 ceperunt
3268 1963 3450 2020 Persae
3490 1962 3613 2019 Ca:-

2032 2065 2245 2106 saream
2272 2051 2652 2122 Cappadociae,
2687 2061 2741 2109 et
2765 2054 3003 2125 plurima
3028 2069 3094 2111 ex
3113 2069 3177 2110 ea
3199 2055 3411 2125 captiva
3440 2055 3614 2111 duxe-

2032 2151 2159 2197 runt
2181 2144 2370 2198 millia.
2403 2142 2692 2202 Heraclius
2716 2153 2897 2202 autem
2929 2146 3228 2218 imperator
3267 2147 3475 2203 invenit
3497 2147 3613 2203 dis-

2032 2236 2211 2292 soluta
2263 2236 2341 2292 rei
2404 2238 2639 2309 publica:
2697 2239 2938 2310 negotia,
3008 2238 3277 2309 siquidem
3336 2237 3610 2309 Europam

2032 2329 2242 2386 Avares
2299 2329 2590 2387 reddidere
2638 2331 2940 2398 desertam,
3001 2330 3190 2387 Asiam
3245 2344 3375 2387 vero
3430 2328 3613 2386 Perse

2034 2427 2202 2474 totam
2233 2418 2741 2477 exterminaverunt
2771 2431 2825 2477 et
2855 2422 3110 2478 civitates
3139 2421 3530 2478 desolaverunt
3558 2430 3615 2478 et

2033 2511 2341 2568 Romanum
2376 2514 2430 2569 in
2466 2513 2624 2569 bellis
2668 2515 2972 2571 exercitum
3028 2515 3443 2571 interemerunt.
3480 2514 3616 2581 Qui-

2035 2604 2139 2660 bus
2160 2604 2291 2660 visis
2318 2605 2571 2660 haesitare
2597 2607 2763 2676 erepit
2787 2607 2919 2677 quid
2942 2614 3127 2677 ageret
3152 2624 3166 2662 :
3192 2614 3449 2662 scrutans
3466 2607 3614 2664 enim

2042 2695 2339 2760 exercitus,
2384 2696 2432 2750 si
2465 2696 2602 2750 forte
2651 2695 2789 2751 salvi
2817 2695 3172 2759 exsisterent,
3222 2694 3365 2750 duos
3401 2704 3614 2750 tantum

1964 2846 1972 2854 ,
2037 2786 2246 2842 invenit
2305 2803 2369 2843 ex
2416 2787 2673 2843 omnibus
2726 2787 2815 2842 his
2864 2787 2955 2856 qui
3011 2801 3137 2841 cum
3198 2787 3381 2843 Phoea
3423 2795 3613 2843 contra

2038 2878 2358 2934 Mauricium
2414 2878 2470 2933 in
2531 2877 2821 2949 tyrannide
2855 2879 3184 2935 utilitarunt.
3238 2877 3439 2933 Eodem
3472 2894 3620 2937 anno

2038 2976 2202 3022 natus
2234 2975 2319 3021 cst
2359 2967 2675 3036 imperatori
2726 2965 2870 3020 filius
2902 2966 2970 3021 de
3023 2966 3287 3028 Eudocia,
3329 2964 3618 3022 Heraclius

2042 3060 2243 3122 minor,
2272 3058 2365 3127 qui
2401 3064 2457 3113 et
2504 3073 2683 3113 novus
2715 3055 3111 3113 Constantinus
3163 3058 3471 3128 appellatus
3508 3065 3616 3115 est.

366 3137 716 3197 Theodorum
754 3147 1022 3199 voluerint
1047 3148 1229 3202 facere
1247 3149 1567 3219 principem.
1598 3151 1771 3208 Porro
1794 3155 1938 3210 Pho-
1966 3174 2012 3233 ρ
2048 3147 2113 3202 Et
2162 3155 2378 3203 mortua
2413 3155 2498 3204 est
2542 3147 2790 3219 Augusta
2823 3147 3014 3205 eadem
3060 3147 3272 3203 decima
3305 3148 3496 3219 quinta
3534 3149 3621 3203 in-

360 3246 462 3289 eas
484 3234 651 3304 jussit
673 3236 930 3292 decollari
952 3237 1321 3303 Theodorum,
1346 3242 1676 3312 Helpidium,
1701 3247 1941 3304 Anasta-
2042 3240 2305 3296 dictione.

369 3324 510 3380 sitim
541 3336 596 3382 et
621 3344 834 3395 omnes,
870 3331 963 3399 qui
1000 3332 1230 3388 insidias
1262 3348 1392 3389 suas
1418 3349 1809 3407 cognoverant.

439 3416 627 3475 Mundi
664 3437 808 3476 anno
870 3422 1031 3490 6102,
1094 3425 1295 3481 divinas
1348 3427 1744 3487 incarnationis
1792 3448 1938 3489 anno

362 3511 490 3577 809,
526 3528 672 3568 anno
701 3530 833 3569 vero
863 3517 1072 3585 imperii
1112 3519 1196 3572 sui
1239 3521 1412 3587 primo
1460 3524 1609 3578 venit
1653 3524 1942 3584 iieraclius

369 3605 440 3659 ab
465 3605 650 3661 Africa
673 3620 796 3661 cum
831 3607 1065 3662 navibus
1094 3610 1415 3676 castellatis,
1441 3611 1773 3671 habentibus
1798 3618 1940 3673 intra

370 3711 433 3753 se
464 3699 681 3753 arculas
715 3706 770 3754 et
802 3698 1066 3768 imagines
1101 3701 1193 3757 Dei
1237 3700 1447 3767 Matris,
1482 3706 1942 3774 quemadmodum

369 3785 581 3845 Pisides
626 3803 846 3859 quoque
887 3789 1155 3860 Georgius
1191 3792 1460 3861 perhibet,
1493 3794 1700 3851 ducens
1733 3800 1946 3854 exerci-

370 3888 486 3936 tum
513 3883 797 3952 copiosum
831 3884 900 3939 ab
923 3885 1107 3939 Africa
1132 3897 1186 3940 et
1212 3884 1558 3943 Mauritania.
1597 3887 1863 3946 Similiter
1890 3901 1946 3948 et

370 3972 580 4039 Nieeta,
618 3975 764 4031 filius
799 3975 1055 4048 Gregorae
1089 3978 1328 4047 patricii,
1355 3993 1454 4048 per
1476 3979 1866 4036 Alexandriam
1891 3992 1947 4039 et

371 4061 737 4136 Pentapolim,
771 4067 976 4122 habens
1005 4083 1190 4124 secum
1229 4071 1491 4140 pupulum
1523 4072 1752 4127 multum
1784 4076 1950 4144 pede-

368 4165 561 4212 strem.
602 4157 1039 4227 Dcsponsaverat
1085 4170 1265 4215 autem
1319 4159 1604 4218 Heraclius
1650 4158 1946 4221 Eudociam

374 4250 541 4306 ﬁliam
574 4249 769 4321 Rogati
800 4253 938 4319 Afri,
973 4269 1096 4323 qua:
1135 4256 1229 4311 illo
1279 4268 1525 4328 tempore
1558 4258 1951 4320 Constantino-

371 4343 482 4412 poli
517 4351 636 4397 erat
664 4359 769 4398 una
800 4360 925 4400 eum
961 4344 1264 4416 Epiphania
1318 4346 1555 4405 Heraclii
1609 4360 1805 4408 matre.
1835 4354 1950 4409 Att-

368 4437 534 4491 diens
563 4446 743 4492 autem
779 4438 991 4494 Pltucas
1029 4440 1173 4509 quod
1224 4450 1400 4495 mater
1429 4438 1661 4499 ileraclii
1701 4456 1849 4503 esset
1892 4448 1948 4504 in

2111 3329 2300 3386 Tertio
2345 3330 2559 3402 imperii
2613 3328 2851 3387 Heraclii
2902 3346 3049 3387 anno
3076 3339 3341 3386 coronata
3372 3340 3458 3387 est
3494 3324 3625 3403 Epi-

2040 3423 2241 3495 phania
2283 3422 2391 3478 tilia
2422 3421 2661 3479 Heraclii
2712 3438 2742 3477 a
2792 3421 2985 3495 Sergio
3014 3422 3330 3494 patriarcha
3357 3423 3411 3478 in
3440 3422 3625 3495 Augu-

2040 3524 2202 3580 stam,
2251 3514 2304 3569 in
2334 3515 2580 3569 oratorio
2611 3513 2823 3584 palatii.
2858 3514 3061 3570 Eadem
3096 3530 3226 3571 vero
3262 3516 3440 3585 prima
3481 3514 3625 3570 iudi-

2042 3608 2222 3660 ctione
2253 3619 2554 3662 coronatus
2582 3615 2666 3661 est
2704 3605 2994 3663 Heraclius
3034 3607 3245 3677 junior,
3280 3607 3421 3663 filius
3454 3605 3627 3664 Hera-

2042 3697 2157 3762 clii,
2190 3697 2283 3767 qui
2334 3704 2389 3753 et
2443 3696 2861 3763 Constantinus,
2912 3712 2945 3752 a
2992 3699 3254 3768 praedicto
3288 3698 3622 3769 patriarcha.

2046 3786 2428 3844 Eodemanno
2473 3788 2738 3845 Saraeni
2773 3789 2950 3843 aciem
2998 3797 3191 3843 contra
3238 3789 3449 3860 Syriam
3480 3789 3627 3845 dire-

2045 3886 2266 3946 xerunt,
2326 3888 2381 3936 et
2440 3879 2828 3939 exterminatis
2889 3880 3175 3937 nonnullis
3219 3881 3359 3936 vicis
3419 3881 3627 3938 reversi

2048 3980 2197 4029 sunt.
2588 4034 2605 4045 ³

2126 4066 2287 4137 Anno
2336 4063 2551 4137 imperii
2616 4064 2856 4121 iieraclii
2900 4072 3099 4134 quarto
3145 4074 3411 4136 ceperunt
3450 4067 3630 4123 Persae

2052 4136 2490 4220 Da‘mascunt,et
2524 4158 2801 4229 eaptivmn
2851 4157 3131 4213 duxerunt
3178 4158 3437 4229 populum
3485 4158 3629 4214 mul-

2053 4260 2192 4307 tum.
2230 4248 2517 4305 Heraclius
2554 4259 2746 4305 autem
2790 4251 3088 4320 imperator
3128 4249 3327 4322 legatis
3350 4250 3417 4306 ad
3451 4251 3629 4308 Chos-

2053 4360 2187 4401 roen
2208 4342 2392 4399 missis
2418 4343 2627 4415 rogavit
2672 4342 2798 4398 eum
2828 4351 2885 4398 ut
2918 4352 3167 4415 parceret
3190 4344 3473 4399 hominum
3501 4360 3632 4401 san-

2056 4437 2272 4507 guinem
2297 4435 2831 4492 timmisericorditer
2895 4434 3206 4491 eﬂ'undendi
3259 4443 3313 4491 et
3369 4434 3634 4495 diffiniret

375 4532 616 4599 civitate,
643 4549 856 4591 necnon
882 4545 935 4592 et
955 4535 1216 4603 Eudueia,
1237 4552 1359 4609 quae
1380 4540 1482 4594 sibi
1512 4540 1689 4596 fuerat
1707 4542 1949 4615 despon-

2059 4529 2282 4584 tributa.
2315 4527 2419 4594 Qui
2467 4528 2678 4599 legatos
2722 4527 3039 4584 inefficaces
3077 4527 3309 4595 dimisit,
3364 4527 3514 4584 nulla
3548 4528 3633 4585 eis

372 4635 512 4688 sata,
565 4626 743 4681 tenuit
788 4640 882 4680 cas
917 4632 971 4682 et
1016 4628 1331 4682 observavit
1359 4629 1413 4682 in
1443 4628 1730 4688 Dominico
1766 4651 1950 4690 mona-

374 4719 568 4787 sterio,
600 4719 745 4789 quod
777 4719 1199 4790 cognominatur
1229 4736 1383 4776 novae
1417 4720 1777 4781 Ptenitentiae.
1813 4726 1948 4783 Cum

375 4819 556 4867 autem
589 4810 816 4866 adiisset
843 4810 1126 4866 lleraclius
1158 4811 1428 4883 Abydum,
1461 4813 1668 4870 invenit
1697 4815 1952 4875 Theodo-

372 4916 497 4958 rum
545 4903 800 4959 comitem
842 4902 1040 4974 Abydi,
1072 4911 1128 4958 et
1177 4905 1495 4961 sciscitatus
1545 4907 1737 4964 didicit
1787 4913 1856 4966 ab
1887 4928 1952 4970 eo

375 5008 499 5066 quae
527 4994 1003 5064 Constantinopoli
1048 4996 1433 5053 movebantur.
1473 4997 1543 5052 At
1573 5015 1702 5055 vero
1738 4999 1952 5061 Phocas

375 5088 532 5145 misit
574 5089 797 5145 fratrem
850 5102 1010 5144 suum
1060 5087 1463 5144 Domentiolum
1501 5092 1826 5160 magistrum
1886 5092 1955 5151 ad

377 5183 769 5238 custodiendos
822 5195 1010 5237 muros
1050 5181 1264 5251 longos.
1301 5183 1549 5252 Cumque
1593 5187 1954 5253 comperisset

378 5271 691 5329 Heracliam
755 5272 1004 5344 Abydum
1055 5271 1274 5337 adiisse,
1311 5273 1483 5327 muris
1525 5272 1771 5328 dimissis
1818 5274 1956 5344 fugit

378 5364 940 5435 Constantinopolim.
975 5364 1149 5421 Porro
1180 5362 1468 5419 Heraclitus
1514 5364 1658 5435 apud
1701 5364 1952 5435 Abydum

381 5461 590 5529 recepit
627 5474 819 5514 omnes
846 5459 1066 5513 exsules
1092 5457 1393 5527 principes,
1416 5470 1558 5526 quos
1578 5455 1778 5511 ibidem
1818 5456 1957 5513 Pho-

383 5568 477 5609 cas
509 5553 706 5608 exsilio
737 5552 1097 5620 relegaverat,
1134 5558 1188 5604 et
1218 5549 1467 5603 ascendit
1495 5564 1618 5602 cum
1651 5549 1731 5603 eis
1764 5550 1818 5604 in
1853 5550 1960 5606 He-

378 5640 632 5702 racliam.
676 5640 986 5709 Stephanus
1016 5648 1197 5696 autem
1230 5639 1413 5709 Cyzici
1447 5638 1823 5708 metropolites
1869 5653 1960 5694 ac-

379 5746 599 5808 ceptum
656 5739 884 5792 stemma
910 5734 978 5789 ab
1025 5733 1256 5789 ecclesia
1297 5739 1500 5787 sancta:
1534 5730 1640 5787 Dei-
1665 5729 1969 5788 Genitricis‘

381 5826 634 5887 Heraclio
676 5826 887 5884 detulit.
922 5824 1214 5898 Propterea
1267 5840 1389 5883 cum
1431 5824 1959 5896 Constantinopolim

2053 4621 2267 4676 reddita
2313 4621 2546 4684 ratione,
2591 4635 2822 4689 sperans
2844 4618 3312 4689 comprehendere
3345 4615 3632 4675 Romano-

2054 4728 2176 4768 rum
2236 4713 2414 4769 modis
2442 4711 2699 4768 omnibus
2759 4711 3154 4782 principatum.
3220 4709 3394 4765 Porro
3458 4709 3632 4769 Hera-

2053 4805 2195 4861 clius
2243 4804 2437 4860 eodem
2470 4818 2614 4857 anno
2656 4802 2813 4857 duxit
2844 4803 3056 4858 inceste
3091 4801 3382 4858 Martinam
3412 4812 3634 4875 neptem

2055 4913 2209 4955 suam
2239 4912 2485 4959 uxorem,
2514 4903 2568 4950 et
2606 4895 2981 4965 pronuntiavit
3011 4911 3130 4950 eam
3167 4896 3495 4969 Augustam,
3534 4910 3633 4951 eo—

2055 4996 2305 5045 ronatam
2336 5003 2366 5042 a
2399 4986 2597 5057 Sergio
2626 4986 2965 5056 patriarcha.

2126 5081 2286 5136 Anno
2340 5078 2552 5149 imperii
2603 5078 2839 5134 Heraclii
2894 5077 3084 5149 quinto
3136 5084 3399 5150 ceperunt
3453 5076 3640 5133 Perse

2057 5172 2351 5230 Iordanem
2392 5173 2550 5238 bello,’
2574 5181 2630 5229 et
2678 5171 3027 5227 Palaestinam
3060 5180 3115 5226 et
3148 5180 3394 5226 sanctam
3436 5168 3634 5223 civita-

2057 5275 2187 5332 tem,
2219 5271 2274 5320 et
2305 5262 2509 5320 multos
2546 5265 2599 5317 in
2636 5277 2701 5318 ea
2734 5277 2834 5334 per
2876 5260 3190 5317 Iudaeorum
3224 5274 3422 5314 manus
3464 5259 3636 5312 inter-

2059 5358 2324 5422 fecerunt,
2379 5356 2432 5411 id
2484 5366 2586 5420 est,
2619 5363 2680 5409 ut
2728 5353 2951 5425 quidam
2988 5352 3163 5413 aiunt,
3197 5351 3369 5404 millia
3411 5349 3501 5404 90.
3537 5349 3641 5406 Isti

2059 5448 2211 5504 enim
2234 5453 2481 5502 ementes
2514 5444 2880 5508 Christianos,
2916 5452 3072 5513 prout
3105 5441 3484 5511 unusquisque
3509 5456 3636 5509 pre-

2059 5541 2199 5596 tium
2237 5538 2440 5596 habere
2483 5546 2719 5610 poterat,
2769 5534 3095 5592 occidebant
3149 5549 3267 5590 eos.
3314 5532 3637 5591 Zachariam

2064 5652 2195 5693 vero
2228 5634 2783 5709 Hierosolymitanum
2838 5629 3128 5701 praesulem
3179 5631 3636 5699 comprehensum

2064 5740 2118 5795 et
2150 5730 2389 5802 pretiosa
2444 5741 2499 5785 et
2549 5728 2763 5793 vivitica
2821 5726 2966 5796 ligna
2996 5740 3123 5781 cum
3159 5724 3327 5779 multa
3360 5724 3539 5796 praeda
3580 5721 3639 5776 in

2064 5820 2346 5880 Persidem
2380 5819 2747 5879 abduxerunt.
2798 5814 3000 5874 Eodem
3034 5830 3178 5874 anno
3213 5825 3375 5872 natus
3420 5820 3504 5869 est
3533 5811 3638 5866 ἰηι-
