3906 6226
344 330 482 395 1299

1435 337 1534 397 ΑΝ
1545 336 1838 398 A-STASII
1875 335 2503 401 BIBLIO’I‘HECABII

3474 332 3614 398 1300

338 445 574 511 pt‘ralori
611 445 1007 502 Constantinus
1060 447 1222 512 alius,
1271 458 1324 504 et
1385 450 1693 520 baptizatus
1734 456 1820 505 est
1854 450 1910 504 in
1943 453 1990 511 Α
2020 464 2216 509 contra
2271 453 2580 510 Persidem.
2632 454 2880 525 Sumptis
2913 464 3092 510 autem
3141 461 3340 507 mutuo
3392 463 3619 505 venerat.

339 534 653 588 Blachernis
685 552 712 587 a
752 536 942 608 Sergio
971 539 1307 606 patriarcha.

404 625 562 681 Anno
622 626 834 698 imperii
894 627 1129 685 Ilcraclii
1185 640 1340 688 sexto
1398 644 1661 703 ceperunt
1738 631 1916 688 Persae

335 727 502 771 totam
535 717 830 790 Egyptum
866 732 919 776 et
951 722 1335 778 Alexandriam
1373 733 1427 780 et
1477 725 1699 796 Libyam
1740 739 1916 796 usque

333 815 400 864 ad
430 809 792 881 Ethiopian),
826 815 1102 884 multaque
1141 816 1319 887 praeda
1355 826 1572 886 sumpta
1607 827 1660 872 et
1703 818 1917 873 exuviis

333 907 755 973 quamplurimis
807 916 860 962 et
897 911 1144 979 pecuniis
1195 910 1263 965 ad
1319 911 1539 982 propria
1579 917 1914 966 remearunt.

335 996 716 1067 Carthaginem
759 1010 938 1053 autem
978 1016 1173 1070 capere
1202 1003 1427 1058 minime
1473 1003 1785 1070 valuerunt,
1822 1002 1917 1058 sed

332 1089 585 1143 custodia
635 1090 860 1146 dimissa
893 1092 1180 1150 obsidendi
1225 1110 1346 1149 eam
1382 1104 1749 1150 recesserunt.

403 1183 796 1254 Annoimperii
826 1183 1059 1240 Ileraclii
1092 1187 1327 1257 septimo
1361 1197 1544 1243 castra
1571 1187 1758 1241 metati
1786 1193 1912 1242 sunt

334 1277 516 1334 Persae
563 1290 757 1335 contra
799 1280 1208 1353 Carthaginem,
1263 1299 1428 1355 quam
1487 1291 1541 1338 et
1574 1283 1715 1339 bello
1756 1299 1916 1353 cepe-

337 1381 483 1426 runt.
525 1371 728 1427 Eodem
775 1389 919 1429 anno
956 1376 1150 1430 consul
1185 1376 1364 1430 factus
1403 1387 1486 1430 est
1522 1375 1917 1432 Constantinus

331 1462 539 1533 junior,
571 1464 662 1533 qui
711 1473 764 1520 et
823 1465 1126 1533 Ileraclius,
1158 1475 1212 1521 et
1241 1466 1473 1522 Ileraclii
1499 1468 1661 1532 ﬁlius,
1704 1475 1758 1522 et
1789 1482 1918 1536 pro.

334 1555 481 1610 vexit
512 1556 564 1610 in
614 1554 883 1613 Caesarem
933 1557 1355 1614 Constantinum
1395 1560 1660 1614 minorem
1690 1557 1918 1613 fratrem

336 1665 520 1714 suum,
557 1667 621 1706 ex
664 1649 915 1707 Heraclio
947 1652 1188 1724 genitum
1225 1665 1276 1708 et
1310 1653 1562 1710 Martina.

409 1739 569 1793 Anno
606 1741 815 1811 imperii
849 1743 933 1798 sui
967 1753 1162 1799 octavo
1197 1761 1391 1801 rursus
1434 1744 1718 1801 IIeraclius
1771 1747 1918 1802 misit

338 1830 392 1882 in
423 1829 702 1886 Persidem
735 1833 944 1902 legatos
969 1835 1036 1889 ad
1065 1835 1371 1900 Chosroen,
1399 1837 1682 1908 postulans
1708 1853 1920 1908 pacem.
1954 1816 2002 1876 Β

336 1924 435 1977 Ast
464 1921 736 1977 Chosroes
770 1924 966 1978 iterum
1007 1941 1102 1981 eos
1143 1927 1367 1995 sprevit,
1407 1942 1768 1985 asseverans:
1805 1927 1930 1982 Non

338 2032 559 2084 parcam
610 2015 774 2081 vobis,
831 2015 992 2070 donec
1054 2009 1374 2085 cruciﬁxum
1430 2022 1719 2092 abnegctis,
1778 2037 1931 2092 quem

340 2112 508 2163 Deum
553 2125 665 2164 esse
709 2110 969 2179 fatemini,
1019 2119 1068 2165 et
1120 2111 1354 2166 adoretis
1395 2113 1580 2172 solem.

411 2203 571 2257 Anno
635 2202 848 2273 imperii
905 2202 1144 2258 Ileraclii
1199 2219 1346 2259 nono
1401 2205 1571 2259 aciem
1614 2204 1933 2260 direxerunt

341 2297 548 2351 Avares
577 2305 766 2350 contra
789 2295 1083 2363 Thracem,
1116 2304 1168 2352 et
1213 2297 1398 2352 missis
1423 2295 1708 2353 Heraclitts
1740 2297 1932 2367 legatis

341 2386 407 2440 ad
453 2402 547 2442 eos
584 2388 852 2457 poscebat
910 2402 1121 2456 pacem.
1172 2385 1422 2458 Cumque
1460 2387 1742 2458 chaganus
1794 2389 1934 2444 hanc

345 2476 523 2532 facere
571 2477 976 2546 spopondisset,
1008 2479 1143 2532 exiit
1178 2479 1475 2548 imperator
1524 2478 1673 2535 foras
1718 2496 1932 2535 murmn

348 2569 569 2638 longum
616 2584 740 2622 cum
796 2570 946 2622 omni
992 2571 1257 2639 obsequio
1304 2571 1453 2641 regio
1496 2586 1559 2625 ac
1613 2572 1934 2627 muneribus

344 2662 532 2716 multis
591 2671 645 2714 et
718 2663 932 2732 magnis
989 2663 1057 2716 ad
1117 2664 1526 2732 suscipiendum
1583 2666 1931 2735 chaganum.

345 2762 670 2823 recepturus
699 2754 768 2807 ab
789 2769 854 2808 eo
887 2752 1204 2822 juramenta
1236 2755 1471 2811 faciendi
1502 2756 1734 2814 invicem
1770 2773 1935 2828 spon-

345 2847 532 2900 siones
581 2845 859 2914 paciﬁcas.
896 2847 964 2899 At
1011 2863 1145 2902 vero
1172 2848 1443 2904 barbarus
1477 2850 1567 2904 ille
1612 2857 1720 2904 tam
1763 2865 1933 2921 spon~

344 2937 594 3017 sionibns
637 2953 801 3007 quam
855 2954 976 3008 qua:
1026 2939 1210 3009 jurata
1245 2939 1462 2996 fuerant
1495 2943 1717 3014 spretis,
1751 2945 1935 3000 subito

345 3030 631 3102 tyrannice
664 3038 858 3087 contra
892 3031 1276 3101 imperatorem
1333 3034 1615 3104 proiectus
1660 3048 1762 3093 est.
1805 3037 1936 3094 Stu-

345 3123 594 3194 pel'actus
643 3139 773 3192 ergo
810 3123 1113 3194 imperator
1156 3141 1320 3195 super
1351 3128 1645 3199 insperata:
1690 3131 1769 3185 rei
1819 3147 2003 3222 mo-C

347 3215 554 3281 limine,
619 3215 744 3285 fuga
813 3217 1001 3286 lapsus
1065 3218 1118 3270 in
1185 3217 1460 3272 civitatem
1523 3234 1773 3274 reversus
1827 3229 1930 3275 Cet.

347 3307 620 3363 Barbarus
658 3316 841 3362 autem
878 3309 1028 3366 omni
1073 3310 1223 3379 regio
1263 3320 1532 3382 apparatu
1574 3312 1828 3382 adempto
1877 3323 1932 3368 et

345 3397 694 3468 supellectili,
757 3408 812 3452 et
897 3407 1169 3470 quotquot
1222 3416 1286 3456 ex
1352 3402 1668 3457 hominibus
1730 3419 1926 3473 capere

344 3489 542 3561 potuit.
596 3489 864 3545 subvertit
929 3491 1086 3546 villas
1161 3493 1384 3558 multas,
1448 3493 1788 3565 depopulans
1865 3513 1931 3552 ex

345 3584 643 3654 improviso
678 3599 774 3652 spe
813 3585 963 3653 pacis
999 3585 1283 3654 deceptos.

413 3674 606 3729 Mundi
663 3690 808 3728 anno
852 3674 1014 3737 (illi,
1065 3675 1264 3732 diviute
1329 3677 1733 3734 incarnationis
1787 3694 1932 3734 anno

343 3767 470 3832 6H,
522 3780 667 3820 anno
709 3780 836 3820 vero
892 3765 1107 3836 imperii
1145 3765 1388 3840 Heracli}
1418 3769 1631 3824 decimo
1665 3768 1931 3840 Georgius

348 3857 728 3913 Antiochenus
760 3858 993 3912 habetur
1032 3860 1285 3914 antistes.
1333 3858 1619 3915 Ilcraclius
1651 3869 1832 3916 autem
1863 3862 1929 3917 ad

345 3949 647 4016 chaganum
703 3952 944 4002 Avarum
994 3948 1188 4019 legatis
1237 3950 1420 4006 missis
1475 3951 1725 4019 queritur
1769 3967 1932 4022 super

345 4038 433 4094 bis
475 4054 596 4109 quae
636 4037 891 4108 nequiter
929 4046 1051 4092 acta
1100 4037 1316 4094 fuerant
1348 4027 1418 4094 ab
1445 4055 1532 4105 eo,
1565 4050 1620 4096 et
1642 4041 1709 4094 ad
1740 4057 1929 4111 pacem

346 4133 624 4188 hortatur.
658 4131 820 4186 Acies
859 4131 1058 4201 quippe
1099 4131 1396 4201 disponens
1427 4142 1619 4189 contra
1651 4132 1928 4191 Persidem

345 4223 659 4294 dirigendas
697 4222 899 4292 pacisci
939 4237 1064 4283 cum
1099 4223 1347 4292 chagano
1397 4225 1634 4281 volebat.
1683 4224 1786 4292 Qui
1845 4241 1932 4281 re-

347 4317 552 4370 veritus
584 4313 934 4368 dilectionem
977 4312 1327 4382 imperatoris
1358 4331 1418 4370 se
1453 4317 1781 4386 paenituisse
1812 4319 1929 4393 pol-

345 4405 617 4460 licebatur
645 4414 700 4459 et
725 4417 911 4475 pacem
938 4401 1119 4458 facere
1141 4405 1489 4475 repromisit;
1522 4417 1930 4478 pangentesque

2026 545 2224 602 bilium
2284 545 2579 602 domorum
2621 545 2875 617 pecuniis
2927 545 3117 615 aporia
3165 542 3282 615 (49)
3319 548 3624 602 coartatus.

2026 639 2236 709 accepit
2299 640 2462 694 etiam
2524 639 2773 695 ecclesiae
2829 638 3038 709 Magna:
3095 637 3299 691 multas
3366 633 3626 688 candelas

2026 732 2286 797 ferentia,
2323 733 2484 788 simul
2536 744 2592 788 et
2640 733 2745 787 alia
2782 747 2913 788 vasa
2947 727 3370 786 ministratoria.
3408 726 3623 792 Quibus

2025 825 2276 882 conﬂatis
2333 827 2550 882 exarari
2594 825 2727 880 fecit
2768 841 2838 880 ex
2873 824 2959 878 his
2999 836 3258 878 nummos
3311 833 3518 874 aureos
3565 826 3619 872 et

2025 925 2316 986 argenteos
2375 916 2664 986 plurimos.
2720 915 3040 985 dimisitque
3078 913 3250 966 ﬁlium
3292 925 3458 965 suum
3497 923 3622 963 cum

2025 1010 2212 1080 Sergio
2246 1010 2558 1080 patriarcha
2602 1010 2658 1064 in
2693 1009 2828 1064 urbe
2872 1005 3196 1076 disponendi
3247 1003 3472 1073 negotia
3519 1017 3624 1055 una

2026 1118 2152 1158 cum
2209 1102 2427 1158 Bonoso
2473 1103 2731 1172 patricio,
2774 1102 2894 1157 viro
2943 1098 3126 1170 sagaci
3177 1107 3233 1152 et
3275 1112 3376 1166 per
3430 1105 3625 1148 cuncta

2027 1194 2283 1266 prudenti
2319 1204 2486 1265 atque
2531 1197 2734 1266 perito.
2785 1193 3020 1262 Scripsit
3075 1200 3259 1245 autem
3307 1191 3376 1244 ad
3413 1188 3616 1256 cbaga-

2029 1303 2156 1341 num
2197 1287 2433 1342 Avarum
2467 1303 2660 1357 preces
2684 1302 2873 1341 curam
2911 1284 3107 1356 agendi
3150 1297 3313 1351 super
3339 1280 3618 1333 Romano-

2027 1396 2150 1450 rnm
2188 1380 2445 1449 negotiis,
2476 1389 2738 1446 tanquam
2779 1377 2874 1448 qui
2908 1391 3097 1431 serum
3129 1374 3416 1428 amicitiam
3447 1370 3616 1425 fuerit

2027 1482 2245 1540 pactus,
2301 1479 2538 1527 tutorem
2594 1472 2688 1526 lilii
2735 1471 2822 1526 sui
2879 1469 3031 1523 hunc
3087 1466 3383 1536 appellans.
3432 1461 3610 1516 Holus

2027 1573 2211 1619 autem
2258 1579 2289 1619 a
2326 1565 2477 1634 regia
2513 1565 2648 1618 urbe
2689 1561 2856 1616 exivit
2886 1575 3058 1628 super
3086 1560 3268 1614 locum
3302 1556 3397 1626 qui
3421 1553 3612 1607 dicitur

2025 1653 2228 1718 Portte,
2282 1655 2502 1724 navigio
2539 1655 2642 1710 iter
2672 1668 2860 1722 agens.
2909 1652 3072 1705 Illinc
3101 1664 3235 1704 vero
3269 1662 3364 1716 per
3397 1653 3613 1701 emeras

2029 1749 2285 1818 regiones
2328 1749 2432 1804 sibi
2476 1747 2757 1818 subjectas
2805 1744 3087 1816 profectus
3116 1741 3284 1812 elegit
3332 1737 3618 1798 exercitus,

2034 1851 2087 1896 et
2119 1838 2327 1895 addidit
2360 1840 2470 1895 illis
2501 1855 2698 1894 novam
2724 1837 3000 1891 militiam.
3032 1834 3143 1888 llos
3166 1843 3352 1886 autem
3374 1840 3624 1884 exercete

2035 1946 2196 1986 orsus
2254 1932 2309 1985 in
2346 1929 2639 1985 hostilibus
2699 1926 2984 1997 operibus.
3012 1924 3298 1980 erudivit:
3337 1917 3626 1989 dupliciter

2033 2023 2178 2079 enim
2234 2023 2412 2078 diviso
2447 2022 2697 2077 exercitu
2749 2020 2897 2077 acies
2945 2025 3000 2072 et
3030 2007 3623 2085 congressionesinvi-

2035 2131 2152 2172 ccm
2205 2117 2324 2171 sine
2357 2116 2629 2184 sanguine
2667 2114 2784 2168 ﬁeri
2833 2113 3024 2182 jussit,
3063 2113 3478 2174 clamoremque
3508 2101 3624 2157 bel-

2035 2209 2200 2264 licum
2247 2217 2301 2264 ct
2343 2209 2588 2263 carmina
2623 2216 2678 2262 et
2705 2205 2936 2277 jubilum
2971 2213 3024 2258 et
3055 2204 3323 2268 impetum
3363 2199 3418 2252 in
3462 2196 3624 2250 alter-

2035 2307 2217 2353 utrum
2262 2297 2576 2370 insurgendi
2638 2296 2842 2351 habere
2889 2294 2992 2348 hos
3017 2291 3271 2351 docebat,
3310 2296 3369 2341 ut
3398 2287 3454 2342 in
3485 2283 3623 2338 bello

2036 2392 2240 2460 reperti
2290 2391 2366 2446 nil
2426 2392 2780 2454 mirarentur,
2822 2385 2916 2441 sed
2963 2385 3199 2439 ﬁdenter
3247 2391 3507 2448 tanquam
3553 2374 3621 2428 ad

2031 2485 2220 2555 jocum
2253 2483 2744 2553 proﬁciscerentur
2787 2480 2842 2532 in
2886 2478 3125 2533 hostem.
3157 2473 3452 2543 Accipiens
3491 2481 3622 2522 vero

2035 2576 2330 2644 imperator
2377 2572 2718 2627 inmanibus
2767 2568 2862 2624 Dei
2913 2569 3126 2621 virilem
3159 2565 3414 2634 ﬁguram,
3457 2571 3622 2628 quam

2036 2682 2235 2722 manus
2303 2680 2410 2719 non
2468 2665 2858 2733 depinxerunt,
2897 2660 2991 2715 sed
3045 2658 3098 2711 in
3157 2657 3314 2710 icona
3375 2649 3625 2704 Verbum

2035 2757 2179 2828 quod
2213 2755 2395 2810 omnia
2443 2755 2645 2808 format
2685 2763 2853 2821 atque
2903 2747 3175 2818 componit
3222 2745 3344 2799 sine
3393 2740 3628 2811 pictura

2035 2851 2294 2912 formam,
2330 2848 2478 2903 velut
2524 2848 2644 2902 sine
2688 2846 2901 2901 semine
2932 2850 3162 2912 partum,
3206 2835 3425 2898 eduxit,
3456 2841 3514 2888 et
3568 2831 3626 2885 in

2039 2945 2140 3000 hac
2193 2943 2328 2997 ﬁsus
2368 2955 2397 2992 a
2430 2938 2546 2993 Deo
2577 2939 2720 3008 picta
2774 2937 2945 3007 ﬁgura
2977 2935 3142 3002 erepit
3172 2944 3404 3000 agones,
3462 2927 3626 2996 jura-

2035 3042 2222 3089 ntenta
2283 3033 2424 3088 dans
2496 3031 2696 3101 populo
2757 3030 2904 3100 quod
2974 3043 3101 3082 cum
3151 3024 3290 3094 ipsis
3338 3035 3511 3089 usque
3553 3019 3626 3073 ad

2037 3137 2267 3183 mortem
2302 3126 2441 3180 foret
2488 3132 2802 3180 certaturus
2832 3131 2886 3177 et
2915 3122 3000 3176 eis
3036 3131 3302 3188 tanquam
3344 3116 3470 3169 ﬁliis
3498 3126 3626 3182 pro—

2037 3219 2173 3289 priis
2233 3217 2588 3271 adhaesurus:
2649 3213 2866 3268 volebat
2921 3211 3070 3267 enim
3133 3214 3450 3279 potestatem
3508 3215 3628 3255 non

2035 3310 2233 3363 timore
2279 3317 2548 3376 quantum
2596 3319 2785 3360 amore
2838 3301 3149 3374 possidere.
3183 3297 3422 3365 Cumque
3468 3294 3628 3346 inve-

2035 3403 2212 3456 nisset
2274 3399 2584 3453 exercitum
2637 3398 2693 3451 in
2753 3395 2965 3450 desidia
3012 3393 3188 3447 multa
3219 3399 3272 3446 et
3308 3384 3627 3443 formidine,

2035 3489 2427 3560 inquietudine
2496 3503 2560 3542 ac
2629 3487 2898 3542 dedecore
2970 3487 3364 3546 constitutum,
3417 3485 3470 3533 et
3529 3489 3634 3577 per

2033 3584 2236 3637 multas
2300 3592 2457 3636 terra:
2513 3590 2698 3650 partes
2772 3577 3218 3640 disseminatum,
3277 3577 3523 3624 actutum
3572 3582 3635 3619 tn

2033 3690 2203 3728 unum
2249 3672 2496 3740 collegit.
2547 3673 2613 3724 Et
2645 3685 2839 3726 omnes
2875 3669 3037 3738 quasi
3080 3681 3148 3722 ex
3179 3679 3287 3719 una
3321 3673 3634 3718 consonan-

2035 3768 2109 3820 tia
2146 3766 2508 3820 landaverunt
2537 3763 2826 3832 imperium
2855 3771 2908 3816 et
2934 3759 3319 3816 fortitudinem
3344 3753 3635 3826 principis.

2032 3857 2153 3928 Ipse
2218 3872 2348 3911 vero
2414 3856 2595 3910 verbis
2656 3855 2755 3909 hos
2823 3853 3193 3908 corroborans
3262 3847 3625 3919 perhibebat:

2043 3951 2245 4017 Videte,
2278 3950 2471 4020 fratres
2510 3961 2559 4003 et
2587 3949 2710 4016 ﬁlii,
2751 3955 2876 4018 quot
2905 3945 3113 4000 inimici
3155 3943 3252 3997 Dei
3281 3941 3631 3995 conculcave-

2037 4045 2144 4097 rint
2197 4044 2460 4113 regionem
2519 4049 2781 4104 nostram,
2834 4048 2885 4093 et
2936 4037 3091 4092 urbes
3135 4032 3628 4091 exterruinar-eriut.

2033 4144 2084 4188 et
2133 4134 2336 4188 altaria
2368 4131 2830 4195 concremaucrint,
2867 4137 2917 4183 et
2971 4143 3176 4182 mensas
3227 4127 3631 4178 incruentorttm

2031 4227 2424 4295 sacriﬁciorum
2463 4222 2810 4294 sanguinibus
2856 4219 3266 4276 homicidiorum
3292 4215 3631 4285 repleverit“,

2029 4331 2078 4376 et
2113 4319 2382 4383 ecclesias,
2421 4333 2537 4388 qum
2563 4315 2771 4386 ﬂagitia
2817 4331 2923 4369 non
2961 4313 3286 4373 admittunt,
3315 4308 3634 4379 ﬂagitiosis-

2030 4413 2182 4467 simis
2211 4409 2518 4476 repleverint
2555 4405 2934 4474 voluptatibus.
2977 4403 3162 4471 Itaque
3188 4415 3406 4457 cuneos
3437 4413 3631 4455 rursus

346 4497 557 4556 hedera
608 4500 769 4570 legati
823 4500 876 4553 in
922 4512 1059 4567 pace
1109 4499 1315 4554 reversi
1351 4507 1500 4557 sunt.
1543 4500 1743 4556 Eodem
1777 4517 1923 4557 anno
1949 4510 2004 4570 D
2033 4506 2099 4558 ad
2138 4504 2391 4558 bellicum
2425 4501 2750 4556 exercitium
2786 4505 2985 4558 armat,
3026 4495 3246 4567 agmina
3282 4495 3396 4550 duo
3418 4502 3626 4548 armata

348 4602 608 4664 ceperunt
637 4591 817 4648 Persa:
851 4591 1122 4664 Ancyram
1160 4589 1384 4645 Galatiae
1416 4591 1579 4649 bello.

416 4684 576 4740 Anno
609 4685 822 4757 imperii
860 4683 1096 4740 Heraclii
1127 4683 1183 4738 Il
1215 4684 1412 4739 durum
1437 4683 1712 4740 Chosroes
1735 4686 1925 4756 jugum

346 4790 509 4828 suum
567 4790 733 4846 super
779 4791 971 4833 omnes
1035 4775 1288 4830 homines
1342 4775 1471 4830 fecit
1540 4777 1594 4830 in
1661 4775 1932 4833 eliusione

347 4867 636 4930 sanguinis
661 4876 717 4922 et
747 4871 958 4926 ratione
993 4870 1186 4925 tributi
1211 4888 1224 4923 :
1250 4870 1428 4924 elatus
1456 4871 1602 4926 enim
1641 4870 1924 4941 triumpho

347 4960 663 5014 nullatenus
689 4961 830 5014 ultra
861 4963 917 5016 in
963 4962 1281 5017 constantia
1323 4978 1448 5018 esse
1490 4971 1726 5031 poterat.
1776 4962 1932 5020 Tunc

347 5050 630 5109 lleraclius
695 5051 814 5106 zelo
857 5051 948 5107 Dei
1009 5062 1289 5125 suscepto,
1361 5062 1415 5110 et
1471 5069 1596 5110 cum
1660 5055 1930 5111 Avaribus

346 5161 504 5217 pace,
570 5151 630 5198 ut
689 5144 940 5215 putabat,
995 5154 1302 5211 contracta,
1361 5146 1646 5202 transtulit
1703 5148 1930 5204 militias

351 5236 585 5306 Europa:
634 5234 687 5288 in
743 5233 952 5296 Asiam,
989 5242 1042 5288 et
1101 5235 1378 5304 cogitabat
1423 5236 1515 5292 Dei
1546 5239 1932 5309 cooperatione

345 5332 538 5382 contra
586 5327 867 5384 Persidem
919 5339 1234 5399 properare.

419 5417 580 5472 Anno
621 5418 832 5488 imperii
874 5419 958 5473 sui
999 5417 1082 5482 12,
1131 5433 1318 5473 mense
1366 5418 1673 5488 Aprili,die
1699 5421 1753 5485 4,
1788 5421 1928 5476 indi-

351 5507 533 5562 ctione
564 5508 653 5573 IO,
689 5511 986 5580 imperator
1033 5511 1322 5566 Heraclius
1361 5509 1638 5567 celebrata
1669 5512 1928 5566 solemni-

348 5601 459 5653 tate
494 5601 756 5667 paschali,
787 5620 912 5659 mox
947 5607 1190 5661 secunda
1225 5603 1362 5660 l‘eria
1399 5604 1607 5676 vesperi
1639 5612 1927 5662 metusest

2027 4596 2313 4660 ordinans,
2345 4593 2506 4648 tubas
2566 4606 2785 4661 quoque
2836 4605 2901 4645 ac
2943 4589 3262 4658 clypeorum
3331 4585 3630 4656 phalanges

2033 4689 2293 4747 eliiciens.
2331 4686 2393 4740 Et
2421 4686 2658 4756 populus
2686 4686 2912 4740 thorace
2945 4682 3174 4737 indutus
3221 4681 3467 4736 astabat.
3496 4677 3630 4731 Nam

2035 4799 2162 4839 cum
2224 4782 2371 4836 acies
2421 4779 2640 4833 cautius
2681 4777 3026 4840 statuissent,
3059 4774 3515 4845 congressionem
3547 4770 3632 4823 iu—

2036 4876 2210 4930 vicem
2243 4888 2405 4941 agere
2427 4871 2619 4941 jussit.
2663 4870 3028 4940 Impulsiones
3057 4875 3242 4922 autem
3275 4867 3633 4921 vehementes

2037 4980 2101 5021 ac
2168 4961 2554 5034 percussiones
2622 4961 2676 5013 in
2741 4960 3071 5015 alterutrum
3121 4956 3526 5020 eﬂiciebantur,
3567 4958 3632 5011 et

2034 5057 2259 5111 habitus
2297 5053 2422 5109 belli
2450 5050 2906 5116 ostendebantur,
2943 5057 3170 5118 eratque
3211 5045 3482 5102 horribile
3513 5043 3629 5097 visu

2034 5147 2430 5219 spectaculum,
2482 5145 2604 5200 sine
2648 5143 2846 5198 timore
2878 5141 3203 5213 periculum,
3237 5147 3292 5193 et
3319 5137 3388 5192 ad
3415 5145 3630 5204 strages

2035 5240 2276 5311 impetus
2309 5239 2427 5293 sine
2464 5235 2754 5307 sanguine,
2788 5235 2884 5290 sed
2920 5243 3048 5289 ante
3083 5231 3482 5287 necessitatem
3539 5243 3633 5281 ne-

2036 5331 2310 5388 cessitatis
2365 5329 2538 5393 modi,
2592 5338 2865 5398 quatenus
2929 5324 3316 5394 unusquisque
3370 5328 3629 5395 percepta

2037 5423 2326 5477 occasione
2341 5421 2504 5476 caedis
2535 5420 2786 5474 innocua:
2813 5419 2980 5473 tutior
3006 5423 3383 5488 permaneret.
3406 5411 3626 5472 Talitet

2037 5525 2216 5569 autem
2254 5513 2482 5567 armatis
2527 5512 2785 5566 omnibus
2830 5510 3084 5580 praecepit
3117 5509 3185 5563 ab
3230 5505 3508 5578 iniustitia
3539 5515 3629 5570 per

2038 5607 2186 5660 nitus
2241 5603 2623 5658 abstinendum
2662 5615 2717 5658 et
2757 5603 3015 5674 pietatem
3054 5601 3403 5656 sectandum.
3457 5599 3626 5654 Porro

1870 5700 2078 5759 NOTAE

418 5777 529 5852 μθ)
559 5780 774 5845 Αρονέα.
818 5783 946 5840 Vide
974 5788 1292 5862 Spelntanni
1337 5787 1675 5850 Glossarium
1702 5792 1758 5851 in
1791 5777 1927 5864 apart

2042 5837 2055 5860 ,
2083 5801 2134 5850 ct
2171 5791 2447 5860 Vossium,
2486 5791 2557 5844 Dc
2595 5792 2732 5846 vitiis
2768 5792 3047 5846 sermonis.
3096 5787 3263 5844 ῖλη.
