3906 6226
289 197 422 265 1301
510 192 516 199 ’

1072 205 1444 268 HISTORIA
1483 210 2064 272 ECCLESIASTICA
2102 207 2733 276 EX'THEOPHANE.

3428 212 3576 278 I302

285 333 412 375 cum
451 315 792 386 pervenisset
828 317 894 372 ad
949 329 1136 390 partes
1188 322 1486 389 Armeniae,
1538 342 1878 396 praecurrere
1907 332 1952 388 Δ
1985 329 2312 384 lienderunt.
2351 329 2632 398 Ceperunt
2661 340 2879 398 quoque
2927 334 2980 381 et
3025 320 3227 380 horum
3259 327 3559 382 exercitum

281 408 454 478 jussit
499 408 726 464 electos.
781 407 1184 467 Saracenorum
1218 430 1348 470 vero
1383 426 1513 473 tunc
1556 421 1661 476 sub
1703 423 1878 492 pactis

284 499 578 555 Persarum
633 500 1064 556 constitutorum
1098 505 1394 562 multitudo
1433 509 1678 579 equitum
1735 511 1877 567 clam

284 594 340 647 in
394 591 784 660 imperatorem
842 594 1057 650 irruere
1091 596 1488 656 meditabatur.
1548 602 1661 657 Viri
1695 612 1876 659 autem

285 684 660 752 imperatoris,
727 683 822 754 qui
882 696 1310 756 praecurrerent,
1367 690 1452 746 liis
1521 704 1879 754 occurrentes

281 782 568 844 pratorem
622 775 869 843 ipsorum
907 777 1148 832 vinctum
1206 779 1274 834 ad
1336 779 1650 838 Heraclium
1706 787 1878 842 adduv

284 877 501 930 serunt,
536 867 755 938 illisque
782 869 838 923 in
873 868 1057 940 fugam
1098 873 1276 928 versis
1328 875 1534 933 multos
1579 877 1877 935 intereme-

283 970 432 1014 runt.
498 957 638 1026 Quia
695 977 828 1017 vero
888 963 1068 1020 hieme
1122 966 1420 1023 accedente
1463 969 1762 1040 imperator
1809 973 1878 1029 ad

285 1050 570 1106 l'onticum
602 1053 763 1107 clima
805 1052 1052 1119 divertit,
1093 1056 1271 1111 visum
1319 1065 1405 1114 est
1440 1059 1698 1119 barbaris
1729 1064 1880 1120 obsi-

281 1144 414 1200 dere
447 1143 607 1198 illum
659 1145 714 1198 in
764 1144 872 1201 hoc
928 1145 1288 1204 biemantem.
1321 1151 1390 1205 At
1435 1153 1528 1208 ille
1559 1154 1758 1212 Persas
1794 1159 1877 1212 la-

283 1248 406 1292 tens
473 1245 640 1307 atque
710 1238 993 1296 diverteris
1058 1240 1341 1320 Persidem
1419 1256 1700 1317 properat.
1764 1247 1879 1306 Hoc

283 1327 520 1383 Barbari
583 1329 809 1399 cognito
887 1330 942 1385 in
1016 1346 1303 1389 rancorem
1369 1351 1540 1392 causa
1616 1340 1876 1412 insperati

281 1418 466 1474 aditus
511 1417 870 1477 devenerunt.
915 1420 1191 1481 Sarbarus
1223 1442 1372 1494 vero,
1405 1428 1699 1486 Persarum
1741 1450 1880 1505 prae-

282 1522 390 1572 tor,
449 1519 679 1582 accepto
743 1521 1040 1584 potentatu
1110 1532 1214 1572 suo
1273 1521 1423 1576 venit
1490 1523 1544 1578 in
1601 1523 1874 1596 Ciliciam,

278 1611 563 1672 quatenus
589 1605 642 1659 in
669 1605 996 1662 Romaniam
1027 1624 1285 1676 egressus
1307 1613 1454 1668 hunc
1484 1615 1617 1671 dare
1643 1617 1870 1676 dorsum

279 1699 658 1766 compelleret.
719 1697 944 1756 Timens
991 1711 1174 1756 autem
1210 1719 1278 1758 ne
1329 1721 1428 1775 per
1467 1707 1776 1767 Armeniam
1811 1714 1867 1769 in

279 1786 560 1843 Persidem
597 1791 896 1861 imperator
939 1794 1219 1864 ingressus
1263 1796 1405 1853 hanc
1459 1801 1724 1870 turbaret,
1775 1821 1870 1861 co-

281 1890 449 1936 actus
504 1893 588 1937 est
629 1885 784 1953 sequi
821 1894 946 1955 post
984 1885 1292 1944 Romanum
1341 1895 1665 1962 exercitum,
1700 1898 1871 1953 furari

278 1992 482 2032 curans
535 1977 760 2044 bellum,
792 1989 846 2034 et
894 1997 992 2050 per
1030 1983 1324 2039 obscuram
1366 1989 1590 2058 aggredi
1629 2000 1868 2051 noctem.

282 2067 388 2123 Sed
435 2084 466 2124 e
497 2079 690 2126 contra
740 2073 915 2142 plenae
946 2075 1090 2131 lunae
1121 2084 1232 2132 tota
1266 2088 1426 2134 nocte
1454 2081 1576 2138 luce
1607 2083 1870 2156 fulgente,

279 2161 631 2258 cavillatione
684 2166 986 2224 frustratus
1041 2177 1150 2233 est.
1201 2181 1253 2227 et
1312 2173 1523 2239 lunam,
1581 2194 1704 2248 quae
1765 2182 1872 2258 sibi

279 2255 434 2323 prius
480 2257 534 2311 in
588 2259 738 2313 cultu
789 2259 986 2328 fuerat,
1049 2262 1377 2331 infamabat,
1441 2285 1565 2339 quae
1617 2255 1874 2330 videlicet

277 2345 528 2415 eclipsim
580 2365 646 2404 ex
690 2351 978 2408 accidente
1037 2354 1280 2410 tulisset.
1334 2356 1410 2411 Ex
1455 2359 1556 2414 hoc
1599 2378 1729 2431 ergo
1757 2364 1874 2419 for-

280 2434 527 2491 midabat
580 2437 859 2495 Sarbarus
891 2455 1015 2496 cum
1049 2443 1385 2514 imperatore
1432 2448 1749 2505 conflictum
1782 2467 1876 2523 ag-

278 2527 455 2594 gredi,
502 2536 556 2583 ct
605 2538 847 2586 montem
897 2535 1224 2590 conscendit
1265 2539 1424 2607 quasi
1469 2539 1758 2606 dorcades,
1792 2545 1875 2598 in-

278 2621 457 2673 tuitus
505 2625 574 2674 ab
618 2623 841 2677 excelso
892 2624 1090 2680 bonam
1127 2636 1182 2681 et
1235 2631 1470 2699 sapienti
1513 2635 1873 2704 compositam

280 2725 398 2766 arte
431 2713 681 2768 militiam
730 2713 1128 2772 Romanorum.
1181 2719 1471 2792 Comperta
1525 2732 1654 2780 *ετο
1705 2727 1877 2798 impe-

279 2814 434 2859 rator
460 2805 654 2861 horum
692 2808 988 2866 formidine
1029 2813 1082 2868 in
1116 2815 1252 2870 locis
1297 2818 1618 2874 morabatur
1652 2821 1874 2890 requie-

281 2898 433 2952 tione
478 2898 716 2968 refertis,
754 2903 898 2958 hunc
943 2905 1008 2958 ad
1055 2905 1257 2962 bellum
1292 2907 1585 2979 instigans.
1638 2913 1874 2968 Descen-

1981 427 2036 474 et
2081 434 2299 474 omnem
2332 416 2729 487 supellectilem
2775 417 3045 484 ipsorum.
3089 413 3272 469 Porro
3293 411 3554 477 Romani,

1982 511 2229 566 extensis
2256 511 2312 564 in
2352 509 2628 564 excelsum
2660 506 2939 572 manibus,
2975 503 3084 558 Deo
3125 505 3328 573 gratias
3358 504 3563 560 refere-

1983 603 2136 666 bant,
2169 609 2218 657 et
2249 616 2347 670 pro
2377 603 2732 671 imperatore,
2767 598 2860 668 qui
2900 613 2959 653 se
3022 596 3160 653 bene
3223 604 3560 666 portaverat;

1981 694 2362 749 indeiicienter
2393 693 2647 748 orabant.
2708 691 2811 756 Qui
2850 689 2994 744 enim
3051 695 3207 743 antea
3246 703 3346 743 nec
3381 688 3563 743 Persi-

1980 804 2104 843 cum
2162 786 2440 842 audebant
2493 784 2681 839 videre
2746 783 3048 852 pulverem,
3118 795 3266 836 nunc
3338 781 3566 835 immou

1979 896 2169 936 eorum
2234 881 2458 935 inventa
2511 877 2868 932 tabernacula
2926 875 3184 945 spoliant.
3242 872 3379 938 Quis
3418 873 3567 928 enim

1980 973 2222 1045 speravit
2294 970 2592 1026 Persarum
2661 969 3083 1040 inexpugnabile
3149 984 3333 1039 genus.
3401 967 3565 1022 dorsa

1981 1067 2233 1120 daturum
2260 1077 2499 1134 unquam
2527 1059 2825 1118 Romanis?
2863 1060 3052 1130 itaque
3084 1060 3379 1131 imperator
3406 1074 3567 1114 exer-

1979 1159 2090 1214 citu
2157 1172 2282 1212 cum
2335 1163 2568 1227 praetore
2645 1153 2712 1208 ad
2778 1153 3131 1209 hiemandum
3203 1153 3257 1206 in
3302 1152 3562 1209 Armenia

1979 1248 2242 1305 derelicto
2282 1249 2398 1318 ipse
2439 1245 2764 1318 Byzantium
2824 1244 3005 1299 rediit.

2051 1341 2241 1397 Mundi
2298 1354 2442 1395 anno
2493 1338 2654 1407 6114,
2695 1337 2897 1392 divinze
2963 1335 3364 1392 incarnationis
3422 1348 3566 1390 anno

1979 1431 2106 1497 6M,
2164 1445 2312 1485 anno
2362 1428 2579 1499 imperii
2643 1428 2726 1484 sui
2778 1428 2845 1482 l3
2878 1425 3164 1484 Hcraclius
3205 1425 3486 1497 profectus
3537 1431 3566 1479 α

1978 1525 2129 1595 regia
2200 1523 2336 1578 urbe
2400 1521 2658 1578 celeriter
2741 1521 2796 1575 in
2859 1521 3174 1576 Armeniam
3231 1519 3565 1591 properavit.

1978 1617 2256 1672 Chosroes
2303 1625 2483 1671 autem
2547 1613 2843 1670 Persarum
2886 1629 2980 1668 rex
3025 1613 3175 1668 misit
3211 1611 3566 1667 Sarbauazan

1976 1723 2100 1764 cum
2147 1709 2392 1764 exercitu
2437 1722 2539 1764 suo
2574 1707 2628 1762 in
2675 1706 3050 1762 Romanorum
3077 1712 3276 1760 terram
3301 1703 3564 1758 intrandi.

1974 1799 2261 1856 lleraclius
2324 1808 2508 1855 autem
2559 1799 2840 1855 scribebat
2891 1797 2959 1853 ad
3016 1797 3302 1853 Cltosroen
3355 1804 3416 1849 ut
3473 1801 3570 1849 aut

1974 1912 2162 1968 pacem
2219 1897 2664 1966 amplecteretur,
2703 1902 2797 1949 aut
2827 1910 2887 1950 se
2934 1894 3100 1948 sciret
3149 1908 3272 1946 cum
3324 1891 3569 1946 exercitu

1975 2005 2076 2046 suo
2123 1988 2409 2044 Persidem
2463 1989 2868 2060 ingressurum.
2913 1985 3190 2042 Cliosroes
3234 1995 3417 2039 autem
3468 1999 3573 2038 nec

1975 2096 2164 2152 pacem
2233 2082 2688 2152 amplectebatur,
2732 2094 2835 2136 nec
2883 2094 3076 2133 verum
3141 2076 3380 2131 lleraclii
3448 2091 3569 2131 ser-

1977 2191 2192 2231 monem
2270 2174 2684 2230 arbitrabatur:
2741 2189 2852 2228 non
2927 2173 3075 2227 enim
3146 2169 3356 2225 audere
3412 2169 3568 2223 illum

1979 2266 2192 2322 Persidi
2268 2265 2713 2334 appropinquare
2771 2261 3019 2333 putabat.
3075 2258 3222 2315 Sane
3275 2259 3587 2327 imperator-

1976 2378 2055 2418 ιιι
2084 2361 2449 2416 Kalendarum
2488 2359 2753 2412 Maiarum
2805 2358 3092 2428 ingressus
3137 2362 3220 2410 est
3265 2352 3566 2408 Persidem.

1977 2452 2097 2518 Quo
2137 2450 2412 2504 Chosroes
2441 2456 2728 2517 comperto
2765 2445 3122 2499 Sarhanazan
3154 2443 3352 2497 reverti
3379 2442 3569 2512 jussit,

1976 2553 2030 2599 ct
2059 2543 2307 2598 collectis
2336 2556 2400 2594 ex
2439 2547 2549 2593 tota
2585 2539 2808 2594 Perside
2848 2536 3062 2592 militiis
3098 2537 3235 2601 suis,
3269 2543 3322 2590 et
3350 2534 3570 2591 traditis

1976 2637 2057 2691 eis
2085 2635 2236 2699 Sain,
2296 2633 2558 2687 velociter
2588 2629 2818 2684 adunari
2856 2644 2952 2684 eas
3007 2627 3338 2683 Sarbanazte
3380 2627 3567 2697 jussit,

1977 2734 2033 2782 et
2087 2730 2160 2781 ita
2207 2733 2401 2780 contra
2447 2723 2841 2793 imperatorem
2909 2719 3231 2791 procedere.
3281 2719 3568 2774 lleraclius

1978 2826 2162 2873 autem
2205 2817 2475 2872 advocato
2531 2814 2780 2870 exercitu
2821 2828 2924 2870 suo
2959 2813 3144 2868 verbis
3176 2810 3572 2866 exhortatoriis

1979 2910 2242 2965 incitabat
2271 2924 2389 2974 eos,
2423 2907 2646 2961 dicens:
2697 2903 2813 2959 Viri
2857 2905 3076 2974 fratres,
3114 2903 3209 2957 Dei
3244 2905 3486 2956 timorem
3514 2902 3574 2954 in.

280 2991 477 3046 dentes
509 3000 690 3048 autem
726 2994 867 3049 clam
895 2995 963 3050 de
1003 3006 1190 3053 monte
1231 3014 1374 3069 sape
1412 3003 1700 3060 conﬂictus
1731 3020 1866 3060 con-
1895 3018 1939 3077 ο
1978 3013 2198 3056 mentem
2232 3016 2544 3064 sumamus;
2573 2997 2828 3067 injuriam
2875 2998 2990 3066 ejus
3042 2998 3305 3065 requirere
3353 3003 3572 3062 satagu-

281 3083 546 3150 citabant,
595 3085 690 3140 sed
737 3087 792 3142 in
853 3090 1072 3145 cunctis
1121 3089 1353 3146 Romani
1385 3095 1681 3164 primatum
1723 3105 1878 3155 tene-

284 3175 438 3238 bant,
469 3185 524 3230 et
577 3177 829 3233 tlduciam
859 3181 1204 3252 peramplius
1253 3184 1536 3240 exercitus
1567 3187 1873 3257 obtinebat,

283 3265 533 3324 videntes
573 3269 960 3340 imperatorem
992 3274 1372 3344 proficientem
1425 3276 1482 3332 in
1525 3280 1784 3337 omnibus
1823 3291 1878 3338 et

284 3361 550 3416 audacter
592 3361 1027 3433 belligerantem.
1079 3365 1248 3422 Persa
1308 3383 1436 3424 vero
1479 3371 1702 3440 quidam
1753 3383 1879 3429 ante

284 3451 452 3508 breve
496 3461 718 3524 tempus
764 3458 1028 3527 profugus
1080 3459 1226 3514 inter
1279 3462 1627 3531 imperatoris
1671 3467 1880 3521 excrci-

282 3557 398 3599 tum
429 3549 912 3604 annumerabatur.
968 3550 1071 3606 Hic
1102 3551 1318 3622 fugiens
1351 3554 1417 3608 ad
1472 3553 1671 3611 Persas
1718 3557 1874 3624 ahiit,

280 3639 612 3695 existimans
650 3656 746 3696 eos
793 3640 1167 3698 Romanorum
1215 3647 1677 3701 exterminaturos
1724 3665 1881 3702 exer-

281 3731 480 3786 citum.
528 3731 664 3786 Cum
727 3743 910 3790 autem
970 3735 1322 3791 formidinem
1366 3752 1558 3793 eorum
1620 3739 1874 3804 vidisset,

281 3833 410 3892 post
441 3824 710 3880 decimum
749 3826 892 3881 diem
937 3828 1134 3883 iterum
1187 3831 1253 3884 ad
1287 3830 1673 3900 imperatorem
1708 3833 1877 3900 venit,

280 3923 340 3968 et
393 3931 608 3970 omnem
657 3917 866 3988 liquido
917 3919 1286 3977 Barbarorum
1356 3939 1616 3992 pavorem
1681 3925 1876 3982 edixit.

282 4009 357 4060 At
399 4023 528 4063 vero
557 4009 835 4066 Sarharus
868 4013 1010 4067 ultra
1035 4016 1524 4070 commorationem
1559 4032 1666 4071 non
1704 4015 1881 4074 ferens

284 4116 314 4152 a
373 4109 558 4156 monte
615 4111 842 4160 coactus
896 4114 981 4159 est
1033 4106 1101 4160 ad
1159 4106 1408 4176 praelium
1464 4107 1760 4177 proﬁcisci.
1820 4108 1878 4164 In

284 4204 407 4248 tres
460 4203 645 4251 autem
701 4207 885 4267 partes
943 4197 1135 4255 divisis
1202 4201 1538 4257 exercitibus
1595 4203 1882 4260 descendit

286 4294 515 4355 repente
585 4287 941 4345 illucescente
1005 4290 1113 4356 die,
1179 4301 1307 4346 ante
1369 4294 1503 4348 solis
1562 4309 1876 4363 ascensum,

284 4389 631 4446 prmparatus
684 4380 751 4434 ad
790 4381 1018 4435 bellum.
1083 4383 1154 4437 At
1206 4383 1525 4455 imperator,
1585 4389 1881 4456 pra'sciens

285 4473 422 4536 hoc,
473 4474 692 4528 ordinat
726 4476 1010 4530 exercitus
1045 4475 1099 4530 in
1141 4483 1254 4533 tres
1294 4494 1448 4550 atque
1487 4479 1784 4551 phalanges
1815 4482 1883 4538 ad

285 4580 552 4634 pugnam.
631 4565 766 4622 Orto
847 4575 1030 4623 autem
1097 4569 1233 4633 sole,
1296 4579 1351 4625 et
1411 4571 1744 4642 imperatore
1815 4574 1884 4629 ad

283 4658 572 4712 Orientem
611 4669 853 4729 reperto,
874 4659 1074 4716 Persas
1099 4661 1480 4719 obtenebravit
1506 4665 1693 4719 radius
1721 4680 1882 4736 quem

280 4750 597 4805 adorabunt
643 4759 703 4805 ut
749 4751 943 4807 Demn.
999 4751 1302 4822 imperator
1348 4764 1531 4810 autem
1585 4756 1741 4810 tinxit
1789 4771 1888 4826 po-

279 4843 478 4914 pulum
545 4859 707 4899 suum
781 4845 942 4916 quasi
1008 4844 1063 4900 in
1127 4845 1310 4918 fugam
1367 4861 1611 4903 versum.
1679 4849 1748 4903 At
1807 4848 1885 4903 illi

284 4935 574 4991 solventes
616 4935 916 5006 phalanges
949 4939 1050 4994 hos
1095 4938 1215 4994 sine
1268 4940 1578 4995 retentione
1628 4940 1884 5010 persequi

282 5026 708 5084 existimabant.
764 5029 1033 5085 Conversi
1093 5046 1228 5100 ergo
1277 5029 1513 5086 Romani
1569 5031 1672 5087 hos
1729 5046 1887 5101 aequo

285 5119 480 5173 animo
526 5130 834 5185 verterunt,
888 5138 953 5177 ex
1001 5123 1087 5178 Itis
1132 5124 1321 5181 multis
1370 5127 1689 5195 peremptis.
1737 5124 1886 5181 Inse-

281 5220 524 5281 quentes
581 5221 763 5268 autem
816 5229 913 5270 eos
967 5217 1022 5270 in
1061 5227 1322 5278 montem,
1367 5218 1422 5270 in
1473 5217 1777 5288 praecipitia
1827 5225 1881 5274 et

281 5305 414 5357 loca
448 5301 603 5358 devia
629 5304 999 5371 immiserunt,
1046 5307 1263 5362 cunctis
1292 5307 1400 5362 illis
1427 5307 1705 5365 contritis.
1741 5309 1884 5364 Inter

281 5411 355 5449 ca
414 5393 714 5465 praecipitia
773 5412 902 5453 vero
950 5399 1127 5453 instar
1185 5415 1475 5471 caprarum
1533 5399 1876 5457 silvestrium

285 5487 678 5544 morabantur.
707 5487 908 5546 Multos
943 5499 1125 5546 autem
1155 5493 1318 5549 etiam
1352 5494 1601 5551 viventes
1635 5508 1888 5566 compre-

1979 3111 2118 3150 mus.
2167 3092 2378 3147 Stemus
2415 3091 2628 3160 fortiter
2669 3089 2920 3142 adversus
2957 3088 3222 3150 inimicos,
3265 3085 3354 3155 qui
3401 3087 3574 3138 multa

1978 3185 2102 3239 dira
2141 3185 2194 3238 in
2243 3182 2570 3238 Christianis
2611 3181 2817 3249 operati
2867 3187 3012 3234 sunt.
3065 3177 3418 3232 Reuereamur
3464 3171 3577 3228 Ro-

1979 3293 2257 3331 manorum
2298 3276 2598 3344 imperium,
2624 3271 2764 3344 quod
2805 3271 2890 3326 sui
2937 3273 3101 3340 ipsius
3133 3281 3180 3324 et
3215 3285 3317 3322 non
3350 3267 3573 3322 alterius

1979 3379 2054 3426 est
2089 3369 2316 3429 domini,
2365 3376 2416 3422 et
2457 3377 2656 3421 stemus
2700 3365 2952 3420 adversus
2995 3364 3170 3418 hostes
3220 3363 3400 3433 impiis
3452 3360 3570 3416 telis

1981 3473 2240 3534 armatos.
2258 3461 2553 3516 Induamus
2570 3460 2726 3530 fidem
2744 3459 3207 3526 iuteremptionum
3227 3454 3576 3525 interemptri-

1983 3573 2118 3610 cem.
2160 3553 2540 3624 Recogitemus,
2573 3551 2697 3621 quia
2721 3552 2863 3604 intra
2899 3549 3189 3604 Persarum
3223 3557 3418 3602 terram
3450 3561 3575 3601 con—

1981 3645 2242 3708 sistimus,
2275 3653 2324 3695 et
2361 3644 2541 3709 ingens
2599 3639 2727 3710 fuga
2754 3639 3049 3708 periculum
3080 3639 3203 3707 fert.
3237 3636 3574 3692 Vindicemus

1982 3736 2344 3804 corruptione:
2374 3729 2867 3830 virgiétum.Recisa
2884 3731 3308 3783 commilitonum
3340 3733 3576 3782 membra

1988 3837 2289 3884 nostrorum
2319 3821 2547 3880 ridente}
2576 3823 2824 3878 cordibus
2853 3821 3153 3876 doleamus.
3172 3821 3290 3874 Non
3323 3827 3446 3874 sunt
3465 3821 3575 3875 lucc

1985 3919 2189 3975 nullam
2228 3919 2341 3989 (50)
2379 3917 2665 3972 mercedem
2705 3915 2981 3976 habentia,
3041 3913 3132 3966 sed
3177 3913 3295 3967 uitta
3332 3912 3584 3982 perennis

1983 4011 2227 4082 prarmia.
2275 4007 2486 4062 Stemus
2511 4005 2759 4068 viriliter,
2787 4017 2834 4059 et
2859 4004 3115 4058 Dominus
3140 4001 3282 4055 Deus
3314 4001 3465 4056 nobis
3493 4017 3574 4055 ιὀο

1985 4104 2306 4175 operabitur,
2320 4110 2368 4156 et
2384 4101 2563 4171 perdet
2579 4099 2820 4155 inimicos
2841 4096 3154 4151 uostros.Cu
3165 4108 3324 4164 mque
3341 4093 3410 4147 im
3419 4107 3574 4163 pera-

1986 4203 2073 4252 tor
2104 4196 2188 4251 his
2221 4203 2276 4251 et
2301 4193 2424 4247 aliis
2459 4188 2883 4265 quamplurimis
2917 4183 3443 4242 commonitionibus
3467 4194 3566 4250 po-

1987 4289 2174 4360 pulum
2232 4285 2554 4342 exhortatus
2611 4291 2785 4350 esset,
2837 4277 3129 4343 respondit
3184 4276 3235 4331 ei
3271 4287 3416 4329 unus
3471 4287 3588 4344 pro-

1986 4383 2244 4438 omnibus
2283 4399 2295 4435 :
2330 4378 2656 4451 Expandisti
2689 4376 2994 4449 angustiam
3027 4370 3204 4427 cordis
3247 4367 3438 4431 nostri,
3473 4366 3574 4419 do-

1988 4478 2147 4541 mine,
2181 4492 2238 4530 os
2278 4484 2426 4529 tuum
2453 4475 2508 4529 in
2544 4472 2906 4528 admonitione
2971 4468 3244 4521 dilatatis.
3299 4461 3581 4517 Act/terunt

1987 4586 2251 4625 sermones
2284 4569 2359 4623 tui
2377 4567 2589 4639 gladios
2619 4573 2850 4627 nostros,
2870 4572 2917 4616 et
2946 4560 3041 4615 hos
3073 4562 3343 4614 animatos
3366 4555 3580 4626 operati

1987 4670 2132 4716 sunt.
2169 4660 2459 4730 Expedita:
2481 4675 2576 4712 nos
2613 4657 2717 4711 tuis
2745 4655 2911 4710 verbis
2932 4651 3240 4708 exh-ibuisti.
3287 4646 3573 4703 Erubesci-

1991 4774 2109 4811 mus
2150 4765 2198 4811 te
2237 4755 2547 4824 aspicientes
2578 4768 2674 4806 nos
2703 4752 2758 4804 in
2786 4748 2974 4820 pugnis
3010 4744 3323 4816 prazcedere,
3371 4750 3420 4796 et
3441 4740 3579 4811 jus-

1990 4850 2166 4904 sioues
2198 4857 2316 4902 tuas
2354 4849 2408 4900 in
2442 4842 2691 4900 omnibus.
2718 4855 3016 4912 sequemur.
3047 4836 3352 4909 imperator
3385 4841 3581 4888 autem.

1991 4939 2228 5006 sumptis
2265 4936 2475 4992 militiis
2515 4949 2640 4990 mox
2674 4933 2744 4989 ad
2793 4930 3074 4988 Persidem
3119 4928 3439 4985 interiorem
3474 4939 3576 4979 ac-

1990 5033 2178 5096 cessit,
2231 5031 2355 5102 igne
2382 5028 2714 5084 comburens
2759 5025 2926 5082 urbes
2961 5033 3016 5080 et
3044 5031 3248 5080 castra.
3278 5019 3367 5076 Fit
3399 5017 3573 5074 etiam

1989 5123 2078 5178 hic
2131 5121 2379 5176 terribile
2433 5119 2706 5191 quoddam
2763 5117 3095 5173 miraculum
3147 5133 3162 5171 :
3223 5115 3275 5168 in
3336 5107 3572 5165 mstivali

1991 5215 2191 5284 quippe
2211 5211 2452 5268 solstitio
2482 5226 2578 5267 aer
2605 5211 2807 5266 sudore
2837 5209 3016 5264 laetus
3038 5216 3124 5263 est
3148 5201 3422 5264 madidus,
3448 5197 3570 5254 anl-

1993 5323 2111 5362 mos
2142 5304 2521 5360 Romanorum
2551 5303 2830 5359 exercitus
2870 5313 3148 5361 recreans,
3183 5293 3321 5349 adeo
3350 5301 3410 5347 ut
3438 5290 3571 5346 hinc

1994 5415 2143 5468 spem
2169 5398 2431 5470 Optimam
2463 5403 2765 5454 sumerent.
2799 5393 3046 5450 Audiens
3099 5392 3363 5460 praeterea
3396 5384 3570 5439 Hera-

1995 5493 2136 5547 clius
2165 5491 2312 5564 quod
2369 5491 2644 5548 Chosroea
2675 5486 2818 5560 apud
2875 5483 3085 5540 Gazaco
3133 5478 3409 5536 civitatem
3438 5491 3566 5531 cum

1829 5584 2058 5644 ΝΟΤᾹῚ.

369 5675 482 5750 (50)
518 5678 732 5735 Nullam
770 5678 834 5735 Ρ.
873 5697 970 5752 pro
1004 5680 1192 5736 ullam.
