3950 6234
374 169 511 239 1303

1436 181 1831 244 ANASTASII
1877 184 2505 254 BIBLIOTHECARII
2564 174 2577 179 “

3495 197 3644 263 138i

371 284 734 361 quadraginta
786 288 1029 346 millibus
1058 290 1444 348 bellicosorum
1477 302 1625 350 esset
1668 296 1936 364 virorum,
1964 296 2020 369 Α
2041 300 2181 370 quod
2213 303 2408 357 militia
2435 303 2718 360 Persarum
2757 310 2811 363 in
2833 308 2998 365 deviis
3030 310 3163 368 locis
3203 328 3489 382 pererrans
3523 324 3648 370 tant

370 378 577 451 impetu
606 379 872 435 adversus
908 380 1060 436 illum
1092 384 1364 452 perrexit;
1413 392 1468 439 et
1522 387 1793 455 praemissi
1822 390 1947 459 qui-

368 468 493 525 dam
527 471 595 526 ab
624 486 691 526 eo
719 471 1119 529 Saracenorum
1182 476 1286 531 sibi
1334 475 1748 546 subjugatorum
1778 479 1949 537 Chos-

368 565 482 617 rois
526 572 827 617 occurrunt
882 565 1104 635 vigilite,
1128 574 1182 620 et
1217 566 1410 622 hcrttm
1429 567 1695 637 quosdam
1727 572 1946 626 occide-

366 658 513 713 runt,
535 653 803 718 quosdam
832 666 960 706 vero
1015 655 1378 725 compedibus
1414 656 1627 712 vinctos
1650 673 1772 713 cum
1806 675 1944 730 prte-

366 753 486 801 tore
508 745 750 815 ipsorum
776 748 1092 819 imperatori
1116 764 1610 821 praesentaverunt.
1644 757 1761 812 Hoc
1796 772 1946 812 com-

363 844 519 907 perto
544 834 841 905 Chosroes,
869 839 1131 895 derelicta
1159 849 1269 895 tam
1298 843 1521 900 civitate
1539 860 1702 915 quam
1723 846 1941 910 militia,

362 925 491 998 fuga
524 943 660 984 usus
693 938 796 985 est.
826 930 927 984 Ast
966 947 1094 987 vero
1139 932 1423 991 lleraclius
1462 936 1748 993 insecutus
1783 954 1945 1008 quos-

361 1016 487 1072 dam
516 1029 925 1092 praeoccupatos
960 1026 1163 1080 occidit
1194 1044 1208 1081 :
1236 1028 1417 1082 caeteri
1446 1037 1631 1083 autem
1662 1029 1761 1084 hac
1791 1029 1946 1084 illac-

364 1126 472 1181 que
504 1114 752 1182 palantes
804 1114 1061 1184 dissipati
1102 1127 1251 1173 sunt.
1305 1117 1554 1189 Cumque
1607 1121 1943 1189 pervenisset

362 1202 662 1274 imperatur
685 1206 750 1261 ad
777 1206 1174 1264 Gazacensium
1199 1210 1503 1277 civitatem,
1528 1212 1581 1266 in
1609 1213 1941 1269 suburbanis

358 1296 530 1366 hujus
557 1297 834 1355 reficiebat
859 1303 1165 1357 exercitum
1195 1319 1381 1359 suum.
1421 1303 1606 1360 Persae
1652 1320 1801 1371 vero,
1844 1304 1938 1375 qui

360 1390 724 1461 confugerant
777 1394 843 1448 ad
878 1410 1023 1461 eum,
1076 1396 1433 1465 perhibebant
1482 1399 1627 1467 quod
1663 1398 1938 1455 Chosroes

362 1479 579 1551 fugiens
604 1482 728 1552 igne
750 1488 1158 1554 consumpserit
1188 1487 1371 1541 omnia
1403 1497 1523 1543 sata
1560 1489 1611 1543 in
1640 1489 1781 1545 locis
1804 1490 1934 1558 illis,

360 1579 412 1627 et
441 1575 752 1642 pervenerit
779 1574 851 1649 ad
896 1577 1175 1632 civitatem
1211 1575 1560 1633 Thebarman
1614 1580 1667 1634 in
1715 1580 1940 1636 Oriente

362 1666 549 1730 sitam,
584 1666 772 1736 inqua
821 1647 941 1723 erat
981 1669 1240 1740 templum
1276 1668 1421 1740 Ignis
1489 1682 1653 1743 atque
1689 1674 1941 1742 pecunia:
1973 1647 2013 1703 Β

359 1756 536 1831 Crmsi
578 1757 860 1829 Lydorum
898 1763 1043 1831 regis
1071 1771 1124 1819 et
1153 1778 1311 1818 error
1345 1780 1677 1835 prunarum.
1716 1766 1815 1824 liis
1847 1782 1941 1824 ac-

361 1852 534 1920 ceptis
568 1853 635 1905 ad
671 1864 854 1922 partes
905 1853 1205 1925 Dastagerd
1240 1857 1343 1911 iter
1389 1860 1602 1929 agebat.
1637 1860 1942 1929 Imperator

360 1955 546 1998 autem
599 1946 880 2016 profectus
923 1962 953 2001 a
1005 1948 1404 2006 Gazacensium
1449 1952 1670 2007 civitate
1694 1954 1941 2023 pervenit

362 2035 757 2104 Tltebarmeso,
787 2048 841 2094 et
890 2041 1172 2110 ingressus
1206 2042 1259 2095 in
1297 2058 1416 2098 eam
1444 2044 1564 2114 igne
1596 2046 1940 2116 consumpsit

360 2130 619 2201 templum
648 2131 818 2201 Ignis,
850 2141 905 2186 et
931 2139 1041 2185 tota
1082 2135 1305 2189 civitate
1334 2136 1457 2206 igne
1489 2138 1777 2193 combusta
1812 2155 1938 2208 per-

359 2230 587 2279 secutus
616 2235 700 2277 est
724 2231 847 2293 post
874 2224 1159 2280 Chosroen
1186 2225 1241 2281 in
1268 2229 1541 2296 angustiis
1563 2231 1803 2301 regionis
1825 2231 1938 2288 Meo

357 2313 577 2368 dorum.
610 2312 889 2375 Chosroes
944 2325 1127 2372 autem
1161 2320 1216 2373 in
1263 2317 1350 2373 his
1376 2320 1588 2376 duabus
1621 2325 1937 2394 regionibus

356 2403 572 2458 deloco
605 2403 659 2458 in
694 2404 875 2459 locum
914 2421 1211 2477 peragrans
1252 2408 1525 2475 latitahat,
1561 2418 1615 2467 et
1648 2411 1934 2470 Ileraclius

356 2495 505 2551 hunc
560 2511 898 2567 persequens
940 2500 1143 2555 multas
1199 2502 1456 2558 civitates
1510 2501 1826 2560 devastavit
1880 2515 1936 2562 et

355 2588 630 2659 regiones.
662 2589 1004 2645 Hiemevero
1045 2592 1342 2649 accedente
1372 2597 1663 2650 consilium
1698 2597 1934 2653 faciebat

357 2680 581 2734 ubinam
608 2678 873 2734 hiemaret
900 2695 1024 2734 cum
1059 2683 1300 2750 populo;
1333 2691 1386 2736 et
1422 2684 1646 2754 quidam
1679 2687 1732 2741 in
1764 2687 1937 2743 Alba-

354 2771 500 2826 niam
528 2770 910 2841 perhibebant,
941 2772 1163 2842 quidam
1206 2788 1336 2829 vero
1372 2786 1569 2847 contra
1594 2776 1775 2847 ipsum
1803 2793 1932 2846 pro-

353 2877 549 2934 perare
576 2862 879 2919 Cltosroen.
938 2864 1041 2923 Ast
1094 2866 1393 2935 imperator
1440 2865 1614 2936 jussit
1664 2869 1929 2939 populum

354 2956 536 3013 tribus
555 2955 752 3013 diebus
772 2956 1020 3012 divinum
1043 2959 1328 3014 oraculum
1358 2959 1764 3028 praestolantem
1781 2971 1932 3017 caste

353 3064 419 3105 ac
443 3049 656 3121 puriter
696 3051 1045 3116 conversari,
1088 3051 1280 3122 sicque
1310 3066 1579 3120 responso
1611 3062 1842 3124 accepto
1878 3055 1933 3109 in

350 3144 586 3199 Albania
615 3144 795 3200 hieme
828 3144 1183 3200 commorari.
1239 3143 1379 3199 Dum
1414 3161 1547 3200 vero
1589 3146 1721 3200 illuc
1747 3146 1937 3209 abiens

348 3239 460 3292 iter
488 3246 697 3307 ageret,
729 3237 939 3293 habens
964 3252 1152 3291 secum
1184 3237 1462 3307 cepiosam
1486 3238 1772 3293 Persarum
1795 3254 1936 3308 prie.

352 3328 502 3394 dam,
540 3329 684 3383 haud
726 3342 931 3397 paucos
953 3328 1212 3383 incursus
1253 3343 1281 3380 a
1305 3326 1544 3384 Persicis
1591 3332 1783 3385 cuneis
1814 3345 1938 3405 per-

353 3419 503 3474 tulit.
528 3417 649 3488 Ipse
676 3432 804 3473 vero
840 3418 1027 3473 divina
1075 3419 1461 3490 cooperatione
1498 3420 1835 3491 triumphum
1870 3423 1937 3480 de

352 3509 615 3564 omnibus
639 3510 786 3563 tulit.
825 3508 1099 3567 Praeterea
1142 3526 1266 3565 cum
1305 3512 1601 3568 vehemens
1637 3523 1936 3584 tempestas

352 3615 522 3670 super
547 3615 671 3656 eum
699 3601 989 3656 cecidisset
1017 3602 1070 3657 in
1096 3603 1205 3667 via,
1238 3614 1292 3659 et
1323 3602 1471 3658 hunc
1495 3605 1616 3674 gelu
1657 3620 1937 3674 praeoccu-

353 3699 547 3761 passet
590 3692 645 3745 in
678 3692 936 3758 Albania,
965 3692 1301 3764 haberetque
1327 3696 1726 3767 quinquaginta
1762 3697 1932 3751 millia

348 3780 780 3846 vinculatnrum,
807 3782 1168 3853 coittpatienti
1195 3783 1500 3841 cordeesuo
1535 3788 1795 3842 misertus
1815 3788 1935 3842 vin-

348 3873 472 3929 cula
505 3874 783 3935 dissolvit.
816 3874 1156 3946 diligentiam
1186 3877 1405 3939 tribuit,
1439 3885 1493 3932 et
1525 3879 1770 3948 requiem
1828 3879 1937 3932 im-

350 3964 582 4036 pertittts
606 3974 709 4030 est,
745 3966 820 4020 ita
869 3976 927 4020 ut.
960 3982 1152 4022 omnes
1194 3983 1317 4023 cum
1354 3968 1608 4040 lacrymis
1640 3977 1934 4025 exorarent

349 4056 517 4114 etiam
541 4056 785 4114 Persidis
807 4073 932 4113 eum
970 4059 1083 4114 fieri
1116 4060 1491 4128 liberatorem,
1515 4058 1706 4116 mundi
1752 4070 1935 4139 exter-

351 4151 678 4207 minatorem
699 4152 1064 4206 trucidantem
1096 4151 1403 4208 Cltosroen.

418 4242 577 4299 Anno
630 4243 845 4314 imperii
879 4241 1111 4299 Heraclii
1164 4256 1362 4314 quarto
1400 4245 1617 4301 decimo
1646 4245 1925 4304 Chosroes

351 4329 727 4404 Sarablaggan
764 4343 1050 4404 praetorem
1086 4336 1394 4401 constituit,
1427 4336 1606 4389 virum
1642 4336 1925 4393 facinoro-
1963 4360 2010 4417 ι)
2042 4329 2324 4418 ίηεέρηιυδ
2365 4329 2779 4420 ,ηυιιίωίηιίεωί
2816 4329 2882 4423 ἐκ

348 4442 473 4485 sum
501 4438 554 4482 et
573 4427 742 4499 typho
768 4427 1000 4481 multum
1045 4427 1272 4490 elatum,
1304 4428 1640 4500 tradensqtte
1672 4431 1722 4486 ei
1759 4447 1923 4487 exer-

348 4522 540 4583 citum,
582 4535 679 4576 eos
712 4520 967 4576 videlicet
996 4521 1087 4591 qui
1122 4520 1386 4575 dicuntur
1411 4521 1834 4591 Chosruhegem
1862 4541 1926 4581 ac

348 4611 632 4679 Perozitte,
667 4611 721 4667 in
753 4613 1041 4666 Albaniam
1076 4613 1274 4667 direxit
1303 4614 1567 4670 adversus
1586 4613 1919 4673 ﬂerat-lium.

324 4702 594 4774 Cumque
630 4703 866 4774 ingressi
892 4713 1078 4759 essent
1113 4704 1167 4758 in
1210 4705 1343 4762 [lues
1371 4707 1634 4772 Albaniae,
1663 4700 1769 4762 nun
1791 4717 1923 4764 sunt

345 4796 466 4852 ausi
494 4797 561 4851 ad
600 4797 909 4853 bellandum
943 4807 1070 4853 ante
1124 4801 1319 4854 faciem
1354 4800 1699 4873 imperatoris
1747 4813 1918 4869 stare,

346 4889 442 4943 sed
472 4887 759 4945 clausuras
792 4899 1088 4946 tenuerunt
1114 4909 1235 4963 qua:
1266 4897 1472 4948 ducunt
1536 4896 1591 4950 in
1620 4896 1918 4965 Persidem,

344 4980 675 5037 extimantes
717 4983 765 5038 ei
789 4983 1094 5041 obsidendo
1134 4986 1409 5042 insidiari.
1452 4987 1522 5043 At
1579 5005 1710 5046 vero
1745 4991 1920 5048 Hera-

342 5073 504 5139 clius,
538 5088 662 5129 cum
698 5090 826 5131 mox
858 5091 952 5132 ver
977 5080 1325 5144 accessisset,
1354 5083 1636 5152 profectus
1660 5085 1727 5140 de
1752 5086 1921 5141 Alba-

340 5165 433 5220 nia
485 5180 582 5237 per
616 5164 811 5239 thios
851 5184 1075 5240 campos
1100 5181 1155 5227 et
1193 5175 1338 5231 escis
1372 5176 1596 5246 largiter
1632 5178 1917 5235 affluentes

336 5260 632 5313 transitum
677 5260 729 5315 in
779 5261 1059 5317 Persidem
1091 5262 1348 5331 faciebat,
1382 5267 1507 5323 licet
1541 5270 1916 5340 longinquitas

338 5350 524 5406 multa:
556 5355 794 5423 spatium
847 5354 946 5410 vite
993 5359 1347 5428 transegerit.
1384 5359 1751 5434 Sarahlaggas
1784 5381 1915 5420 vero

339 5458 437 5513 per
466 5443 690 5501 Arotutn
721 5448 823 5503 iter
872 5459 1061 5521 utpote
1118 5455 1572 5521 compendiosum
1608 5459 1911 5528 satagebat,

339 5543 400 5587 ut
424 5550 972 5608 prmoccupateteum
996 5543 1051 5598 in
1081 5544 1325 5601 Persidis
1352 5550 1592 5619 regione.
1621 5547 1912 5607 Heraclius

339 5633 524 5680 autem
540 5630 796 5686 monebat
835 5638 1097 5705 populum
1129 5640 1351 5696 dicens:
1378 5639 1658 5709 Norimus,
1686 5643 1906 5713 fratres,

2048 409 2235 463 equum
2255 412 2440 451 eorum
2467 399 2726 455 dissolvat
2755 417 2916 472 quam
2941 404 3084 471 ipsos
3111 416 3340 463 enervet.
3385 406 3502 463 Nos
3532 425 3649 463 ait-

2051 496 2152 543 tem
2202 488 2510 558 festinemus
2569 505 2759 548 contra
2820 494 3091 551 Chosroes:
3136 513 3426 567 properare
3481 500 3652 558 ualde

2048 582 2309 648 celeriter,
2342 593 2401 636 ut
2429 599 2495 638 ea:
2527 586 2814 655 improviso
2836 588 3100 645 irruentes
3132 591 3185 644 in
3206 607 3330 645 eum
3357 593 3648 649 turbem“

2052 674 2226 731 illum.
2258 677 2329 730 At
2360 693 2492 734 vero
2523 681 2758 750 populus
2804 682 3125 749 ltujusmodi
3173 687 3475 755 spernebat
3499 703 3649 743 con-

2053 768 2260 832 silium,
2300 776 2355 825 et
2381 771 2618 826 maxime
2646 771 2915 828 Lazorum
2955 785 3011 830 et
3042 775 3433 849 Ilahasgorttrn
3458 790 3652 851 latque

2051 859 2379 917 Hiberorum
2412 872 2847 922 concertatores.
2888 866 3028 923 Ilinc
3065 868 3120 924 in
3178 886 3459 928 aerumnas
3494 875 3651 929 inci-

2049 954 2189 1010 dunt
2216 973 2230 1008 :
2260 956 2508 1025 pervenit
2527 957 2672 1012 enim
2698 966 2752 1011 et
2776 957 3114 1016 Sarbarazas
3135 976 3261 1016 cum
3283 966 3492 1033 populo
3509 982 3647 1034 suo,

2047 1063 2190 1118 quos
2212 1051 2358 1104 omni
2395 1052 2630 1104 armavit
2683 1052 2887 1108 virtute
2913 1052 3190 1110 Chosroes
3221 1065 3277 1111 et
3328 1057 3647 1116 destinavit

2050 1157 2146 1212 per
2198 1142 2513 1197 Armeniam
2553 1143 2823 1217 adversus
2871 1144 3208 1203 Heraclium.
3260 1148 3647 1224 Sarablaggas

2051 1252 2181 1292 vero
2217 1238 2545 1305 sequebatur
2592 1248 2715 1310 post
2760 1250 2973 1313 tergum
3006 1242 3270 1313 Heraclii,
3320 1255 3381 1302 et
3412 1264 3525 1303 non
3550 1258 3647 1305 est

2052 1345 2176 1384 eum
2188 1345 2256 1385 eo
2280 1331 2331 1384 in
2356 1332 2671 1387 conflictum
2689 1347 2971 1404 egressus,
2993 1349 3325 1405 exspectans
3345 1343 3493 1396 uniri
3508 1342 3649 1396 Saro

2050 1423 2268 1479 harazaz
2304 1434 2359 1479 et
2392 1423 2466 1478 ita
2493 1425 2835 1481 constituere
2875 1429 3152 1495 praelium.
3190 1429 3427 1501 Cognito
3453 1442 3644 1489 autem

2050 1510 2625 1569 RomaniSarbaraza:
2647 1514 2854 1585 impetu
2882 1516 2951 1569 ad
2979 1527 3179 1572 metum
3203 1522 3463 1575 conversi
3483 1533 3644 1590 sunt,

2047 1615 2105 1660 et
2129 1604 2195 1659 ad
2248 1603 2789 1674 pedesimperatoris
2814 1620 2940 1661 cum
2977 1607 3644 1679 Iaerymisprociderunt,

2046 1696 2282 1752 scientes
2300 1694 2461 1765 quale
2484 1696 2685 1750 malum
2710 1697 2782 1750 sit
2811 1712 2918 1752 non
2943 1700 3140 1753 cedere
3174 1713 3396 1754 servum
3426 1701 3647 1757 domini

2044 1789 2456 1853 voluntatibus,
2490 1796 2545 1843 et
2572 1789 2949 1858 paenitentiam
2980 1799 3204 1861 agentes
3235 1808 3405 1863 super
3442 1794 3648 1851 iuobe—

2043 1883 2247 1938 dientia
2271 1896 2391 1944 sua,
2411 1896 2575 1952 quam
2593 1883 2842 1951 nequiter
2863 1891 3338 1953 perpetraverant,
3388 1894 3445 1941 et
3486 1885 3650 1943 dice-

2042 1973 2174 2028 bant
2197 1990 2212 2027 :
2238 1971 2459 2027 Manum
2479 1982 2625 2026 tuam
2643 1972 2736 2037 da,
2778 1973 3009 2039 domine,
3029 1975 3345 2046 priusquam
3358 1992 3646 2045 pereamus

2042 2064 2224 2117 miseri
2256 2079 2275 2117 :
2311 2062 2546 2117 cedimus
2596 2062 2736 2117 enim
2759 2062 2854 2116 tibi
2884 2064 2939 2117 in
2955 2063 3351 2134 quibuscunque
3373 2081 3646 2134 praecepe-

2042 2156 2139 2207 ris.
2169 2152 2325 2208 Tunc
2351 2154 2653 2223 imperator
2672 2153 3003 2209 acceleravit
3024 2154 3289 2224 congredi
3311 2170 3440 2210 cum
3464 2154 3639 2210 Sara-

2038 2248 2255 2323 blagga,
2276 2247 2592 2318 priusquam
2619 2246 2873 2303 uniretur
2898 2246 3105 2318 populo
3127 2246 3353 2303 Sarbari
3376 2266 3393 2315 ;
3419 2257 3479 2304 et
3499 2248 3640 2303 mul-

2046 2342 2120 2398 tis
2154 2341 2570 2397 incursionibus
2598 2339 2867 2397 adversus
2906 2355 3033 2407 eum
3063 2340 3227 2396 factis
3258 2352 3422 2398 nocte
3453 2356 3524 2396 ac
3548 2341 3644 2397 die

2038 2434 2186 2489 hunc
2206 2435 2261 2488 in
2286 2432 2633 2487 formidinem
2659 2433 2886 2504 pepulit,
2912 2441 2970 2488 et
2994 2441 3143 2488 retro
3168 2433 3422 2503 utrisque
3436 2432 3641 2488 dimis-

2037 2527 2115 2583 sis
2151 2533 2346 2580 contra
2376 2524 2666 2579 Cbosroen
2726 2523 3007 2584 velociter.
3027 2524 3308 2584 insecutus
3340 2534 3453 2582 est.
3522 2526 3644 2580 Duo

2040 2632 2170 2673 vero
2196 2632 2263 2672 ex
2296 2615 2558 2671 Romanis
2576 2631 2637 2673 se
2662 2615 2729 2669 ad
2746 2614 2948 2672 Persas
2969 2615 3276 2683 conferunt,
3305 2625 3363 2672 et
3392 2632 3646 2687 persuao

2035 2711 2167 2766 dent
2222 2710 2304 2764 eis
2346 2708 2579 2764 credere
2643 2707 2919 2765 Romanos
2957 2725 3027 2765 ex
3067 2708 3357 2766 formidine
3410 2709 3644 2783 fugere-

2036 2800 2278 2872 Contigit
2302 2809 2488 2868 autem
2520 2801 2604 2857 eis
2629 2813 2686 2857 et
2720 2802 2893 2857 alium
2924 2802 3115 2859 audire
3153 2818 3464 2867 rumorem,
3500 2804 3641 2860 Sail

2037 2893 2248 2950 scilicet
2286 2894 2538 2963 prmtoris
2586 2894 2882 2951 Persarum
2912 2895 3204 2950 adventum
3233 2911 3361 2951 cum
3391 2897 3508 2952 alia
3536 2900 3642 2953 mi-

2042 2985 2157 3040 litia
2187 2985 2241 3038 in
2268 2984 2554 3040 aur-ilium.
2575 2982 2641 3038 Et
2691 2984 2794 3040 hoc
2846 2994 3132 3055 comperto
3171 2985 3549 3059 Sarahlaggas
3578 2998 3639 3044 et

2045 3076 2323 3133 Sarbarus
2353 3075 2713 3130 decertabant
2735 3075 3050 3131 Heraclium
3093 3077 3359 3148 instigare
3386 3080 3454 3135 ad
3488 3096 3635 3147 prte-

2040 3168 2197 3230 limn.
2230 3168 2551 3236 priusquam
2580 3168 2889 3236 perveniret
2919 3167 3050 3222 Sain
3091 3178 3147 3225 et
3177 3170 3233 3224 in
3263 3185 3324 3225 se
3348 3172 3634 3226 transfer-

2038 3267 2123 3314 ret
2157 3257 2396 3313 victoria:
2422 3258 2677 3329 gloriam.
2704 3256 3005 3315 Credentes
3035 3276 3259 3330 quoque
3284 3277 3344 3315 ex
3369 3261 3630 3331 profugis

2036 3358 2404 3422 preperarunt
2422 3352 2691 3407 adversus
2723 3350 3064 3418 IIeraelium,
3096 3363 3151 3409 et
3175 3354 3630 3424 appropinquan-

2039 3451 2122 3498 tes
2168 3444 2218 3499 ei
2268 3452 2449 3498 castra
2492 3444 2680 3498 metati
2715 3453 2869 3507 sunt,
2912 3445 3160 3501 volentes
3207 3447 3261 3500 in
3291 3463 3409 3500 cum
3455 3449 3636 3503 simul

2041 3550 2171 3591 cum
2194 3551 2354 3591 mane
2382 3536 2618 3592 irruere.
2655 3539 2753 3593 Ast.
2788 3536 3079 3592 Heraclius
3112 3538 3393 3609 profectus
3438 3556 3466 3591 a
3535 3555 3638 3594 ve-

2041 3644 2203 3699 spera
2234 3629 2337 3684 iter
2360 3628 2490 3685 fecit
2518 3644 2614 3695 per
2638 3637 2807 3684 totam
2823 3636 3065 3696 noctem,
3096 3638 3153 3685 et
3190 3634 3383 3702 procul
3405 3630 3640 3688 effectus

2040 3720 2238 3792 abzeis,
2298 3721 2831 3777 inventoherbifero
2859 3736 3083 3794 campo.
3146 3732 3333 3779 castra
3390 3733 3639 3781 metatus

2038 3822 2125 3870 est
2170 3815 2226 3868 in
2281 3828 2366 3868 eo.
2422 3813 2595 3869 Porro
2635 3814 2861 3871 Barbari
2900 3818 3323 3873 exsistimantes
3380 3833 3512 3872 eum
3565 3835 3638 3873 ex

2042 3905 2333 3962 formidine
2394 3905 2604 3977 fugere.
2668 3907 3044 3977 incomposite
3108 3910 3512 3979 sequebantur,
3576 3920 3637 3964 ut

2038 3995 2574 4066 comprehenderent
2610 3997 2789 4052 illum.
2835 3997 2959 4068 Ipse
3002 4008 3187 4055 autem
3211 4015 3524 4056 occurrens
3548 4002 3637 4056 eis

2038 4087 2241 4149 bellum
2304 4089 2424 4144 iniit
2465 4089 2732 4146 adversus
2789 4091 2934 4157 illos,
2978 4102 3034 4147 et
3089 4094 3439 4164 apprehenso
3486 4096 3636 4150 colle

2038 4181 2275 4250 quodam
2321 4196 2636 4243 nemoroso.
2680 4194 3124 4254 coacervatoque
3145 4186 3348 4256 popqu
3383 4187 3440 4241 in
3478 4187 3632 4256 ipso,

2037 4273 2426 4343 cooperatione
2456 4271 2552 4330 Dei
2589 4273 2863 4332 Barbarus
2886 4279 3070 4341 vertit,
3091 4287 3143 4333 et
3169 4294 3267 4348 per
3294 4276 3489 4334 fauces
3527 4280 3635 4337 hos

2928 4367 3018 4424 Itis
3068 4370 3351 4438 cepiosam
3393 4370 3632 4425 occidit.

2039 4456 2197 4512 Cadit
2228 4468 2410 4511 autem
2470 4465 2524 4513 ct
2572 4458 2936 4530 Sarablaggas
2994 4476 3128 4517 ense
3186 4461 3521 4518 vulneratus
3572 4463 3632 4518 in

2036 4548 2219 4602 dorso.
2247 4548 2450 4605 Etcum
2472 4551 2523 4604 hi
2540 4552 2682 4605 inter
2703 4567 2906 4619 agones
2928 4561 3136 4618 essent,
3164 4555 3415 4624 pervenit
3438 4555 3618 4609 etiam

2038 4640 2167 4694 Sain
2195 4655 2318 4696 cum
2353 4641 2594 4697 exercitu
2628 4657 2751 4697 suo.
2788 4641 2857 4697 Et
2888 4644 2993 4697 hoc
3025 4660 3187 4699 verso
3212 4646 3547 4715 imperator.
3571 4655 3633 4701 et

2035 4744 2101 4783 ex
2131 4730 2215 4784 his
2254 4730 2699 4797 multisoecisis,
2735 4734 2977 4804 reliquos
3014 4732 3291 4805 fugitantes
3320 4736 3629 4806 dispersit.

2033 4821 2189 4891 Cepit
2209 4838 2429 4894 quoque
2452 4833 2507 4881 et
2534 4836 2859 4895 apparatum
2892 4830 3127 4885 sarcinae
3153 4828 3422 4898 ipsorum.
3444 4828 3634 4887 Porro

2032 4913 2365 4971 Sarbarazas
2397 4917 2586 4972 unitus
2616 4915 2747 4973 Sain
2777 4920 2998 4989 collegit
3032 4918 3331 4983 Barbaros,
3364 4921 3463 4989 qui
3502 4925 3631 4976 salo

2031 5007 2142 5062 vati
2174 5006 2411 5072 fuerant,
2445 5017 2494 5063 et
2524 5008 2720 5064 iterum
2771 5010 3140 5082 disponebant
3179 5022 3374 5067 contra
3436 5011 3629 5068 Hera-

2030 5101 2195 5156 clium
2229 5100 2527 5172 proficisci.
2559 5102 2660 5159 Ast
2691 5102 2993 5174 imperator
3025 5105 3078 5159 in
3111 5107 3339 5178 regione
3378 5106 3627 5163 Hunno-

2029 5207 2151 5246 rum
2186 5200 2241 5247 et
2271 5208 2366 5262 per
2385 5194 2578 5247 horum
2605 5195 2724 5249 loca
2755 5195 2996 5251 (liliicilia
3026 5196 3327 5253 festinabat
3348 5200 3405 5254 in
3449 5214 3627 5269 ape-

2027 5281 2105 5336 ris
2129 5282 2263 5340 Iocis
2293 5297 2356 5337 ac
2389 5281 2586 5349 deviis,
2650 5283 2875 5339 Barbari
2908 5302 3037 5343 vero
3071 5290 3449 5359 sequebantur
3481 5299 3624 5360 post

2025 5389 2176 5429 eum.
2208 5372 2381 5429 Porro
2440 5374 2568 5431 Lazi
2608 5392 2714 5432 una
2775 5394 2901 5433 cum
2955 5380 3191 5451 Abasgis
3240 5383 3620 5441 formidantes

2025 5466 2415 5523 subduxerunt
2468 5484 2528 5524 se
2567 5470 2635 5524 ab
2665 5474 2873 5528 auxilio
2900 5472 3302 5541 Romanorum,
3342 5484 3398 5531 et
3427 5477 3484 5530 in
3516 5492 3619 5533 re-

2021 5558 2241 5629 gionem
2277 5575 2431 5616 suam
2456 5564 2663 5619 reversi
2690 5574 2842 5621 sunt.
2876 5564 3005 5622 Sain
3034 5575 3220 5622 autem
3265 5568 3368 5623 hoc
3398 5568 3611 5623 adver-

2022 5658 2143 5707 lens
2171 5650 2358 5709 furore
2395 5655 2564 5711 multo
2604 5672 2709 5715 una
2735 5673 2863 5715 cum
2893 5658 3131 5717 Sarbaro
3163 5661 3613 5734 persequebatur
