3906 6226
240 241 378 309 1305

1028 253 1391 316 HISTORIA
1435 257 2016 322 ECCIESIAS’I‘ICA
2038 263 2142 326 EX
2179 265 2665 329 THEOPHANE.

3356 265 3501 330 1306

239 356 572 452 lteracllum.
603 359 747 418 Sane
779 363 1076 436 imperator
1098 377 1320 421 caterva
1367 369 1596 423 collecta
1632 372 1812 426 verbis
1843 380 1886 434 Α
1921 391 2157 446 namque
2191 379 2291 434 via:
2338 379 2442 435 sibi
2493 378 2840 448 adjaeebant,
2891 388 3138 452 angustae
3191 394 3255 436 ac
3298 379 3494 444 deviae,

237 448 338 506 bos
363 451 692 511 exhortatus
710 464 793 510 est
818 467 869 510 et
887 459 1185 513 monimiue
1216 459 1485 524 delinivit,
1513 463 1768 531 inquiens
1795 479 1811 518 :

144 551 202 581 ’θ’
243 544 528 602 Multitudo
559 565 671 611 vos,
701 550 918 618 fratres,
949 553 1284 606 inimicorum
1309 570 1411 607 non
1451 556 1666 608 turbet:
1708 556 1814 612 Deo

234 639 422 709 quippe
469 639 674 693 volatile
723 658 858 696 unus
914 656 1255 711 persequetur
1292 645 1457 698 mille.
1511 644 1812 704 Mactenms

236 749 360 800 ergo
417 734 765 802 nosmetipsos
817 750 911 803 pro
965 737 1138 790 salute
1181 737 1412 804 fratrum
1473 747 1814 804 nostrorum;

237 840 510 879 sumamus
545 841 795 879 coronam
841 839 1156 895 martyrum,
1187 846 1285 899 quo
1339 839 1388 883 et
1443 832 1683 898 futurum
1719 850 1814 888 nos

237 930 440 986 tempus
468 917 647 971 laudet
677 931 726 972 et
756 921 893 973 Dens
925 921 1112 974 reddat
1160 925 1440 976 mercedes.
1479 923 1576 978 His
1605 934 1658 979 et
1693 927 1815 983 aliis

233 1009 487 1078 pluribus
527 1010 706 1063 verbis
739 1011 1028 1065 audaciam
1061 1015 1329 1068 exercitui
1384 1016 1696 1083 conferens,
1734 1019 1815 1071 hi-

237 1101 336 1153 lari
364 1102 512 1153 vultu
568 1101 812 1170 praelium
855 1103 1096 1158 ordinat.
1132 1107 1198 1159 Et
1255 1105 1531 1162 distantes
1565 1109 1634 1162 ab
1673 1109 1814 1163 invi-

234 1206 353 1246 cem
385 1193 678 1248 intervallo
703 1195 906 1265 pusillo
933 1212 964 1250 a
1015 1213 1176 1253 mane
1210 1215 1388 1268 usque
1431 1201 1497 1255 ad
1527 1217 1813 1272 vesperam

233 1284 476 1355 aggressi
513 1301 619 1340 non
644 1296 774 1342 sunt
813 1289 866 1342 in
900 1289 1248 1345 alterutrum.
1284 1291 1526 1362 Vespere
1553 1308 1683 1348 vero
1725 1308 1818 1348 ar-

233 1387 389 1446 repto
419 1378 718 1447 imperator
741 1379 941 1435 itinere
966 1384 1251 1453 pergebat.
1290 1383 1519 1440 Barbari
1539 1401 1667 1440 vero
1693 1394 1816 1456 post

231 1485 356 1524 enim
391 1471 589 1525 iterant
646 1475 1047 1542 sequebantur,
1083 1484 1138 1531 et
1197 1486 1612 1534 commutantes
1672 1478 1814 1532 viam

231 1563 378 1616 hunc
403 1579 781 1634 praeoccupare
807 1567 1050 1623 volentes
1084 1568 1336 1624 incidunt
1376 1571 1432 1625 in
1471 1571 1590 1626 loca
1643 1573 1816 1642 palu-

229 1655 385 1720 sti-ia,
429 1662 482 1710 et
515 1657 834 1713 aberrantes
880 1661 934 1714 in
996 1677 1255 1731 magnum
1306 1663 1605 1717 discrimen
1649 1664 1813 1718 deve-

231 1745 410 1801 niunt.
436 1747 742 1818 Imperator
769 1767 898 1806 vero
922 1757 1203 1810 transiens
1234 1755 1369 1810 fines
1397 1755 1690 1812 Persarum
1719 1771 1815 1824 per

230 1841 547 1895 Armeniam
576 1843 925 1913 peragrabat.
956 1845 1092 1900 Cum
1139 1859 1320 1903 autem
1355 1855 1502 1903 terra
1539 1849 1627 1902 illa
1655 1858 1816 1904 tene-

229 1940 382 1988 retur
416 1947 447 1986 a
487 1932 692 1997 Persis,
729 1937 886 1990 multi
919 1953 1044 1992 cum
1095 1939 1335 1994 Sarbaro
1387 1952 1814 2009 concurrerunt,

231 2037 294 2079 ac
336 2040 431 2090 per
464 2025 566 2080 hoe
600 2027 774 2081 crevit
809 2029 1048 2098 populus
1107 2029 1250 2098 ejus.
1305 2028 1578 2086 Praeterea
1638 2033 1817 2090 hieme

231 2115 526 2170 accedente
548 2117 1240 2188 dispersitmultitudinem
1274 2137 1371 2192 per
1392 2124 1512 2178 loca
1541 2125 1814 2194 ipsorum,

229 2215 290 2263 ut
350 2210 767 2278 requiescerent
797 2211 850 2266 in
884 2212 1141 2267 domibus
1195 2214 1334 2268 suis.
1381 2213 1502 2282 Quo
1537 2229 1816 2288 comperto

230 2300 519 2358 Heraclius
551 2315 715 2358 noctu
753 2304 925 2358 furari
963 2305 1335 2361 meditabatur
1386 2309 1611 2365 bellum.
1647 2311 1813 2366 Cum-

228 2412 335 2467 que
363 2396 524 2451 turbo
559 2397 910 2466 tempestatis
937 2398 1154 2453 adesset
1192 2407 1246 2453 et
1287 2398 1527 2455 Sarbaro
1564 2402 1815 2472 suspicio

227 2491 380 2546 nulla
449 2491 818 2553 incumberet,
855 2490 1046 2544 electis
1105 2490 1512 2548 robustissimis
1553 2493 1712 2562 equis
1760 2501 1815 2549 et

227 2579 556 2636 fortioribus
611 2581 680 2635 ab
719 2582 993 2645 exercitu,
1054 2581 1354 2652 dupliciter
1408 2584 1509 2639 hos
1567 2599 1811 2652 armans,

226 2673 497 2742 qttusdam
521 2687 585 2727 ex
612 2672 697 2728 his
724 2673 1039 2742 praecedere
1063 2681 1258 2728 contra
1293 2673 1593 2729 Sarbarum
1619 2675 1810 2744 jussit,

227 2765 347 2836 ipse
384 2778 514 2818 vero
549 2779 674 2818 cum
705 2763 828 2818 aliis
863 2771 986 2833 post
1015 2779 1111 2819 eos
1141 2765 1476 2820 subsecutus
1504 2772 1608 2820 est.
1639 2765 1814 2820 Λαοθ-

227 2857 535 2914 lerantibus
569 2870 700 2926 ergo
727 2871 821 2926 per
858 2864 1102 2921 noctem,
1134 2864 1188 2910 et
1238 2857 1690 2928 pervenientibus
1743 2857 1812 2911 ad

227 2947 493 3021 praedium
534 2947 620 3000 cui
657 2947 978 3002 vocabulum
1008 2955 1126 3001 erat
1151 2946 1487 3014 Lasbauum,
1527 2947 1662 3001 hora
1709 2961 1812 3001 no-

225 3043 332 3098 etis
364 3054 531 3104 nona,
561 3039 769 3103 Persm,
813 3038 908 3108 qui
951 3039 1006 3092 in
1040 3053 1105 3094 eo
1139 3047 1381 3093 erantet
1421 3039 1686 3108 impetum
1720 3053 1814 3093 co-

225 3140 552 3204 gnoverant,
619 3131 1047 3186 insurrexerunt
1085 3131 1140 3186 in
1174 3146 1290 3187 eos.
1331 3129 1434 3201 Ipsi
1494 3140 1675 3186 autem
1716 3129 1817 3187 hos

226 3225 650 3288 interfecerunt,
686 3239 797 3279 uno
825 3231 1078 3293 excepto,
1111 3224 1203 3294 qui
1239 3223 1344 3278 hoc
1388 3222 1632 3278 Sarbaro
1672 3240 1817 3278 nun-

228 3317 407 3371 tiavit.
440 3317 507 3368 At
537 3330 666 3371 vero
701 3313 976 3369 Sarbarus
1025 3330 1253 3385 surgens
1305 3314 1553 3370 ascendit
1587 3331 1814 3386 equum,

224 3417 282 3464 et
304 3410 486 3464 nudus
511 3419 673 3479 atque
701 3407 1075 3463 discalceatus
1099 3406 1222 3479 fuga
1261 3408 1495 3462 salutem
1531 3418 1816 3465 mercatus

227 3509 330 3556 est.
381 3499 556 3570 Hujus
591 3508 770 3553 autem
822 3498 1084 3553 mulieres
1142 3508 1196 3553 et
1263 3512 1478 3553 omnem
1530 3498 1815 3555 Persicum

223 3593 442 3657 ﬂorem,
468 3592 852 3662 principesque
889 3605 954 3645 ac
984 3598 1236 3660 satrapas
1279 3605 1404 3644 cum
1445 3592 1635 3647 electis
1669 3593 1818 3646 mili-

225 3687 380 3742 tibus
418 3685 511 3755 qui
547 3687 600 3738 in
627 3685 920 3739 domorum
955 3691 1099 3739 tecta
1142 3682 1584 3738 conscenderant
1614 3693 1668 3738 et
1698 3685 1818 3740 bel-

222 3778 344 3835 lum
369 3785 564 3834 contra
595 3793 654 3832 se
686 3784 1158 3847 praeparaverant,
1190 3791 1287 3845 per
1316 3775 1494 3844 ignem
1522 3775 1809 3845 deposuit,

221 3879 284 3927 et
307 3871 448 3925 alios
467 3870 689 3939 quidem
710 3868 940 3930 occidit.
972 3868 1114 3922 alios
1136 3882 1266 3920 vero
1301 3867 1425 3938 igne
1446 3871 1816 3938 consumpsit,

218 3960 320 4014 alii
347 3967 530 4013 autem
557 3958 789 4012 manicis
818 3966 872 4012 et
894 3957 1256 4027 compedibus
1286 3959 1528 4028 colligati
1568 3968 1716 4026 sunt,
1744 3962 1819 4014 ita

217 4062 284 4108 ut
320 4068 457 4122 pene
488 4051 670 4105 nullus
704 4065 771 4105 ex
803 4051 890 4106 bis
922 4051 1015 4118 qui
1059 4048 1286 4104 Sarbari
1315 4049 1535 4105 fuerant
1580 4052 1820 4106 salvare-

217 4154 342 4202 tur.
381 4144 729 4214 Acceperunt
762 4151 945 4197 autem
982 4151 1036 4198 et
1091 4158 1245 4197 arma
1281 4142 1534 4207 Sarbari,
1588 4159 1816 4200 aureum

217 4238 488 4294 videlicet
540 4237 822 4308 clypeum.
877 4236 1207 4290 machaeram
1267 4237 1432 4290 etiam
1482 4243 1536 4289 et
1564 4236 1814 4291 lanceam

1921 463 2093 517 altera
2147 465 2366 533 quidem
2422 463 2722 521 Tarantum
2787 455 3225 530 ducens,'altera
3285 483 3414 523 vero
3445 469 3503 523 in

1921 561 2121 608 terram
2155 555 2440 626 Syrorum.
2494 557 2693 613 Verum
2723 559 2813 612 illa
2840 576 2959 630 qum
2990 559 3292 615 Tarantum
3321 561 3506 616 tende-

1920 645 2031 712 bat,
2057 647 2392 702 dilIerentior
2415 651 2634 719 quidem
2661 660 2804 716 erat,
2835 654 2930 706 sed
2955 661 3251 722 egestatem
3279 664 3506 709 cuncta-

1920 753 2040 792 rum
2078 739 2312 794 habebat
2333 757 2588 797 escarum
2629 760 2790 813 :quze
2839 760 2967 797 vero
3014 747 3068 798 in
3111 754 3316 799 terram
3355 747 3506 801 ducit

1922 833 2208 902 Syrorum,
2272 834 2514 888 Taurum
2554 837 2753 891 transit
2799 847 2852 892 et
2876 836 3270 892 abundantiam
3301 853 3364 890 ac
3413 839 3506 891 da-

1921 926 2218 997 psilitatem
2247 937 2476 997 prmstat
2531 931 2946 985 alimentorum.
2985 931 3139 1000 lianc
3201 932 3506 1001 praeierunt

1919 1032 2135 1082 omnes,
2156 1019 2287 1073 licet
2313 1019 2604 1089 abruptior
2626 1033 2772 1076 esset
2803 1033 2859 1078 et
2889 1026 3010 1079 nive
3031 1025 3199 1078 multa
3226 1027 3495 1080 severior.

1919 1105 2034 1162 Ilac
2081 1107 2265 1177 itaque
2287 1107 2480 1164 labore
2519 1112 2692 1164 multo
2740 1121 3025 1167 transacta
3056 1115 3111 1168 in
3145 1125 3354 1184 septem
3386 1116 3509 1169 die-

1919 1198 2022 1254 bus
2046 1211 2419 1268 pervenerunt
2449 1203 2514 1256 ad
2573 1202 2797 1258 ﬂuvium
2831 1206 3044 1276 Tigrin.
3074 1218 3158 1268 ~et
3195 1208 3338 1261 hunc
3377 1224 3502 1263 cum

1919 1300 2374 1360 transmeassent,
2403 1297 2633 1350 veniunt
2667 1296 3080 1368 Martyropolim
3134 1310 3187 1353 et
3225 1301 3502 1366 Amidam,

1919 1394 1974 1442 et
2003 1387 2297 1455 quiescunt
2332 1396 2442 1440 tam
2471 1391 2750 1444 exercitus
2797 1407 2958 1459 quam
3003 1392 3324 1460 captivitas.
3363 1391 3505 1445 Ilinc

1920 1490 1974 1536 et
2004 1480 2220 1537 litteras
2261 1481 2562 1551 imperator
2591 1482 2918 1554 Byzantium
2961 1487 3140 1554 potuit
3173 1485 3414 1547 mittere,
3450 1493 3505 1540 et

1918 1587 2038 1642 qum
2069 1574 2218 1627 circa
2246 1589 2306 1628 se
2330 1585 2489 1628 erant
2512 1577 2700 1630 omnia
2723 1577 2995 1640 indicare,
3025 1585 3078 1632 et
3104 1578 3298 1646 ingens
3320 1578 3503 1633 facere

1921 1665 2182 1733 gaudium
2220 1665 2454 1721 civitati.
2480 1666 2757 1721 Sarbarus
2793 1676 2974 1721 autem
3012 1669 3216 1737 populo
3256 1684 3378 1733 suo,
3407 1670 3502 1739 qui

1845 1721 1887 1776 Β
1922 1721 2101 1804 iuerat.
2125 1751 2430 1820 dispersus,
2458 1753 2694 1808 collecto
2736 1721 3038 1810 insui-rexit
3077 1721 3131 1809 i'n
3170 1721 3502 1813 illunt.'EIe-

1921 1851 2064 1897 ctam
2108 1859 2242 1898 vero
2283 1845 2581 1913 imperator
2606 1846 2750 1900 alam
2791 1847 3026 1901 militum
3063 1849 3127 1901 ad
3179 1851 3502 1904 custodien-

1920 1933 2018 1987 das
2050 1934 2196 1987 misit
2223 1934 2659 2004 clausuras,qua:
2694 1938 2761 1990 ad
2791 1952 2851 1991 se
2889 1939 3183 2005 ducebant,
3209 1949 3263 1994 et
3295 1939 3502 2009 aditus,

1929 2025 2022 2093 qui
2056 2025 2120 2078 ad
2151 2025 2435 2079 Orientem
2466 2034 2645 2081 erant.
2680 2027 2804 2097 Ipse
2841 2029 3166 2086 discurrens
3213 2032 3266 2085 in
3302 2031 3497 2087 faciem

1918 2115 2152 2170 efﬁcitur
2182 2117 2443 2172 Sat-baro.
2466 2117 2719 2189 Cumque
2749 2129 3152 2177 transmeasset
3183 2122 3499 2195 Nymphion

1920 2223 2161 2275 amnem,
2211 2210 2279 2264 ad
2321 2210 2657 2281 Euphratem
2717 2215 2988 2284 pervenit,
3031 2216 3086 2270 in
3126 2219 3328 2286 quibus
3385 2229 3504 2274 erat

1923 2317 2062 2373 pons
2096 2319 2270 2359 nexus
2311 2321 2377 2358 cx
2417 2304 2645 2361 funibus
2679 2307 2844 2361 simul
2881 2319 2934 2362 et
2974 2309 3230 2364 navibus.
3267 2310 3339 2364 At
3372 2326 3504 2366 vero

1921 2391 2194 2447 Sarbarus
2246 2393 2539 2451 dissolutis
2577 2395 2804 2452 funibus
2837 2399 3024 2468 pontis
3059 2400 3128 2454 ab
3174 2401 3346 2455 altera
3387 2402 3502 2470 ripa

1918 2483 1971 2536 in
2001 2486 2230 2540 alteram
2259 2494 2432 2541 totum
2463 2490 2743 2543 transtulit
2777 2500 3023 2560 pontem.
3054 2491 3302 2558 Cumque
3330 2493 3504 2563 impe—

1918 2585 2070 2632 rator
2105 2579 2347 2634 venisset
2399 2596 2500 2634 nec
2529 2582 2796 2635 valuisset
2841 2583 3082 2637 transire
3110 2598 3207 2652 per
3248 2593 3499 2652 pontem,

1917 2669 2238 2724 discurrens
2296 2671 2507 2726 invenit
2570 2681 2836 2737 meatum,
2898 2684 2952 2728 et
3009 2673 3158 2728 hunc
3216 2675 3504 2745 inopinato

1916 2759 2120 2815 Martio
2152 2777 2342 2816 mense
2367 2764 2487 2817 sine
2516 2763 2844 2820 discrimine
2874 2766 3282 2832 transfretavit,
3325 2774 3380 2820 et
3400 2764 3504 2821 Sa-

1915 2861 2128 2907 mosata
2152 2856 2420 2924 pervenit.
2462 2854 2786 2927 Rursusque
2834 2873 2960 2912 cum
2999 2857 3239 2912 Taurum
3273 2865 3504 2928 praeter-

1913 2946 2093 3010 iisset,
2146 2947 2200 3001 in
2277 2948 2682 3002 Germaniciam
2747 2958 2834 3004 est
2893 2949 3204 3018 proiectus,
3270 2958 3327 3004 et
3372 2935 3499 3004 cum

1841 3055 1882 3112 ο
1916 3038 2230 3092 transiisset
2265 3039 2331 3092 ad
2365 3040 2581 3105 Adana,
2615 3041 2766 3094 venit
2788 3040 2854 3093 ad
2885 3055 3100 3093 amnem
3137 3039 3334 3094 Saron.
3363 3038 3499 3094 Sai-

1921 3127 2089 3182 barus
2131 3136 2308 3182 autem
2346 3140 2511 3198 ponte
2543 3145 2737 3183 rursus
2777 3129 2830 3182 in
2859 3131 3083 3199 proprio
3116 3130 3238 3183 loco
3269 3138 3500 3183 extenso

1921 3220 2131 3290 absque
2181 3220 2464 3275 obstaculo
2498 3220 2884 3276 transfretavit
2918 3221 3275 3292 Euphratem,
3317 3229 3372 3274 et
3411 3236 3502 3275 se~

1920 3315 2192 3384 quebatur
2217 3321 2340 3382 post
2373 3329 2521 3368 eum.
2555 3316 2656 3368 Ast
2685 3315 2987 3385 imperator
3037 3328 3160 3367 cum
3204 3312 3504 3366 transisset

1920 3414 2141 3478 pontem
2179 3405 2324 3472 Sari,
2365 3406 2587 3461 inventa
2643 3407 2835 3478 requie
2870 3413 2981 3461 tam
3015 3405 3293 3461 exercitus
3335 3417 3501 3473 quam

1921 3499 2240 3553 animalium
2267 3498 2414 3552 circa
2439 3499 2618 3569 ipsum
2643 3507 2830 3553 castra
2857 3506 3098 3553 metatus
3121 3508 3224 3562 est,
3247 3495 3504 3551 reﬁciens

1921 3605 2036 3645 eos.
2071 3591 2329 3644 Pervenit
2360 3599 2539 3643 autem
2575 3601 2628 3644 et
2651 3589 2929 3646 Sarbarus
2967 3592 3021 3643 in
3053 3599 3265 3660 partem
3294 3603 3416 3659 qua:
3444 3588 3502 3642 in

1921 3690 2118 3739 contra
2148 3698 2270 3737 esse
2291 3698 2355 3737 ex
2383 3682 2559 3735 altera
2591 3691 2745 3750 parte
2759 3683 3077 3737 videbatur.
3112 3682 3346 3736 Invento
3371 3693 3504 3735 vero

1921 3785 2109 3847 ponte,
2142 3783 2196 3829 et
2226 3772 2652 3845 propugnaculis
2687 3788 2810 3842 qua:
2841 3773 2895 3826 in
2952 3773 3074 3840 ipso
3110 3780 3266 3824 erant
3321 3787 3348 3823 a
3385 3771 3504 3825 Ro-

1921 3870 2102 3924 manis
2134 3869 2400 3931 obtentis,
2457 3875 2639 3921 castra
2695 3873 2936 3920 metatus
2988 3873 3095 3918 est.
3130 3862 3505 3919 Excurrentes

1921 3969 2104 4016 autem
2141 3960 2302 4014 multi
2335 3958 2714 4012 Romanorum
2759 3972 2856 4024 per
2903 3964 3126 4025 pontem
3186 3954 3502 4009 inordinate

1920 4068 2045 4108 cum
2079 4052 2264 4108 Persis
2298 4052 2651 4107 contulerunt
2684 4049 3026 4113 conﬂictum,
3066 4048 3241 4101 multa
3283 4047 3336 4100 in
3365 4047 3501 4116 ipsis

1920 4147 2068 4202 caede
2100 4145 2422 4200 commissa.
2453 4141 2655 4197 Verum
2705 4142 3010 4211 imperator
3041 4141 3143 4194 hos
3186 4140 3502 4194 inordinate

1920 4239 2246 4311 prohibebat
2276 4237 2610 4304 discurrere,
2639 4251 2708 4290 ne
2741 4235 2882 4289 forte
2913 4235 3016 4288 iter
3046 4233 3195 4287 ﬁeret
3229 4233 3497 4286 adversa-

217 4347 385 4402 mque
413 4345 638 4384 auream
674 4338 727 4384 et
758 4337 1031 4399 comptam
1094 4328 1351 4398 pretiosis
1384 4328 1659 4398 lapidibus
1710 4345 1806 4383 20-
1833 4329 1888 4389 D
1915 4334 2013 4388 riis
2039 4347 2160 4384 cum
2179 4331 2290 4384 illis
2313 4329 2673 4383 conveniendi
2705 4327 2770 4381 ad
2799 4334 3019 4397 pontem
3045 4335 3097 4378 et
3121 4324 3324 4393 pariter
3347 4335 3502 4375 com-

219 4438 379 4488 nam,
423 4423 782 4478 nihilominus
839 4429 894 4476 et
949 4422 1320 4476 calceamenta
1373 4421 1516 4491 ejus.
1573 4420 1671 4476 IIis
1733 4422 1808 4476 ita

217 4516 485 4572 omnibus
543 4515 782 4584 sumptis
843 4515 1091 4585 procedit
1129 4523 1323 4568 contra
1381 4513 1665 4583 dispersos
1713 4527 1811 4584 per

223 4613 411 4679 villas,
435 4612 528 4682 qui
563 4612 778 4666 scilicet
812 4616 1098 4680 comperta
1131 4607 1359 4662 Sarbari
1403 4607 1528 4679 fuga
1571 4608 1690 4662 sine
1720 4623 1806 4659 re-

217 4705 473 4758 tentione
515 4704 812 4774 fugiebant.
857 4701 977 4771 Ipse
1027 4708 1210 4754 autem
1269 4700 1561 4755 insecutus
1604 4700 1808 4756 multos

214 4812 421 4852 eorum
453 4781 656 4850 occidit
677 4805 730 4849 et
753 4795 968 4849 vinctos
997 4793 1210 4862 accepit
1243 4810 1257 4846 :
1291 4793 1486 4862 reliqui
1522 4807 1644 4847 cum
1675 4807 1809 4847 con-

213 4887 448 4942 fusione
491 4887 543 4940 in
570 4885 853 4941 Persidem
912 4882 1268 4954 repedarunt.
1315 4881 1810 4952 Porroimperator

211 4979 472 5037 exercitu
505 4993 604 5033 suo
633 4979 865 5034 collecto
909 4991 1034 5032 cum
1065 4977 1269 5048 gaudio
1322 4975 1380 5031 in
1421 4975 1559 5032 locis
1591 4975 1702 5029 illis
1727 4974 1812 5029 in-

210 5071 478 5142 trepidus
502 5070 787 5126 hiemavit.

298 5165 491 5219 Mundi
521 5182 668 5220 anno
687 5166 846 5230 6116,
878 5165 1079 5222 divina:
1098 5166 1497 5222 incarnationis
1515 5179 1658 5219 anno
1681 5163 1809 5230 616,

212 5275 378 5316 anno
397 5259 610 5329 imperii
635 5258 871 5314 Ileraelii
898 5260 990 5325 15,
1023 5261 1266 5316 Arabum
1295 5261 1550 5331 princeps
1573 5259 1812 5314 Muamet

212 5352 559 5410 habebatur.
592 5349 884 5408 Heraclius
934 5364 1114 5408 autem
1166 5361 1495 5408 coacervato
1555 5353 1803 5409 exercitu

209 5461 332 5502 suo
359 5444 652 5501 consilium
686 5443 924 5501 iaciebat
952 5460 1188 5517 quanam
1221 5445 1304 5500 via
1331 5452 1585 5515 pergeret
1626 5465 1639 5502 :
1686 5445 1810 5501 duae

1912 4420 2152 4477 meandi.
2183 4419 2425 4488 Populus
2472 4427 2652 4472 autem
2701 4432 2808 4470 non
2837 4414 3229 4484 acquiescebat
3263 4412 3502 4480 impera-

1910 4514 2040 4568 tori.
2072 4513 2242 4568 Porro
2263 4510 2558 4576 Sarbarus,
2589 4509 2920 4584 quibusdam
2946 4507 3227 4562 exercitus
3250 4505 3334 4559 sui
3360 4504 3500 4558 clam

1911 4609 1968 4662 in
2003 4607 2138 4661 locis
2170 4607 2370 4661 abditis
2404 4605 2710 4666 collocatis,
2739 4600 3060 4656 ostenditse
3083 4597 3240 4668 quasi
3281 4596 3499 4666 fugien-

1915 4713 2050 4771 tem,
2087 4721 2152 4761 ac
2185 4705 2265 4762 sic
2320 4703 2594 4759 abstraxit
2629 4701 2830 4755 multos
2862 4699 3143 4754 Romanos
3169 4703 3367 4766 praeter
3396 4709 3500 4748 vo-

1914 4807 2032 4853 tum
2064 4796 2415 4867 imperatoris
2465 4795 2532 4848 ad
2563 4792 2964 4846 insecutionem
3001 4790 3087 4844 sui
3125 4794 3497 4844 transeunteS.

1915 4888 2198 4946 Reversus
2231 4896 2438 4950 autem,
2474 4895 2526 4940 et
2565 4885 2648 4940 bis
2697 4885 2750 4938 in
2783 4884 2965 4949 fugam
2994 4882 3303 4943 conversis,
3331 4889 3497 4946 quot-

1921 4993 2055 5054 quot
2105 4989 2257 5036 extra
2309 4987 2530 5048 pontem
2575 4976 2870 5044 occupavit
2910 4977 3140 5038 occidit,
3199 4973 3496 5028 vindictam

1923 5090 2214 5146 perpessos
2248 5071 2651 5128 inobedieutiae.
2684 5072 2992 5141 Imperator
3026 5085 3157 5124 vero
3191 5083 3316 5123 cum
3374 5067 3500 5120 bar-

1922 5169 2088 5223 baros
2115 5166 2343 5223 vidisset
2370 5165 2714 5220 insecutione
2749 5165 2974 5219 ordines
2995 5163 3336 5221 dissolvisse,
3359 5166 3497 5209 etex

1919 5260 2185 5313 Romanis
2215 5256 2492 5314 stantibus
2549 5256 2604 5309 in
2636 5255 3079 5310 antemnralibus
3129 5250 3241 5320 (51)
3297 5246 3497 5298 multos

1922 5353 2250 5416 exstinctos,
2286 5360 2479 5405 contra
2512 5364 2610 5404 eos
2647 5347 2929 5416 profectus
2951 5354 3036 5399 est
3085 5342 3255 5394 Porro
3274 5335 3496 5400 quidam

1917 5444 2002 5498 vir
2025 5442 2190 5500 Persa
2222 5443 2509 5514 giganteus
2541 5439 2861 5511 imperatori
2910 5447 3209 5492 occurrens
3263 5431 3408 5482 hunc
3437 5425 3494 5480 in

1717 5561 1926 5620 NOTAE
1938 5600 1953 5616 .

297 5657 416 5727 (fit)
457 5659 912 5718 Antemuralibus.
958 5659 1157 5716 Matth.
1200 5659 1324 5713 Par.
1369 5657 1512 5712 Hist.
1536 5658 1695 5728 Angl.
1755 5659 1808 5714 in

217 5727 509 5786 \‘Jillelmo
541 5730 580 5786 Il
615 5749 626 5785 :
674 5751 692 5784 ‹
729 5732 1177 5789 Antemuralibus
1215 5730 1514 5788 contractis
1547 5727 1804 5800 cogerent

1914 5654 2240 5781 ldefensores
2298 5652 2443 5710 intra
2475 5665 2663 5707 muros
2717 5647 3008 5719 interiores
3062 5661 3119 5700 se
3172 5629 3491 5712 recipere.)

1960 5741 2084 5781 ABR.

1960 5741 2084 5782 ABR.
