3906 6226
383 235 516 298 ηυγ

1477 237 1878 298 ANASTASII
1923 239 1993 297 BI
2008 237 2550 298 BLIOTHECARII

3540 232 3678 298 1303

378 353 560 408 medio
613 349 797 421 pontis
836 349 1180 419 aggreditur.
1226 347 1327 405 As’t
1361 349 1660 420 imperator
1687 355 1792 408 hoc
1833 369 1959 424 per-
1993 367 2037 422 Α
2068 353 2412 409 verberibus.
2446 350 2620 406 Porro
2653 350 2887 406 Cbazari
2914 347 3183 418 disruptis
3223 347 3456 419 Caspiis
3494 354 3675 418 portis

379 457 546 498 cusso
589 441 646 494 in
694 440 873 494 amnis
906 440 1112 493 lluenta
1150 441 1406 510 projecit.
1448 441 1563 496 lloc
1627 459 1736 497 uno
1769 454 1962 500 ruente

381 535 434 587 in
480 532 665 600 fugam
696 529 925 584 Barbari
962 532 1107 585 versi
1140 543 1288 597 sunt,
1323 541 1375 586 et
1399 549 1509 603 prce
1541 535 1794 603 angustia
1826 550 1960 604 pou-

380 624 450 679 tis
512 630 569 676 ut
622 636 766 674 rana:
827 636 884 674 se
926 621 980 674 in
1017 619 1242 675 fluu‘tine
1301 622 1610 690 iaciebant;
1643 623 1734 677 alii
1778 635 1961 678 autent

377 717 540 770 etiam
569 715 764 784 gladiis
806 713 1253 768 trucidabantur.
1287 715 1460 770 Porro
1502 718 1798 771 multitudo
1832 718 1961 772 bar-

380 810 646 862 barorum
688 823 785 876 per
830 807 1073 861 ﬂutninis
1129 807 1276 876 ripas
1304 806 1504 862 diffusa
1549 809 1845 878 sagittabat
1899 825 1964 864 ac

380 899 692 962 resistebat,
717 914 821 953 non
853 900 1040 954 sinens
1069 909 1408 954 transmeare
1434 899 1734 955 Romanos.
1760 899 1961 956 Verum

380 990 679 1058 imperator
711 992 984 1044 transiens
1013 990 1245 1044 viriliter
1275 989 1524 1044 barbaris
1562 989 1796 1055 resistit,
1833 1006 1959 1044 cum

378 1083 568 1149 paucis
603 1082 931 1151 quibusdam
967 1081 1250 1137 societatis
1299 1098 1413 1137 sua:
1463 1084 1954 1154 superagonizans,

380 1175 455 1226 ita
489 1185 548 1228 ut
592 1175 758 1228 etiam
795 1190 962 1244 super
993 1175 1094 1229 hoc
1125 1176 1398 1230 Sarbarus
1425 1175 1866 1246 obstupesceret,
1905 1187 1959 1232 et

381 1268 446 1321 ad
476 1267 735 1322 Cosmam
769 1269 1061 1337 quemdam
1091 1269 1248 1338 juxta
1295 1284 1353 1323 se
1393 1277 1648 1332 stantem,
1687 1269 1964 1326 Romano-

382 1377 499 1413 rum
529 1360 820 1430 profugum
849 1376 912 1414 ac
978 1362 1332 1432 magaritam,
1369 1362 1576 1416 diceret
1611 1380 1625 1418 :
1672 1361 1845 1428 Vides,
1877 1364 1964 1416 in-

378 1453 596 1520 quiens,
627 1452 909 1519 thsarem,
937 1470 965 1506 ο
990 1451 1205 1515 Cosma,
1234 1470 1392 1522 quam
1428 1457 1610 1507 audax
1630 1456 1699 1508 ad
1734 1470 1963 1525 pugnam

380 1552 500 1606 stet,
535 1553 585 1596 et
612 1556 796 1597 contra
835 1554 1039 1598 (autaut
1091 1545 1484 1600 multitudinem
1534 1546 1678 1600 solus
1713 1547 1961 1610 decertet,

378 1644 429 1687 et
459 1634 593 1688 velut
619 1637 768 1688 incus
790 1635 975 1704 jarula
1007 1639 1242 1692 renuat?
1269 1653 1332 1689 ex
1388 1638 1571 1692 rubris
1603 1639 1746 1692 enim
1786 1639 1964 1694 ocreis

2075 443 2363 500 Persidem
2402 444 2608 496 adeunt
2642 442 2696 495 in
2743 440 3024 510 regionem
3065 437 3371 508 Adrahiga:
3401 453 3516 491 una
3547 454 3671 492 cum

2074 545 2306 608 praetore
2340 549 2442 590 suo
2468 532 2702 598 Zihehil,
2735 532 2831 602 qui
2853 531 3118 599 dignitate
3151 530 3448 585 secundus
3475 545 3506 584 a
3545 530 3675 584 eba-

2072 643 2248 698 gano;
2307 633 2362 680 et
2408 627 2462 678 in
2503 637 2846 694 quaecunque
2909 621 3030 676 loco
3092 621 3506 692 peragrabant,
3565 629 3672 674 tam

2073 720 2268 775 Persas
2289 717 2768 789 deprehendebant
2797 729 2962 785 quam
2996 713 3254 768 civitates
3279 723 3336 767 et
3371 714 3540 767 villas
3568 714 3672 778 igni

2071 812 2382 868 tradebant.
2414 809 2706 864 Profectus
2767 824 2896 861 vero
2927 806 3226 875 imperator
3260 820 3292 858 a
3341 805 3556 859 Laziea
3594 806 3673 860 his

2072 905 2336 960 occurrit.
2374 900 2587 958 Zihehil
2612 909 2794 955 autem
2843 899 2949 953 hoc
2998 898 3115 952 viso
3145 897 3482 952 accelerans
3524 913 3672 951 com-

2072 997 2330 1066 plectitur
2353 994 2555 1048 collum
2587 991 2710 1062 ejus
2738 998 2792 1046 et
2825 990 3017 1043 adorat
3051 1003 3203 1053 eum,
3253 988 3450 1043 Persis
3475 989 3673 1044 civita-

2073 1088 2144 1143 tis
2169 1086 2564 1158 aspicientibus
2601 1103 2615 1139 :
2653 1083 2953 1138 universus
2988 1090 3170 1136 autem
3206 1080 3527 1136 Turcornm
3564 1099 3675 1152 po-

2072 1183 2234 1252 pulus
2263 1181 2318 1236 ln
2355 1190 2557 1236 terram
2609 1176 2900 1238 cadentes,
2934 1189 3000 1229 ac
3049 1173 3211 1244 proni
3264 1191 3438 1244 super
3469 1177 3671 1230 faciem

2071 1274 2298 1338 extenti,
2333 1273 2720 1342 imperatorem
2741 1269 3018 1322 honorant
3042 1266 3244 1321 honore
3275 1268 3370 1336 qui
3401 1277 3492 1321 est
3517 1267 3670 1338 apud

2073 1364 2306 1436 gentiles
2334 1369 2651 1418 extraneus.
2693 1356 2968 1414 Similiter
3018 1355 3286 1426 principes
3315 1369 3511 1408 eorum
3562 1371 3660 1410 su.

2072 1473 2171 1530 pra
2197 1450 3010 1521 saxajconsccndentesfeodem
3038 1449 3313 1506 schemate
3339 1449 3663 1518 procidunt.

2072 1551 2478 1607 Obtulitautem
2502 1544 2716 1600 Zihehil
2738 1543 3054 1613 imperatori
3092 1543 3256 1598 etiam
3300 1541 3471 1595 filium
3499 1557 3664 1596 suum

2075 1643 2496 1715 primogenitum
2525 1682 2540 1706 ,
2606 1638 2773 1708 hujus
2819 1636 3174 1692 sermonibus
3222 1634 3564 1696 delectatus,
3611 1643 3669 1688 et

383 1731 812 1796 agnoscebatur,
867 1730 1182 1800 multasque
1228 1729 1531 1799 imperator
1566 1732 1774 1802 plagas,
1839 1731 2191 1805 licetBejus
2239 1743 2349 1788 tam
2413 1734 2625 1787 vultum
2689 1744 2853 1799 quam
2914 1728 3267 1799 prudentiam
3340 1727 3672 1782 admiratus.

381 1823 584 1874 nullam
627 1822 681 1876 in
720 1825 822 1878 hoc
876 1825 1064 1893 praelia
1120 1826 1507 1890 periculosam,
1555 1824 1788 1896 accepit.
1829 1825 1966 1880 Tota

383 1927 515 1966 vero
546 1913 636 1967 die
665 1929 791 1968 cum
846 1914 901 1968 in
936 1915 1040 1970 hoc
1097 1917 1238 1970 bello
1272 1925 1633 1985 pugnassent,
1671 1917 1972 1972 accedente

386 2015 614 2070 vespera
646 2003 714 2056 ab
747 2003 980 2057 invicem
1013 2007 1249 2074 separati
1282 2007 1521 2061 sunt.Et
1553 2007 1970 2077 Sarbarusqui-

380 2093 504 2147 dem
540 2094 740 2149 tintens
772 2110 869 2164 per
894 2104 1112 2152 noctem
1144 2109 1293 2152 retro
1355 2114 1613 2155 reversus
1647 2108 1752 2166 est,
1795 2101 1974 2170 impe-

386 2192 537 2240 rator
574 2196 754 2240 autem
794 2189 996 2256 populo
1021 2205 1124 2244 suo
1155 2201 1485 2245 coacervata
1524 2192 1591 2246 ad
1618 2193 1812 2248 urbem
1845 2209 1974 2263 pro-

381 2278 593 2344 peravit
617 2278 947 2345 Sebastiam,
973 2288 1028 2337 et
1059 2299 1183 2337 eum
1205 2284 1341 2355 Alyn
1378 2283 1606 2340 fluvium
1634 2293 1974 2344 transmeas-

383 2375 489 2434 set,
549 2369 604 2424 in
642 2372 744 2425 hoc
774 2373 975 2440 gaudio
1016 2376 1187 2430 totius
1225 2377 1422 2432 hiemis
1451 2385 1696 2448 tempore
1728 2393 1974 2434 commo-

387 2469 541 2515 ratus
589 2471 694 2515 est.
755 2462 930 2518 Porro
981 2464 1256 2522 Chosroes
1295 2467 1482 2523 furens
1543 2469 1711 2534 misit,
1745 2479 1800 2524 et
1852 2471 1975 2525 tulit

385 2552 678 2606 thesauros
714 2566 1040 2608 cunctarum
1071 2559 1431 2612 ecclesiarum
1457 2561 1695 2628 regionis
1719 2576 1838 2630 quae
1871 2562 1974 2616 sub

384 2641 569 2696 Persis
604 2652 690 2697 est
748 2647 1074 2712 constituta,
1111 2659 1164 2702 et
1195 2651 1426 2718 cogebat
1476 2651 1826 2706 Christianos
1866 2651 1975 2707 Ne-

383 2733 540 2785 storii
578 2732 691 2787 fieri
727 2745 1031 2791 sectatores
1063 2736 1128 2790 ad
1168 2741 1650 2809 perstringendum
1683 2742 1801 2797 sive
1852 2756 1976 2810 per-

385 2824 696 2880 cellcndum
740 2827 1154 2897 imperatorem.

455 2917 617 2972 Anno
643 2919 856 2988 imperii
896 2919 1132 2976 Heraclii
1167 2923 1230 2978 16
1265 2922 1540 2978 Chosroes
1565 2923 1856 2980 Persarum
1880 2940 1975 2980 res

384 3024 580 3063 novam
613 3009 742 3066 fecit
771 3013 1044 3080 militiam,
1069 3016 1316 3084 prmlium
1345 3016 1610 3081 initurus,
1653 3015 1975 3086 peregrinos

385 3117 449 3155 ac
485 3103 633 3157 cives
668 3113 721 3159 et
745 3121 934 3162 servos
973 3122 1040 3162 ex
1073 3107 1222 3162 omni
1257 3107 1480 3162 natione
1508 3107 1652 3162 facta
1704 3110 1972 3165 electione

383 3209 759 3263 coacervatis;
791 3214 901 3266 qua
958 3198 1227 3254 electione
1278 3198 1410 3252 Sain
1462 3199 1665 3254 tradita
1721 3203 1967 3269 praetori,

384 3282 491 3333 alia
527 3281 595 3334 50
651 3285 824 3338 millia
868 3300 933 3339 ex
974 3286 1249 3356 phalange
1283 3286 1508 3342 Sarbari
1548 3289 1724 3342 electa
1765 3289 1968 3346 tollens

389 3374 518 3427 huic
541 3375 798 3440 sociavit,
840 3377 1256 3448 nominavitque
1286 3378 1410 3434 illos
1441 3393 1642 3434 aureos
1694 3382 1968 3448 camulos,

384 3465 558 3521 ethos
594 3467 862 3523 adversus
917 3469 1304 3540 imperatorem
1341 3471 1560 3527 direxit.
1599 3472 1772 3528 Porro
1836 3473 1968 3528 Sar-

388 3561 581 3612 barum
611 3575 734 3614 cum
767 3562 979 3632 reliquo
1001 3565 1244 3619 exercitu
1267 3580 1369 3620 suo
1403 3575 1594 3622 contra
1641 3567 1965 3622 Constanti-

383 3649 624 3719 nopolim
682 3651 850 3718 misit,
891 3663 1165 3723 quatenus
1229 3658 1481 3722 Hunnos,
1539 3659 1858 3728 quiessent
1912 3663 1964 3716 in

386 3742 706 3807 Occidente,
733 3760 873 3815 quos
907 3747 1113 3803 Avares
1143 3737 1363 3825 vocant;
1395 3765 1521 3805 cum
1546 3749 1879 3823 Vulgaribus
1915 3763 1970 3810 et

384 3835 600 3892 Sclavis
626 3845 791 3908 atque
818 3837 1118 3908 Gipedibus
1151 3843 1445 3898 concordia
1488 3844 1749 3912 soeiaret,
1779 3847 1968 3916 sicque

386 3930 650 3984 adversus
689 3931 878 3987 urbem
923 3944 1302 4004 pr0perarent,
1343 3945 1397 3990 et
1431 3936 1575 3992 hanc
1633 3939 1969 3993 unanimiter

385 4022 726 4078 obsiderent.
763 4023 898 4079 Cum
945 4038 1128 4080 autem
1181 4029 1282 4084 hoc
1313 4027 1599 4086 didicisset
1639 4030 1964 4101 imperator,

383 4117 683 4170 exercitum
716 4131 876 4170 suum
905 4117 1104 4187 triplici
1139 4127 1290 4189 parte
1315 4119 1548 4175 divisum
1571 4121 1881 4176 transmisit
1899 4120 1966 4176 ad

383 4209 807 4264 custodiendum
853 4209 1066 4277 urbem,
1117 4209 1446 4282 quibusdam
1507 4219 1690 4268 autem
1744 4214 1967 4270 traditis

384 4301 678 4356 Theodoro
709 4301 865 4355 fratri
906 4318 1010 4357 suo
1042 4310 1238 4358 contra
1268 4303 1398 4358 Sain
1433 4305 1640 4361 bellare
1665 4310 1964 4379 praecepit;

384 4392 670 4447 humiliori
724 4409 852 4449 vero
885 4402 1038 4464 parte
1071 4395 1188 4465 ipse
1218 4402 1446 4465 accepta
1477 4397 1531 4450 in
1560 4395 1814 4454 Lazicam
1841 4415 1968 4469 pro-
1997 4430 2045 4489 ο

387 4498 558 4556 perat,
605 4485 669 4543 et
712 4488 767 4542 in
823 4489 939 4557 ipsa
971 4489 1174 4560 degens
1206 4489 1417 4546 Turcos
1448 4491 1516 4546 ab
1547 4491 1792 4559 Oriente,
1826 4510 1968 4564 quos

383 4583 666 4638 Chazaros
725 4591 1072 4653 nuncupant,
1129 4583 1184 4640 in
1215 4583 1480 4638 auxilium
1539 4585 1799 4641 advocat.
1830 4588 1967 4644 Sain

385 4691 519 4730 vero
542 4692 651 4738 una
673 4691 797 4733 eum
828 4677 1042 4732 noviter
1065 4677 1243 4733 electo
1273 4678 1521 4734 exercitu
1549 4679 1878 4749 perveniens
1902 4681 1969 4736 ad

389 4767 613 4822 fratrem
642 4769 991 4839 imperatoris
1013 4767 1370 4827 Theodorum
1394 4771 1462 4825 ad
1480 4771 1684 4828 bellum
1711 4776 1966 4831 armavit.

390 4857 499 4914 Deo
525 4868 706 4916 autem
736 4879 832 4932 per
859 4864 1285 4920 intercessiones
1308 4880 1524 4936 semper
1547 4866 1844 4924 laudabilis
1872 4867 1970 4925 Dei

390 4952 696 5011 Genitricis
727 4958 1057 5026 opitulante,
1086 4957 1230 5013 bello
1261 4963 1584 5026 commisso,
1620 4964 1829 5032 grando
1873 4965 1974 5019 mi-

386 5047 640 5104 rabiliter
699 5057 894 5102 contra
923 5048 1194 5104 barbaros
1227 5050 1425 5106 cecidit
1469 5067 1772 5126 eorumque
1808 5055 1975 5126 pluri-

389 5159 510 5199 mos
544 5142 800 5213 perculit.
833 5141 902 5195 At
937 5156 1066 5197 vero
1097 5143 1241 5200 acies
1270 5145 1646 5202 Romanorum
1697 5149 1971 5220 tranquil-

388 5239 542 5292 litate
593 5237 766 5307 potita
825 5243 930 5292 est.
971 5233 1201 5290 Vertunt
1258 5245 1439 5292 autem
1471 5237 1706 5296 Romani
1748 5239 1969 5310 Persas,

387 5339 442 5385 et
482 5329 824 5385 interficiunt
859 5327 1271 5385 multitudinem
1309 5331 1615 5401 copiosam.
1653 5329 1766 5388 lloc
1823 5348 1974 5388 eom-

389 5429 546 5490 perto
593 5422 870 5479 Chosroes
914 5421 1174 5479 irascitur
1198 5430 1393 5479 contra
1426 5421 1580 5491 Sain,
1615 5425 1709 5495 qui
1741 5441 1805 5480 ex
1839 5426 1974 5481 mul-

393 5523 448 5566 to
502 5516 674 5569 animi
735 5517 948 5573 defectu
1012 5518 1068 5571 in
1125 5516 1444 5586 languorem
1502 5516 1753 5574 incidens
1800 5520 1974 5573 mori-

355 5609 520 5667 401';
554 5605 714 5672 cujus
757 5610 1141 5681 corpusjussu
1186 5610 1452 5667 Cltosrois
1487 5611 1708 5666 solitum
1755 5611 1820 5666 ad
1847 5627 1970 5667 eum

393 5695 636 5751 delatum
671 5705 785 5763 est;
847 5717 1009 5770 quem
1049 5703 1144 5766 ille
1178 5715 1454 5761 mortuum
1493 5703 1677 5760 multis
1719 5704 1973 5762 submisit

2071 1825 2379 1896 Electisque
2415 1823 2633 1879 Zihehil
2664 1821 3033 1893 quadraginta
3097 1819 3353 1873 millibus
3419 1820 3674 1872 virorum

2072 1919 2296 1973 fortium
2320 1917 2469 1972 dedit
2493 1931 2553 1971 ea
2586 1916 2639 1969 in
2659 1913 2922 1968 auxilium
2957 1911 3305 1982 imperatori.
3342 1909 3524 1965 Porro
3558 1910 3677 1978 ipse

2073 2028 2324 2069 reversus
2359 2021 2446 2066 est
2480 2010 2535 2064 in
2595 2008 2874 2078 regionem
2909 2021 3093 2062 suam.
3138 2006 3238 2061 llis
3276 2015 3471 2061 autem
3511 2021 3673 2060 acce-

2074 2103 2184 2174 ptis
2234 2101 2536 2172 imperator
2589 2106 2781 2154 contra
2813 2097 3098 2153 Cltosroen
3127 2099 3406 2168 procedit.
3445 2099 3512 2151 At
3548 2113 3674 2152 vero

2077 2195 2355 2249 Sarbarus
2401 2193 2804 2247 Chalcedonem
2860 2205 3194 2261 properans,
3252 2193 3586 2259 Avaresqne
3640 2205 3670 2242 ο

2074 2287 2288 2342 Thrace
2328 2287 2450 2341 urbi
2507 2286 2984 2356 propinquantes;
3003 2285 3145 2338 hauc
3196 2283 3533 2354 depOpulari
3571 2297 3661 2336 vo-

2075 2379 2220 2444 lunt,
2256 2388 2308 2431 et
2333 2376 2519 2431 multis
2545 2375 2818 2429 machinis
2843 2374 3114 2428 adversus
3168 2387 3292 2427 eam
3344 2373 3667 2438 commotis,

2077 2479 2131 2526 et
2165 2471 2383 2525 navium
2414 2468 2754 2538 sculptarum
2795 2483 2859 2520 ex
2896 2465 3036 2521 lSer
3064 2465 3428 2519 multitudine.
3461 2465 3665 2519 inﬁnita

2077 2578 2172 2615 seu
2203 2559 2588 2615 innumerabili
2624 2558 2827 2624 delata,
2863 2561 3043 2613 sinum
3076 2573 3250 2611 cornu
3285 2559 3661 2627 repleverunt.

2079 2655 2274 2710 Decem
2314 2669 2446 2708 sane
2491 2653 2686 2706 diebus
2726 2651 2914 2705 urbem
2956 2649 3297 2713 obsidentes,
3336 2648 3668 2720 bellumun

2076 2758 2220 2803 terra
2241 2747 2487 2816 marique
2519 2752 2793 2815 gerentes,
2822 2742 2908 2797 Dei
2938 2743 3134 2796 virtute
3171 2743 3400 2810 pariter.
3447 2750 3508 2795 et
3578 2756 3671 2796 co-

2077 2841 2419 2909 operatione,
2471 2853 2569 2891 nec
2601 2854 2708 2892 non
2743 2846 2798 2892 et
2845 2837 3178 2890 intemerata:
3220 2831 3320 2888 Dei
3373 2832 3575 2889 Matris
3612 2843 3665 2890 et

2081 2930 2319 3001 Virginis
2357 2929 2852 2985 intercessionibus
2903 2928 3150 2997 superati
3186 2935 3342 2982 sunt.
3402 2925 3549 2992 Quin
3612 2936 3670 2982 et

2080 3023 2431 3080 multitudine
2469 3025 2689 3094 copiosa
2723 3038 2951 3076 suorum
2989 3030 3100 3074 tant
3134 3021 3190 3074 in
3233 3029 3381 3083 terra
3414 3031 3576 3090 quam
3608 3022 3665 3075 in

2080 3116 2218 3172 mari
2239 3115 2513 3186 deposita,
2547 3131 2670 3170 cum
2701 3115 2912 3184 ingenti
2938 3112 3273 3168 confusione
3317 3112 3382 3165 ad
3403 3111 3523 3166 loca
3558 3127 3664 3168 sua

2085 3209 2292 3263 reversi
2313 3214 2458 3263 sunt.
2491 3207 2664 3261 Porro
2689 3205 2964 3262 Sarbarus
2982 3204 3375 3260 Chalcedonem
3392 3202 3666 3260 obsidens

2078 3317 2189 3356 non
2215 3301 2526 3370 emigravit,
2555 3300 2649 3356 sed
2684 3299 2885 3355 ibidem
2905 3299 3196 3361 hiemavit,
3231 3305 3333 3350 tam
3378 3295 3669 3352 incursio-

2078 3409 2176 3450 nes
2205 3410 2372 3462 agens
2397 3408 2669 3464 quamque
2691 3391 3022 3462 depraedaus
3050 3390 3346 3446 continales
3365 3400 3574 3458 partes,
3606 3399 3668 3446 et

2076 3488 2325 3543 civitates
2366 3489 2490 3558 igne
2511 3486 2844 3556 disperdeus

2147 3576 2303 3630 Anno
2323 3576 2536 3646 imperii
2563 3576 2645 3630 sui
2675 3575 2740 3628 17
2758 3574 3042 3630 lleraclius
3064 3591 3092 3629 a
3116 3591 3304 3630 mense
3321 3573 3666 3644 Septembrio

2073 3665 2355 3738 ingressus
2376 3666 2646 3722 Persidem
2667 3681 2773 3720 una
2793 3682 2916 3720 cum
2935 3666 3133 3722 Turcis
3153 3667 3434 3738 inopinate
3450 3677 3668 3736 propter

2075 3759 2309 3815 hiemem
2354 3761 2406 3814 in
2445 3759 2703 3815 ecstasim
2736 3758 2887 3813 misit
2917 3759 3202 3815 Cbosroeu
3225 3801 3240 3824 ,
3280 3775 3406 3813 eum
3443 3757 3548 3813 hoc
3581 3759 3665 3813 di-

2073 3851 2321 3908 dicisset.
2353 3852 2422 3905 At
2448 3867 2576 3907 vero
2609 3850 2777 3906 Turci
2807 3861 2917 3906 tam
2949 3852 3129 3907 hieme
3165 3868 3330 3922 quam
3362 3850 3661 3922 frequenti~

2072 3941 2176 3998 bus
2205 3943 2494 3998 Persarum
2515 3941 2836 3997 incursibus
2855 3940 3262 4010 contemplatis,
3286 3955 3398 3993 non
3431 3939 3664 3995 ferentes

2073 4034 2278 4107 pariter
2306 4049 2430 4089 cum
2468 4034 2824 4103 imperatore,
2870 4033 3126 4087 laborare
3157 4041 3454 4102 cmperunt
3487 4033 3665 4103 paula-

2073 4124 2282 4194 timque
2309 4123 2578 4186 dimuere,
2610 4129 2666 4178 et
2695 4137 2888 4177 omnes
2915 4137 2980 4177 eo
3010 4123 3239 4178 dimisso
3271 4124 3484 4178 reversi
3513 4131 3660 4177 sunt.

2072 4214 2172 4270 Ast
2201 4215 2500 4285 imperator
2533 4214 2813 4268 allocutus
2843 4224 2930 4270 est
2958 4215 3218 4284 populum
3247 4229 3415 4268 suum
3441 4214 3662 4269 dicens:

2073 4306 2289 4372 Scitote,
2327 4305 2543 4375 fratres,
2567 4306 2694 4376 quia
2727 4323 2879 4361 nemo
2918 4307 3070 4361 nobis
3113 4308 3223 4361 vult
3262 4306 3534 4360 auxiliari
3565 4307 3664 4360 nisi

2073 4400 2218 4455 solus
2244 4400 2402 4463 Deus,
2441 4409 2489 4453 et
2536 4414 2653 4469 quae
2680 4403 2818 4453 hunc
2851 4401 3048 4470 peperit
3084 4400 3200 4454 sine
3233 4401 3441 4454 semine
3471 4398 3657 4464 Mater,

2075 4501 2132 4546 ut
2156 4492 2393 4546 ostendat
2421 4493 2709 4560 potentiam
2740 4509 2914 4558 suam,
2940 4494 3191 4562 quoniam
3211 4509 3316 4546 non
3345 4495 3398 4546 in
3427 4492 3659 4546 multitu-

2074 4585 2542 4656 dine_populornm
2581 4601 2670 4638 seu
2713 4602 2986 4640 armorum
3026 4595 3104 4639 est
3134 4585 3307 4649 salus,
3352 4587 3446 4640 sed
3486 4586 3536 4638 in
3575 4602 3655 4638 eos

2073 4677 2164 4748 qui
2179 4687 2390 4746 sperant
2416 4692 2572 4746 super
2595 4677 2964 4731 misericordia
2980 4678 3116 4747 ejus,
3139 4680 3307 4731 mittit
3326 4679 3654 4748 adjutoriam

2074 4788 2250 4826 suum.
2283 4773 2352 4825 At
2384 4786 2513 4825 vero
2538 4770 2808 4827 Chosroes
2835 4772 3176 4827 coacervatis
3201 4774 3424 4826 cunctis
3451 4773 3656 4826 militiis

2075 4866 2192 4922 suis
2252 4874 2536 4936 prartorem
2595 4865 2848 4934 provehit
2914 4879 3080 4935 super
3122 4866 3246 4920 illas
3292 4863 3653 4930 Rhazantem,

2074 4957 2252 5011 virum
2304 4955 2820 5010 bellicossissimum
2867 4970 2931 5011 ac
2973 4955 3378 5019 fortissimum,
3422 4965 3479 5011 et
3521 4958 3652 5010 hunc

2075 5050 2338 5104 adversus
2369 5047 2678 5104 lleraclium
2711 5049 2974 5103 destinat.
2995 5048 3063 5102 At
3081 5049 3385 5119 imperator
3411 5051 3651 5104 civitates

2075 5140 2320 5197 Persidis
2357 5150 2520 5212 atque
2550 5140 2774 5197 castella
2805 5141 2920 5213 igni
2963 5140 3207 5206 tradidit,
3249 5151 3301 5196 et
3334 5142 3650 5197 accedentes

2075 5235 2272 5292 Persas
2317 5237 2630 5305 rhomphma
2681 5235 2996 5291 consumit.
3049 5233 3292 5306 Septima
3355 5251 3488 5290 vero
3530 5235 3645 5289 ldus

2076 5330 2330 5387 Octobris
2362 5329 2680 5401 pervenitin
2719 5330 2997 5400 regionem
3014 5327 3362 5396 Chamaitha,
3382 5337 3437 5383 et
3453 5329 3650 5384 refoeil-

2079 5421 2210 5478 lavit
2236 5423 2495 5494 populum
2528 5438 2626 5493 per
2656 5422 2924 5494 integram
2953 5419 3649 5477 hebdomadam.Rhazates

2078 5525 2258 5572 autem
2303 5518 2524 5572 veniens
2555 5515 2908 5570 Ganzachum
2942 5523 3064 5587 post
3111 5531 3238 5569 eum
3283 5514 3467 5570 laetus
3499 5522 3577 5570 est
3602 5520 3647 5564 et

2077 5620 2323 5674 secutus,
2361 5609 2627 5664 Romanis
2659 5615 2785 5664 ante
2819 5608 3169 5680 pergentibus
3199 5617 3256 5662 et
3284 5605 3647 5662 consumend-

2079 5703 2182 5760 bus
2217 5717 2392 5761 escas.
2432 5701 2552 5774 Ipse
2585 5717 2714 5760 vero
2746 5710 2865 5772 post
2898 5708 3128 5772 tergunt,
3170 5710 3228 5758 ut
3264 5701 3423 5758 canis
3461 5701 3641 5756 famem
