3906 6226
256 373 490 438 patiens,
527 372 612 424 vix
645 373 715 426 de
766 375 920 430 micis
957 393 1146 433 eorum
1185 386 1567 453 nutriebatur;

257 475 365 514 non
398 461 666 517 inveniret
690 479 961 536 sumptus,
989 471 1157 524 multa
1185 491 1247 529 ex
1266 479 1636 534 animantibus
1665 481 1837 548 ipsius

255 561 579 622 ronsumpta
608 567 756 611 sunt.
779 557 1038 618 Kalendis
1067 573 1244 620 autem
1277 565 1668 627 Decembribus
1693 576 1838 629 venit

250 645 554 715 imperator
581 647 648 701 ad
683 647 909 706 ﬂuvium
944 671 1197 725 magnum
1230 656 1434 722 Zaban,
1456 670 1508 716 ct
1535 679 1658 718 cum
1692 665 1837 721 hunc

248 739 580 808 transiisset,
608 755 791 798 castra
833 755 1072 804 metatus
1105 760 1188 806 est
1220 751 1378 822 Juxta
1415 753 1614 812 Ninive
1643 758 1837 812 civita-

247 842 381 888 tem.
409 831 573 890 Venit
621 846 800 892 autem
841 838 1117 898 Rhazates
1160 861 1327 915 penes
1366 849 1565 904 vadunt
1612 863 1835 910 secutus

243 941 395 990 cum,
433 938 485 983 et
517 945 642 983 cum
674 930 1054 992 descendisset
1098 939 1273 994 tribus
1308 942 1606 1010 milliariis,
1631 948 1834 1018 reperit

245 1020 396 1074 aliud
449 1023 650 1077 vadunt
700 1031 755 1081 et
815 1029 1092 1085 transivit.
1145 1031 1245 1088 Ast
1310 1034 1608 1104 imperator
1661 1041 1832 1098 misso

245 1110 454 1167 Bahani
494 1114 756 1184 magistro
792 1118 1026 1175 militum
1061 1137 1185 1178 cum
1223 1127 1417 1194 paucis
1451 1129 1640 1184 electis
1683 1131 1830 1186 mili-

245 1204 416 1269 tibus,
448 1205 657 1261 invenit
689 1208 927 1266 bandutn
954 1209 1271 1283 Persarum,
1295 1221 1622 1291 etcumejus
1654 1224 1831 1278 comi-

246 1308 354 1352 tem
390 1300 704 1368 occidisset,
743 1302 938 1359 detulit
969 1315 1133 1378 caput
1163 1309 1284 1379 ejus
1324 1319 1378 1366 et
1406 1323 1574 1368 t0tam
1603 1330 1826 1371 auream

242 1391 495 1460 spatham
528 1393 724 1463 ipsius,
747 1398 1139 1469 nonnullisque
1165 1406 1466 1474 peremptis
1497 1408 1650 1462 vivos
1670 1408 1828 1464 duxit

243 1484 313 1540 ad
361 1487 751 1557 imperatorem
787 1506 884 1547 sex
921 1505 974 1549 et
1017 1495 1226 1564 viginti.
1265 1498 1321 1552 lu
1372 1499 1576 1568 quibus
1605 1512 1723 1557 erat
1773 1511 1828 1558 et

237 1579 554 1647 spatharius
609 1580 862 1653 Rhazati,
921 1587 1014 1656 qui
1073 1597 1126 1642 et
1179 1591 1452 1647 nuntiavit
1507 1593 1826 1664 imperatori

238 1672 386 1740 quod
439 1689 682 1746 pugnare
727 1688 918 1733 contra
964 1695 1088 1736 eum
1132 1679 1408 1740 Rhazates
1447 1685 1636 1750 vellet,
1681 1687 1762 1742 sic
1791 1701 1823 1741 a

1077 270 1443 332 HISTORIA
1479 275 2057 342 ECCLESIASTICA
2098 285 2201 346 EX
2233 287 2713 353 THEOPHANE.

3389 297 3530 371 1310

1617 399 1670 444 εί
1711 407 1834 444 cum
1865 394 1916 453 Α
1942 411 2061 451 runt
2101 397 2416 467 Persarum,
2451 419 2514 460 ac
2545 413 2739 460 octava
2771 407 2901 460 hora
2933 409 3108 463 uectis
3138 411 3269 464 moti
3300 413 3531 479 repeda-

1941 499 2139 546 verunt
2173 493 2241 548 ad
2284 503 2466 550 castra
2499 513 2597 553 sua
2625 539 2640 564 ,
2679 508 2734 553 ct
2768 497 2854 555 his
2886 501 3125 570 acceptis
3162 502 3432 569 abierunt,
3474 513 3528 559 et

1939 595 2119 638 castra
2151 590 2336 641 metati
2368 577 2498 643 sunt
2527 589 2594 644 ad
2625 591 2819 660 pedem
2854 594 3053 647 montis
3076 595 3252 663 asperi
3279 603 3522 650 metuen-

1939 684 2042 732 tes.
2085 677 2283 736 Multas
2314 693 2575 748 praeterea
2611 685 2836 754 spathas
2869 700 3005 739 auro
3030 687 3432 743 circumclusas
3462 697 3519 744 et

1939 785 2106 826 zonas
2131 788 2328 828 aureas
2360 789 2484 828 cum
2507 777 2738 847 gemmis
2761 787 2814 832 et
2843 788 3057 834 scutum
3087 780 3314 835 Rhazati
3346 790 3517 836 totum

1936 877 2072 917 auro
2104 879 2416 934 rcSpersum
2464 881 2818 937 acceperunt,
2855 872 3061 927 habens
3093 875 3266 942 petala
3295 883 3515 928 centum

1935 955 2150 1024 viginti,
2203 966 2257 1012 et
2317 958 2543 1012 loricam
2601 960 2774 1030 ipsius
2819 979 2884 1016 ex
2929 980 3063 1018 auro
3099 975 3433 1030 contextam,
3467 975 3522 1020 et

1935 1051 2317 1120 scaramaggin
2365 1051 2485 1121 ejus
2537 1053 2853 1109 detulerunt
2899 1071 3025 1110 cum
3086 1058 3265 1128 capite
3320 1058 3515 1128 ipsius,

1933 1149 2097 1209 atque
2141 1141 2411 1198 dextralia
2461 1144 2596 1215 (52),
2629 1153 2684 1202 et
2714 1148 2902 1202 sellam
2941 1157 3110 1202 totam
3155 1165 3220 1205 ex
3264 1165 3399 1206 auro
3439 1149 3523 1204 la-

1932 1233 2256 1289 brel'actam.
2315 1237 2487 1292 Porro
2553 1247 2737 1296 tentus
2807 1251 2893 1296 est
2947 1243 3097 1296 vivus
3158 1243 3517 1298 Barzamuses

1930 1325 2187 1395 princeps
2234 1325 2560 1384 [liberorum
2613 1331 2720 1385 sub
2753 1329 2936 1388 Persis
2961 1333 3298 1403 degentium.
3343 1333 3517 1388 Nemo

1930 1426 2111 1470 autem
2138 1419 2329 1472 recolit
2358 1419 2679 1489 hujusmodi
2726 1424 2929 1478 bellum
2961 1426 3106 1479 inter
3150 1423 3427 1478 Romanos
3462 1431 3517 1478 et

1928 1508 2151 1574 Persas,
2187 1513 2330 1580 quod
2370 1512 2624 1569 videlicet
2655 1530 2750 1584 per
2779 1523 2950 1570 totum
2976 1516 3120 1570 diem
3165 1516 3355 1570 habuit
3397 1524 3515 1571 sta-

1929 1608 2064 1663 tum,
2099 1601 2458 1673 viceruntque
2501 1603 2758 1661 Romani.
2805 1605 3007 1662 Verum
3050 1607 3154 1662 hoc
3185 1606 3388 1663 factum
3429 1614 3514 1662 est

1928 1692 2046 1746 solo
2072 1691 2168 1748 Dei
2191 1694 2494 1763 juvamine.
2519 1697 2823 1768 Imperator
2843 1715 2975 1755 vero
3001 1715 3029 1753 a
3060 1715 3120 1755 se
3141 1699 3510 1756 confortatum

233 1764 480 1821 Cbosroe
519 1766 730 1837 jussus,
781 1779 834 1824 et
866 1771 971 1825 tria
1005 1772 1176 1826 millia
1219 1773 1274 1828 in
1309 1777 1571 1831 auxilium
1610 1786 1818 1835 armata
1857 1749 1901 1805 Β
1929 1749 2228 1838 exercitum
2266 1795 2457 1839 contra
2493 1749 2768 1843 (.Iliosrocn
2805 1789 3049 1843 minabat
3072 1791 3208 1859 (55),
3235 1801 3512 1858 quatenus

228 1855 453 1909 miserit
511 1857 583 1923 ei,
631 1875 754 1928 qum
814 1873 944 1916 tunc
995 1863 1240 1918 nondum
1289 1875 1669 1934 pervenerant.
1721 1870 1821 1926 llis

226 1948 528 2016 compertis
577 1949 877 2020 imperator
910 1956 1176 2024 praemisit
1227 1959 1502 2014 sarcinam
1563 1970 1692 2016 ante
1734 1977 1816 2029 se,

226 2041 456 2122 ipseque
490 2042 821 2099 subsecutus
851 2054 956 2110 est,
995 2055 1244 2106 tractans
1285 2053 1522 2122 qualiter
1548 2053 1820 2112 inveniret

224 2117 413 2185 locum
450 2133 504 2188 in
535 2150 645 2204 quo
667 2151 912 2206 pugnare
950 2140 1194 2208 deberet,
1238 2143 1558 2215 priusquam
1589 2146 1818 2202 uniren-

221 2231 316 2276 tur
349 2223 431 2279 eis
469 2224 559 2279 illa
603 2227 706 2282 tria
740 2228 931 2284 millia.
963 2229 1315 2305 Repertoque
1357 2251 1553 2306 campo
1583 2245 1712 2307 apto
1746 2239 1816 2294 ad

220 2316 498 2384 praelium,
537 2318 812 2374 allocutus
852 2324 1111 2392 populum
1137 2327 1308 2380 aciem
1343 2327 1637 2384 ordinavit.
1666 2328 1814 2383 Rha-

218 2418 378 2464 xates
405 2425 531 2465 vero
555 2426 676 2466 cum
713 2415 1069 2483 pervenisset,
1105 2423 1160 2473 et
1190 2419 1307 2488 ipse
1338 2419 1587 2488 praslium
1624 2421 1812 2491 dirigit

216 2503 280 2557 in
309 2506 502 2559 cuneis
533 2506 730 2572 tribus,
769 2516 822 2562 et
851 2519 1044 2563 contra
1089 2510 1478 2581 imperatorem
1511 2516 1809 2583 processit.

214 2593 406 2650 Pridie
443 2611 576 2652 sane
621 2597 750 2654 ldus
779 2599 1093 2657 Decembris
1138 2611 1353 2674 gestum
1388 2614 1473 2660 est
1503 2607 1728 2674 bellum,
1758 2617 1812 2666 et

214 2696 351 2741 ante
399 2703 592 2743 omnes
625 2691 922 2760 prosiliens
956 2694 1254 2763 imperator
1294 2698 1642 2768 principique
1683 2699 1812 2753 Per-

210 2794 404 2834 sarum
456 2797 775 2848 occurrens,
815 2786 999 2840 divina
1043 2788 1244 2842 virtute
1273 2789 1483 2860 Deique
1514 2789 1808 2847 Genitricis

210 2872 584 2941 opitulatione
631 2878 778 2930 hunc
816 2877 1038 2946 deiecit,
1078 2888 1132 2933 et
1179 2880 1274 2949 qui
1314 2895 1440 2935 cum
1487 2882 1611 2951 ipso
1647 2890 1817 2959 erant.

208 2965 542 3021 exsilientes
561 2976 724 3023 antea
742 2967 1359 3042 fugerunt.Rursusque
1382 2973 1680 3044 imperator
1707 2975 1804 3030 alii

1925 1872 2073 1927 hunc
2133 1875 2450 1932 deterreret.
2513 1879 2681 1932 Porro
2732 1897 2832 1935 xm
2887 1879 3158 1937 Kalendas
3215 1880 3511 1936 Januarlas

1922 1973 2206 2034 comperto
2231 1965 2530 2034 imperator
2558 1968 2701 2037 quod
2745 1971 2982 2038 populus
3015 1971 3268 2031 tlhazati,
3311 1971 3404 2038 qui
3441 1983 3506 2022 ex

1923 2052 2026 2108 hoc
2061 2054 2204 2109 bello
2233 2057 2426 2118 evasit,
2459 2059 2642 2112 unitus
2664 2060 2827 2114 fuerit
2854 2060 3030 2113 tribus
3061 2059 3303 2112 millibus
3327 2073 3448 2127 qua:
3477 2071 3508 2109 a

1920 2146 2166 2204 Chosroe
2204 2149 2480 2204 destinata
2515 2152 2751 2214 fuerant,
2791 2160 2846 2205 et
2897 2161 3219 2221 sequeretur
3251 2159 3376 2220 post
3426 2164 3508 2215 se,

1919 2239 2273 2311 ceperintque
2319 2241 2535 2306 Ninive,
2587 2253 2934 2298 transmeans
2990 2258 3244 2313 magnum
3297 2241 3504 2306 Zaban,

1919 2333 2089 2387 mittit
2135 2332 2426 2404 Georgium
2469 2335 2821 2389 turmarchen
2849 2334 3162 2388 cum-mille
3211 2333 3504 2394 militibus,

1921 2441 2032 2496 quo
2087 2436 2336 2482 curreret
2368 2428 2434 2482 ad
2463 2429 2806 2484 retinendum
2841 2437 3034 2498 pontes
3063 2426 3289 2480 minoris
3320 2424 3505 2478 Zaban

1917 2517 2235 2587 priusquam
2277 2519 2328 2572 id
2381 2519 2659 2574 Chosroes
2693 2525 3076 2588 cognosceret.
3126 2517 3374 2586 Cumque
3405 2530 3503 2570 cu-

1914 2608 2184 2663 currisset
2239 2607 2510 2678 Georgius
2567 2618 2732 2663 noctu
2807 2609 3080 2662 milliariis
3133 2605 3503 2676 quadraginta

1913 2710 2058 2765 octo,
2093 2701 2267 2755 tenuit
2300 2711 2538 2770 quatuor
2574 2712 2768 2770 pontes
2819 2701 3048 2754 minoris
3083 2699 3266 2752 Zaban
3289 2739 3304 2763 ,
3338 2706 3392 2752 et
3422 2699 3506 2751 in-

1912 2801 2102 2846 ventos
2135 2791 2188 2846 in
2220 2792 2461 2846 castellis
2489 2791 2682 2846 Persas
2707 2789 2967 2845 obtinuit.
3020 2789 3240 2845 Decimo
3262 2797 3494 2858 praeter.

1910 2898 1975 2937 ea
2019 2881 2383 2938 Kalendarum
2427 2883 2812 2939 Januariarum
2844 2885 3171 2955 perveniens
3206 2885 3504 2952 imperator

1911 2975 1977 3029 ad
2007 2985 2202 3044 pontes
2248 2974 2650 3039 translretavit,
2683 2983 2738 3028 et
2766 2973 2985 3028 divertit
3017 2975 3070 3028 in
3110 2974 3302 3029 domos
3345 2973 3504 3028 llies-

209 3073 519 3113 occurrens
555 3069 609 3114 et
646 3061 793 3117 hunc
821 3079 1044 3134 quoque
1085 3065 1363 3134 deposuit.
1415 3066 1578 3121 lrruit
1622 3076 1804 3121 autem
1835 3083 1879 3140 α
1913 3065 2060 3130 dem,
2107 3073 2162 3119 et
2215 3064 2404 3118 refecit
2443 3073 2551 3118 tam
2600 3065 2900 3118 exercitum
2945 3079 3109 3135 quam
3158 3063 3502 3128 animantia,

208 3149 484 3206 adversus
516 3169 642 3208 eum
669 3155 834 3209 etiam
867 3157 1086 3222 tertius,
1125 3159 1220 3228 qui
1265 3159 1418 3214 dedit
1445 3159 1494 3213 ei
1522 3174 1649 3214 cum
1683 3176 1805 3214 mu-

208 3256 388 3298 crone
411 3245 465 3298 in
491 3245 693 3301 labium
730 3257 784 3303 et
824 3248 925 3304 hoc
955 3249 1032 3304 illi
1075 3250 1286 3320 plagam
1319 3252 1534 3308 inﬂixit.
1573 3257 1672 3308 Ast
1702 3252 1804 3307 im-

209 3343 436 3403 perator
487 3347 542 3392 et
589 3339 736 3396 hunc
792 3342 1074 3396 exstinxit.
1112 3344 1180 3397 Et
1221 3345 1369 3399 tubis
1422 3345 1803 3415 clangentibus

209 3443 525 3498 congressa!
556 3443 684 3487 sum
715 3433 770 3488 in
799 3435 1031 3490 invicem
1065 3446 1246 3506 partes
1278 3452 1542 3510 utraeque.
1567 3442 1632 3494 Et
1674 3456 1800 3496 cum

206 3538 396 3592 pugna
427 3524 605 3578 valida
645 3535 947 3595 gereretur,
991 3529 1145 3597 plaga
1186 3530 1508 3586 vulneratus
1536 3541 1618 3586 est
1647 3547 1676 3585 a
1707 3547 1802 3601 pe-

200 3614 422 3670 ditibus
472 3613 678 3674 Phalba
723 3618 1074 3687 imperatoris
1124 3635 1324 3688 equus,
1377 3621 1470 3690 qui
1510 3623 1801 3676 dicebatur

203 3706 448 3770 Dorcon,
484 3708 538 3762 in
582 3707 787 3765 femore
825 3709 1032 3764 lancea:
1077 3711 1187 3764 ictu
1237 3726 1557 3780 percussus.
1600 3711 1800 3769 Multas

194 3804 390 3850 autem
421 3804 474 3850 et
504 3802 823 3865 spatbarum
856 3799 909 3853 in
949 3798 1086 3853 facie
1151 3801 1538 3869 percussiones
1565 3801 1798 3870 accepit,

195 3887 306 3943 sed
362 3886 542 3944 ferens
601 3899 816 3958 tegmen
863 3906 926 3946 ex
993 3893 1173 3946 nervis
1219 3898 1536 3946 contextum
1585 3893 1797 3962 plagam

163 3978 547 4034 'niortileram
581 3997 691 4036 non
723 3984 998 4038 sumebat.
1029 3983 1187 4038 Cadit
1221 3992 1404 4040 autem
1437 3984 1492 4039 in
1526 3984 1630 4039 hoc
1659 3985 1800 4041 bello

198 4070 485 4127 Rhazates
515 4083 568 4128 et
610 4082 723 4129 tres
754 4076 1084 4130 turmarclue
1111 4074 1406 4131 Persarum
1437 4086 1492 4131 et
1522 4077 1798 4148 principes

199 4164 326 4218 fere
369 4165 547 4219 cuncti
587 4173 754 4235 atque
794 4181 921 4236 pars
971 4167 1147 4236 major
1188 4167 1466 4223 exercitus
1525 4169 1795 4237 ipsorum.

195 4256 391 4312 Occisi
429 4265 610 4313 autem
651 4267 780 4314 sunt
803 4259 966 4314 etiam
991 4257 1222 4315 Romani
1258 4275 1489 4314 numero
1515 4261 1792 4331 quinqua-

1912 3156 2152 3226 iecitque
2182 3155 2498 3210 Nativitatis
2543 3155 2747 3212 Christi
2801 3156 3150 3212 festivitatem
3204 3157 3256 3210 in
3306 3155 3498 3211 eodem

1909 3249 2048 3304 loco.
2088 3248 2378 3317 Comperto
2414 3263 2542 3302 vero
2573 3248 2847 3304 Chosroes
2890 3249 3036 3318 quod
3077 3247 3311 3304 Romani
3349 3257 3502 3303 tene-

1907 3349 2027 3396 rent
2073 3349 2266 3411 pontes
2302 3343 2531 3396 minoris
2581 3339 2764 3407 ZabaE,
2801 3341 2950 3396 misit
2978 3341 3042 3395 ad
3093 3343 3371 3398 Persicum
3405 3359 3505 3414 po-

1910 3434 2123 3504 pulum,
2156 3433 2244 3488 cui
2279 3433 2548 3489 llbazates
2575 3441 2827 3504 praeerat,
2860 3443 2919 3486 ut
2948 3433 3148 3503 oppido
3178 3434 3501 3494 festinantes

1911 3525 2276 3597 praevenirent
2323 3525 2710 3595 imperatorem
2748 3534 2803 3581 et
2851 3527 2920 3581 ad
2955 3527 3134 3596 ipsum
3187 3537 3497 3598 pergerent.

1903 3617 2288 3671 Accelerantes
2324 3624 2505 3670 autem
2558 3617 2656 3678 illi.
2699 3629 2750 3672 et
2785 3626 3184 3674 transmeantes
3215 3621 3486 3676 minorem

1905 3706 2090 3762 Zaban
2118 3708 2171 3761 in
2200 3705 2325 3761 aliis
2342 3707 2500 3769 locis,
2519 3718 2901 3775 praevenerunt
2923 3709 3309 3778 imperatorem
3331 3719 3498 3782 atque

1907 3798 2192 3868 praeibant.
2249 3796 2496 3866 Cumque
2545 3797 2844 3865 imperator
2874 3799 3137 3868 palatium
3168 3799 3314 3868 quod
3341 3799 3496 3856 dice-

1905 3891 2066 3945 batur
2093 3887 2392 3942 Dezeridan
2423 3887 2678 3956 cepisset,
2715 3890 2818 3943 hoc
2853 3889 3125 3942 destruxit
3153 3898 3315 3959 atque
3340 3905 3498 3946 com-

1904 3982 2100 4038 bussit.
2133 3982 2202 4036 At
2234 3996 2362 4037 vero
2397 3978 2576 4035 Persa:
2603 3995 2726 4034 cum
2769 3990 2990 4050 pontem
3019 3981 3216 4037 Ternas
3243 3983 3489 4038 numinis

1904 4076 2354 4147 pertransissent,
2396 4073 2594 4130 ibidem
2625 4085 2807 4127 castra
2839 4075 3024 4129 metati
3057 4082 3208 4132 sunt.
3252 4076 3351 4130 Ast
3383 4074 3494 4130 im-

1903 4149 2142 4236 perstet"
2165 4164 2566 4234 comprehenso
2611 4163 2718 4217 alio
2771 4164 2974 4234 palatio
3011 4163 3297 4232 Chosrois,
3345 4165 3490 4235 quod

1879 4259 2199 4314 vocabatur
2243 4256 2410 4323 Busa,
2456 4265 2510 4312 et
2563 4257 2666 4310 hoc
2714 4257 3004 4313 subvertit.
3036 4257 3305 4314 Cie-terum
3337 4271 3496 4312 vere.

195 4350 381 4415 ginta,
438 4355 492 4402 et
549 4349 817 4404 vulnerati
872 4351 1145 4413 nonnulli,
1203 4365 1271 4405 ex
1326 4350 1528 4420 quibus
1584 4351 1796 4407 scilicet
1827 4383 1875 4440 Β
1907 4352 2068 4406 batur
2109 4347 2259 4420 quod
2291 4350 2346 4404 in
2389 4358 2553 4418 ponte
2583 4347 2780 4404 'l‘orna:
2809 4349 3052 4440 ﬂuminis
3084 4351 3268 4406 hostes
3313 4349 3496 4405 forent

197 4438 411 4494 mortui
467 4449 598 4494 sunt
647 4439 858 4494 decem.
918 4438 1094 4495 Porro
1146 4441 1346 4496 bellum
1392 4449 1604 4512 gestum
1636 4450 1721 4496 est
1766 4457 1796 4497 a

199 4549 372 4588 mane
413 4549 588 4605 usque
633 4533 699 4587 ad
752 4533 942 4588 horam
1005 4549 1229 4588 nonam.
1272 4534 1543 4589 Tulerunt
1590 4533 1798 4590 interea

195 4622 440 4681 Romani
477 4627 653 4682 banda
688 4625 983 4681 Persarum
1025 4625 1214 4696 viginti
1245 4635 1395 4692 octo,
1435 4627 1680 4697 exceptis
1709 4627 1797 4684 his

193 4730 331 4782 qum
359 4716 641 4768 confracta
675 4727 823 4779 sunt,
853 4723 907 4768 et
943 4715 1255 4782 dispoliatis
1299 4717 1532 4772 mortuis
1563 4732 1791 4786 accepe-

193 4813 337 4860 runt
376 4805 577 4863 loricas
607 4822 798 4862 eorum
844 4815 898 4862 et
930 4806 1195 4872 cassides,
1231 4822 1330 4864 nec
1362 4823 1471 4862 non
1516 4818 1571 4864 et
1599 4825 1794 4867 omnes

190 4915 405 4954 currus
447 4903 715 4969 ipsorum.
750 4900 818 4954 Et
850 4910 1174 4955 manserunt
1213 4901 1284 4955 ab
1321 4901 1554 4956 invicem
1588 4918 1790 4970 seque-

189 4991 364 5047 strati
414 5005 677 5063 quantum
735 5002 824 5047 est
881 4993 1077 5062 duplex
1127 4992 1340 5062 sagittae
1385 4992 1614 5062 jactus:
1665 4993 1789 5065 fuga

188 5097 442 5151 namque
480 5082 624 5138 facta
665 5100 775 5140 non
813 5095 914 5140 est.
967 5083 1357 5140 Verumtamen
1393 5083 1623 5139 Romani
1671 5092 1790 5141 ani-

190 5174 409 5232 mantia
441 5191 540 5230 sua
589 5185 749 5233 nocte
784 5183 839 5231 et
886 5177 1304 5247 adaquaverunt
1336 5184 1390 5232 et
1429 5188 1782 5247 acceperunt.

190 5267 430 5336 Equites
481 5283 612 5323 vero
643 5269 733 5338 qui
783 5272 926 5323 ultra
972 5279 1149 5334 erant,
1195 5277 1468 5325 steterunt
1503 5287 1677 5340 usque
1717 5274 1785 5327 ad

187 5360 488 5431 septimam
519 5361 708 5416 horam
737 5363 912 5418 noctis
945 5377 1112 5432 super
1149 5363 1503 5418 tabernacula
1538 5375 1784 5418 mortuo-

1907 4450 2101 4500 contra
2159 4458 2218 4498 se
2264 4442 2540 4496 bellaturi.
2581 4441 2687 4496 Sed
2728 4441 2832 4496 hoc
2886 4439 2966 4494 illi
3013 4441 3250 4496 scientes
3301 4439 3493 4496 relicto

1907 4545 2073 4609 ponte
2104 4535 2383 4606 fugerunt.
2426 4535 2640 4590 Interea
2679 4535 2980 4603 imperator
3012 4547 3136 4587 cum
3167 4532 3287 4587 sine
3320 4531 3492 4598 impe-

1904 4630 2152 4686 dimento
2211 4628 2549 4692 transiisset,
2609 4626 2973 4696 apprehendit
3021 4624 3168 4680 aliud
3225 4623 3490 4694 palatium

1903 4732 2268 4791 cognomento
2300 4719 2521 4784 Bechal,
2559 4718 2648 4772 ubi
2684 4725 2739 4772 et
2769 4717 3210 4787 bippodromium
3253 4715 3495 4771 aediﬁca-

1900 4819 2074 4867 verat.
2101 4809 2207 4866 Sed
2237 4817 2292 4866 et
2317 4808 2450 4865 illud
2481 4807 2635 4864 casui
2667 4807 2836 4861 dedit.
2881 4806 3027 4860 Sane
3057 4807 3282 4876 quidam
3306 4805 3494 4864 Arme-

1903 4904 2148 4969 niorum,
2180 4902 2272 4971 qui
2310 4916 2435 4955 cum
2477 4899 2660 4954 Persis
2701 4899 3249 4963 aderant,~venerunt
3278 4897 3348 4953 ad
3385 4900 3492 4958 im-

1899 5005 2204 5068 peratorem
2227 5003 2390 5049 noctu
2407 4992 2651 5047 dicentes
2673 5009 2686 5044 :
2707 4991 2965 5046 Chosroes
2985 5007 3102 5046 cum
3122 4992 3490 5060 dep/tantibus

1897 5099 1946 5142 et
1965 5087 2199 5142 exercitu
2217 5100 2312 5139 suo
2339 5085 2563 5154 quinque
2592 5082 2830 5137 millibus
2861 5085 2996 5138 citra
3016 5084 3275 5152 palatium
3308 5099 3489 5146 suitur,

1895 5177 2148 5234 vocabulo
2187 5175 2507 5246 Dastagerd,
2540 5176 2592 5229 in
2650 5176 2765 5230 loco
2812 5186 3113 5247 nuncupata
3164 5172 3470 5247 Barasru/t

1892 5281 2066 5328 castra
2083 5279 2418 5334 metatusest,
2455 5279 2505 5322 et
2549 5269 2817 5323 mandavit
2869 5279 3032 5322 totum
3054 5267 3164 5320 illic
3198 5237 3504 5316 exerci'uut.

1897 5368 2191 5433 convenire,
2226 5375 2281 5419 ut
2311 5365 2561 5419 adversus
2588 5375 2635 5418 le
2661 5365 2936 5432 pra’lietur
2966 5378 2986 5417 .°
3026 5369 3104 5416 est
3127 5361 3264 5414 enim
3302 5358 3414 5412 illic
3433 5366 3490 5415 et

1679 5505 1919 5565 ΝΟΤτΕ.

269 5594 387 5662 (52)
412 5596 933 5652 Dextraliaﬁlossre
956 5595 1149 5653 lsitlori
1178 5616 1191 5653 :
1223 5598 1512 5662 dextralia,
1540 5598 1785 5655 brachia-

188 5671 293 5722 li.:.
331 5667 482 5720 Adde
517 5665 807 5722 Flodoard.
840 5667 985 5723 Hist.
1015 5666 1162 5723 Rem.
1190 5685 1250 5732 ιι,
1282 5671 1336 5722 6.
1364 5667 1530 5724 Ftsn.

275 5737 390 5808 (55)
422 5736 683 5793 .‘linabat.
720 5739 838 5793 Act.
880 5739 1073 5809 Apost.
1106 5755 1260 5807 xvnt,
1307 5741 1410 5796 l6:
1465 5740 1527 5793 Et
1564 5741 1792 5796 minarii'

1893 5621 2000 5732 cols.
2062 5599 2250 5728 Utititr
2293 5609 2448 5659 vetus
2499 5597 2778 5658 Iuvenalis
2832 5598 3008 5656 schol.
3053 5597 3112 5653 V.
3155 5595 3376 5668 Papiam
3424 5587 3478 5644 in

1893 5678 1931 5729 Α
1983 5675 2154 5732 incus.
2206 5687 2259 5728 ο.

1893 5675 2154 5747 Abigeus.
2184 5675 2259 5728 In.
