3906 6226
1527 282 1927 348 ANASTASII
1981 284 2607 359 BIBLIOTHECARII

3596 276 3733 381 me

444 366 637 431 nam;
668 373 925 430 meatibus
965 391 1174 447 careas,
1223 386 1315 449 qui
1344 397 1519 443 artum
1556 403 1767 458 pontem
1800 395 1953 452 habet
1975 408 2025 453 et
2055 400 2102 458 Α
2131 400 2253 457 aliis
2300 404 2526 462 urbibus
2571 406 2952 464 multitudines
3000 411 3259 482 cepiosae.
3306 414 3468 475 Fecit
3517 421 3724 482 interea

440 465 719 531 angustias
752 483 862 535 pra
881 470 1296 533 habitationibus
1326 484 1547 551 multas,
1587 500 1678 541 nec
1704 506 1805 544 non
1837 501 1884 545 et
1918 492 2019 562 fae-

445 554 549 609 tdi
584 558 705 611 rivi.
742 559 1038 631 Imperator
1082 583 1215 639 ergo
1252 575 1485 630 consilio
1520 592 1644 632 cum
1677 581 2019 654 principibus

442 645 584 701 inito
613 657 666 702 et
711 654 955 708 exercitu
988 658 1126 712 sedit
1177 661 1232 714 in
1279 666 1483 731 palatio
1522 645 1716 725 Bechal
1753 690 1767 726 :
1816 645 2019 746 reperit

439 737 643 806 quippe
676 740 732 794 in
782 759 887 798 una
936 763 1002 801 ex
1051 753 1352 820 porticibus
1393 758 1516 829 ejus
1561 765 1838 833 saginatas
1889 785 2017 828 aves

442 836 740 900 trecentas,
799 844 853 890 et
908 839 961 893 in
1015 843 1121 897 alia
1183 853 1396 913 porticu
1454 867 1682 925 capreas
1739 861 2016 931 saginatas

438 919 793 991 quingentas,
825 942 990 996 porro
1028 933 1081 986 in
1117 936 1220 990 alia
1254 940 1536 1010 saginatus
1567 962 1736 1018 agnos
1770 963 2011 1023 centum,

439 1026 560 1079 qua:
582 1018 783 1085 populo
818 1030 1011 1076 cuncta
1042 1025 1284 1083 donavit.
1315 1032 1382 1086 Et
1411 1034 1684 1095 Kalendas
1723 1018 2013 1105 Ianuarias

438 1102 552 1158 illic
574 1105 844 1168 iecerunt.
886 1114 1130 1187 Denique
1174 1121 1414 1181 inventis
1437 1130 1632 1186 ovibus
1665 1142 1718 1188 et
1750 1139 1933 1205 porcis
1960 1148 2015 1196 et

436 1194 635 1259 bobus.
666 1216 904 1270 quorum
938 1224 1045 1263 non
1076 1222 1193 1267 erat
1227 1231 1510 1285 numerus,
1544 1227 1813 1294 requievit
1849 1247 2017 1303 popu-

435 1284 525 1342 lus
570 1291 897 1358 universus,
950 1300 1233 1367 epulantes
1291 1315 1345 1361 et
1399 1310 1771 1380 gloriﬁcantes
1820 1318 2015 1381 Deum.

433 1377 703 1437 Praterea
755 1391 1171 1458 comprehensis
1205 1399 1289 1454 eis
1334 1404 1425 1470 qui
1485 1404 1589 1460 ista
1639 1411 2012 1479 conferebant,

432 1470 745 1530 didicerunt
776 1481 843 1531 ab
875 1481 981 1537 illis
1011 1485 1274 1555 liquidius
1294 1494 1439 1561 quod
1464 1496 1737 1558 Chosroes
1768 1520 1796 1556 a
1825 1504 1897 1560 ‘23
1926 1470 2015 1564 die

433 1563 753 1624 Decembris
779 1574 1011 1641 mensis,
1036 1591 1315 1649 comperto
1344 1589 1491 1655 quod
1515 1592 1812 1662 imperator
1840 1607 2016 1656 trans-

432 1657 588 1714 iisset
624 1671 847 1729 pontem
890 1666 1126 1736 Ternas,
1171 1677 1461 1734 confestim
1506 1657 1689 1741 motus
1732 1687 1893 1745 fuerit
1942 1692 2011 1747 de

430 1750 637 1819 palatio
665 1757 809 1824 quod
854 1771 975 1815 erat
1009 1763 1063 1817 in
1100 1766 1418 1839 Dastagerd,
1453 1790 1578 1830 cum
1617 1741 2011 1850 magnaétisi-
2045 1741 2088 1796 Β

428 1844 687 1910 phontem
719 1850 1002 1907 celeritate
1039 1859 1308 1925 petiturus
1333 1901 1347 1922 ,
1386 1868 1603 1923 onustis
1649 1885 1713 1925 ex
1756 1876 2011 1933 omnibus

429 1937 701 2003 pecuniis,
729 1956 870 2011 quas
898 1945 1128 2003 habebat
1156 1952 1210 2004 in
1236 1954 1461 2023 palatio,
1486 1966 1598 2013 tam
1630 1963 2011 2032 elephantibus

427 2040 590 2095 quam
622 2034 848 2089 camelis
877 2047 1040 2105 atque
1072 2041 1414 2102 burtlonibus
1441 2048 1553 2120 (54)
1582 2054 1867 2112 ministerii
1899 2060 2009 2130 sui,

426 2118 680 2176 scribe-ns
717 2134 769 2178 et
814 2128 1014 2195 populo
1053 2129 1261 2189 Rhazat
1306 2144 1365 2190 ut
1399 2118 1824 2211 ingrederentur
1864 2118 2009 2207 idem

423 2210 685 2280 palatium
722 2227 776 2271 et
809 2222 1118 2292 principum
1160 2227 1375 2295 domos,
1424 2241 1480 2286 et
1525 2237 1790 2308 quidquid
1826 2241 1881 2295 in
1924 2242 2009 2298 his

424 2302 765 2364 inveniretur
801 2313 1102 2371 auferrent.
1148 2320 1335 2391 itaque
1381 2324 1681 2397 imperator
1712 2331 2007 2391 dimidium

423 2398 647 2465 quidem
695 2407 997 2461 exercitum
1047 2412 1196 2467 misit
1222 2415 1288 2468 ad
1334 2415 1661 2489 Dastagerd,
1710 2424 1830 2493 ipse
1879 2442 2009 2484 vero

422 2504 522 2559 per
554 2492 717 2547 aliam
760 2501 901 2552 viam
938 2501 1073 2557 abiit
1113 2506 1181 2559 ad
1214 2508 1362 2563 aliud
1418 2512 1676 2579 palatium
1711 2492 1858 2587 quod
1909 2535 2008 2576 co-

424 2586 851 2649 gnominabatur
908 2591 1246 2653 Behdaracb.
1304 2601 1370 2654 Et
1423 2602 1513 2658 bis
1562 2586 1741 2663 ruinis
1784 2620 1839 2664 et
1890 2610 2006 2683 igni

421 2672 638 2729 traditis
670 2679 876 2746 gratias
922 2697 1083 2753 egere
1126 2686 1271 2752 Deo,
1306 2692 1399 2759 qui
1445 2708 1540 2761 per
1585 2696 2007 2761 intercessiones

427 2762 517 2818 Dei
560 2765 859 2826 Genitricis
911 2776 1041 2831 talia
1091 2780 1357 2836 miracula
1409 2795 1640 2853 patrat:
1687 2792 1812 2860 quis
1860 2796 2006 2851 enim

422 2863 663 2925 speravit
701 2878 940 2935 unquatn
981 2869 1167 2941 fugere
1202 2872 1485 2931 Cbosroen
1525 2892 1555 2932 a
1593 2879 1733 2937 facie
1776 2882 2006 2946 Romani

422 2949 684 3020 principis
717 2953 786 3010 de
834 2957 1050 3026 palatiis
1083 2963 1199 3017 suis
1232 2966 1353 3033 quas
1393 2976 1551 3021 erant
1586 2968 1642 3024 in
1684 2971 2003 3046 Dastagerd,

415 3048 474 3093 et
506 3055 690 3112 petere
724 3048 1150 3121 Ctisiphontem,
1184 3054 1311 3110 dum
1340 3073 1370 3112 a
1404 3060 1595 3129 viginti
1637 3074 1869 3133 quatuor
1895 3084 1992 3124 an-
2022 3093 2069 3152 ς

418 3132 506 3186 nis
535 3148 729 3203 passus
763 3138 1159 3210 Ctisiphontetn
1202 3148 1388 3204 videre
1427 3166 1537 3206 non
1572 3132 1735 3209 nterit
1758 3199 1772 3222 ,
1812 3159 1907 3213 sed
1937 3162 1991 3215 in

417 3224 717 3297 Dastagerd
771 3235 971 3301 regalia
1018 3236 1138 3304 ejus
1187 3240 1381 3292 erant?
1437 3240 1767 3300 Invenerunt
1811 3257 1990 3305 autem

418 3316 602 3383 populi
638 3315 1005 3377 Romanorum
1034 3326 1087 3378 in
1119 3328 1336 3396 paiatiis
1368 3331 1488 3400 ejus
1516 3335 1659 3403 apud
1696 3336 1989 3412 Dastagerd

416 3403 524 3459 800
554 3404 927 3466 Romanorum
958 3415 1156 3483 banda,
1192 3435 1313 3489 qua:
1355 3438 1451 3493 per
1487 3425 1700 3483 diversa
1730 3443 1995 3501 ceperunt

414 3499 688 3563 tempora.
725 3498 1057 3560 Invenerunt
1084 3508 1247 3564 etiam
1274 3521 1329 3567 et
1357 3516 1589 3584 species,
1620 3537 1741 3589 qua:
1770 3540 1993 3581 reman-

417 3597 625 3655 serant,
657 3593 883 3661 multas,
908 3598 1056 3656 aloes
1083 3604 1292 3660 scilicet
1323 3608 1574 3675 multam,
1604 3624 1655 3667 et
1688 3614 1829 3685 ligna
1871 3619 1993 3677 aloe

412 3692 635 3750 magna,
670 3699 736 3738 ex
774 3689 973 3756 quibus
1012 3699 1444 3770 unumquodque
1475 3702 1542 3756 70
1574 3708 1784 3773 pondus
1824 3709 1991 3766 habe-

410 3770 503 3826 bat
536 3772 617 3828 vel
640 3775 710 3833 80
738 3778 1023 3851 librarum,
1047 3792 1099 3841 et
1127 3790 1360 3845 sericum
1390 3770 1695 3864 copiosum,
1721 3814 1784 3853 ac
1816 3802 1989 3873 piper,

410 3870 466 3917 ct
495 3865 800 3926 t-halbasias
827 3872 938 3945 (55)
977 3880 1232 3936 camisias
1272 3884 1495 3950 multas,
1535 3890 1733 3944 sachar
1765 3865 1990 3965 quoque

409 3962 575 4023 atque
618 3961 865 4028 zingiber
888 3974 943 4019 et
968 3965 1104 4023 alias
1136 3972 1345 4038 species
1388 3975 1530 4029 ultra
1558 3992 1875 4037 mensuram
1905 3988 1989 4040 vel

406 4057 696 4102 numerum
723 4065 738 4115 ;
771 4051 994 4122 quidam
1031 4071 1161 4112 vero
1191 4068 1245 4114 et
1272 4073 1555 4133 argentum
1584 4078 1638 4122 et
1678 4069 1988 4131 holoserica

406 4139 730 4196 vestimenta
758 4184 772 4207 ,
806 4145 1140 4204 lectisternia
1177 4167 1271 4207 seu
1314 4170 1414 4210 acu
1464 4160 1665 4229 tapetia
1705 4175 1986 4233 contexta,

405 4243 638 4297 quorum
656 4244 771 4289 erat
787 4238 942 4307 copia
966 4242 1158 4306 multa,
1174 4255 1437 4317 erantque
1451 4252 1631 4306 omnia
1651 4254 1792 4310 bona
1810 4260 1985 4327 valde,

400 4335 525 4390 quae
565 4337 846 4396 propterea
878 4333 1020 4400 quod
1059 4336 1245 4404 gravia
1284 4349 1502 4403 essent,
1536 4346 1755 4412 penitus
1795 4351 1987 4407 incen-

400 4410 624 4468 derunt.
648 4412 753 4470 Sed
774 4417 1074 4488 etjtentoria
1096 4421 1362 4480 Chosrois
1381 4410 1549 4497 atque
1566 4433 1828 4501 cortinas,
1849 4453 1985 4507 quas
2011 4428 2065 4489 D

403 4504 459 4559 in
498 4506 718 4561 modum
763 4511 1016 4567 tendebat
1061 4516 1630 4589 porticuum,quando
1673 4524 1727 4579 in
1787 4504 1981 4599 catitpo

400 4601 727 4669 metabatur,
759 4614 957 4659 cuncta
997 4620 1349 4677 cremarent,
1378 4613 1509 4682 quin
1541 4622 1596 4669 et
1622 4625 1833 4675 statuas
1860 4623 1979 4691 ejus

2125 493 2425 564 imperator
2465 497 2820 557 festivitatem
2851 501 3145 561 Luminum
3188 525 3368 580 penes
3421 513 3721 591 Dastagerd

2120 582 2354 653 lanatas,
2398 599 2453 644 et
2480 604 2735 648 recreans
2773 603 2883 649 tam
2925 599 3185 667 pepulum
3222 619 3403 673 quam
3442 607 3719 680 jumenta,

2120 676 2252 746 quin
2285 689 2337 733 et
2364 678 2626 739 Chosrois
2659 685 2860 755 palatia
2895 687 3214 754 destruens.
3258 697 3507 755 aediﬁcia
3541 705 3721 761 videli-

2120 780 2206 823 cet
2238 787 2358 840 quze
2402 783 2559 829 erant
2586 778 2963 848 comptissima
2993 793 3043 838 et
3080 785 3423 845 admiranda
3444 833 3461 857 ,
3503 794 3721 856 domos.

2119 870 2227 925 que
2260 861 2558 928 stupendas
2583 905 2598 928 ,
2637 880 2776 935 quas
2811 883 2983 939 usque
3026 872 3094 927 ad
3134 878 3529 944 pavimentum
3560 889 3720 959 depo-

2121 945 2231 999 suit
2262 957 2534 1015 quatenus
2560 950 2837 1012 Cbosroes
2870 960 3137 1018 edisceret
3166 980 3338 1036 quam
3374 971 3588 1032 durum
3628 945 3719 1036 hac

2122 1035 2339 1093 bucrint
2368 1039 2604 1099 Romani
2648 1047 2893 1131 dolorem
2926 1054 3157 1110 urbibus
3188 1035 3314 1116 suis
3345 1064 3623 1127 desolatis
3656 1076 3722 1131 ab

2118 1143 2184 1183 eo
2209 1130 2563 1191 nihilominus
2595 1148 2653 1193 et
2684 1123 2948 1199 incensis.
2984 1143 3146 1203 Tenti
3176 1160 3363 1209 autem
3398 1171 3539 1216 sunt
3568 1172 3627 1218 et
3654 1183 3716 1222 es

2118 1222 2311 1278 aulicis
2340 1227 2524 1294 palatii
2553 1231 2729 1296 multi,
2758 1235 2850 1303 qui
2886 1235 3213 1311 interrogati
3238 1249 3461 1315 quando
3490 1253 3715 1314 disces-

2117 1315 2251 1369 serit
2284 1317 2558 1376 Chosroes
2602 1337 2633 1376 a
2681 1328 2998 1396 Itastagerd,
3039 1347 3388 1394 asserucrunt
3430 1364 3446 1398 :
3491 1346 3643 1403 Ante
3676 1351 3710 1406 9

2115 1404 2229 1459 dies
2259 1409 2409 1475 prius
2449 1429 2610 1482 quam
2641 1432 2727 1470 ras
2751 1421 3017 1476 veniretis.
3048 1427 3246 1481 Audita
3280 1432 3503 1489 aduentu
3527 1452 3708 1497 castra

2116 1495 2340 1553 latenter
2358 1511 2570 1570 pertuso
2592 1521 2742 1561 muro
2755 1512 3015 1577 civitatis,
3034 1516 3129 1584 qui
3150 1520 3398 1588 estjaxta
3416 1530 3704 1600 palatium,

2118 1593 2311 1640 temere
2332 1604 2426 1655 per
2455 1591 2635 1649 hortos
2660 1598 2841 1661 exivit.
2872 1603 2981 1670 ipse
3001 1613 3051 1658 et
3109 1623 3245 1661 uxor
3269 1622 3325 1665 et
3345 1591 3452 1682 ﬁlii
3480 1620 3616 1686 eius,
3645 1640 3711 1679 rte

2119 1673 2264 1743 (ierat
2290 1679 2547 1735 tumultus
2581 1684 2634 1738 in
2662 1686 2893 1743 civitate.
2943 1692 3011 1745 Et
3039 1709 3221 1765 neque
3271 1673 3490 1761 militia:
3540 1673 3713 1776 ipsius

2119 1779 2424 1836 cognovere
2442 1789 2616 1844 neque
2634 1778 2911 1850 principes
2939 1784 3081 1854 ejus,
3110 1805 3407 1863 usquequo
3437 1800 3713 1861 milliariis

2113 1858 2358 1930 quinque
2392 1867 2671 1932 perrexit,
2723 1871 2993 1941 siquidem
3025 1885 3157 1934 tunc
3186 1858 3474 1942 mandavit
3507 1907 3623 1961 quo
3660 1910 3716 1949 se

2113 1963 2477 2019 sequerentur
2512 1955 2912 2051 Ctisiphontem
2943 1968 3253 2027 tendentes.
3290 1974 3360 2030 Et
3386 1979 3439 2033 is
3471 1955 3571 2051 qui
3612 2000 3712 2040 non

2112 2050 2327 2110 poterat
2352 2046 2595 2117 quinque
2628 2043 2883 2109 milliaria
2936 2058 3119 2115 facere
3147 2079 3247 2133 per
3279 2067 3459 2135 diem,
3488 2043 3713 2145 .lugiens

2111 2131 2242 2189 fecit
2270 2138 2454 2207 viginti
2487 2142 2747 2214 quinque,
2782 2131 3164 2225 mulieresque
3197 2174 3262 2214 ac
3298 2164 3396 2218 lilii
3436 2131 3591 2236 ejus:
3626 2131 3711 2241 qui

2110 2237 2172 2280 se
2197 2227 2349 2296 prius
2391 2232 2688 2292 alterutros
2734 2255 2841 2295 non
2873 2244 3151 2314 videbunt,
3190 2260 3327 2309 tunc
3360 2227 3584 2315 mix'tim
3624 2227 3706 2318 {luo

2112 2316 2337 2388 giebant
2363 2322 2594 2382 invicem
2615 2330 2975 2401 impellentes.
3002 2339 3249 2415 Cumque
3282 2363 3395 2403 nox
3433 2357 3707 2412 accessis-

2111 2420 2217 2477 set,
2251 2413 2497 2473 introivit
2523 2420 2800 2481 Chosroes
2832 2428 2885 2483 in
2908 2431 3133 2489 domum
3156 2440 3420 2508 agricolae
3443 2447 3627 2512 nihili,
3650 2450 3703 2505 in

2110 2506 2275 2576 cujus
2317 2513 2462 2568 ostio
2509 2516 2601 2571 vix
2648 2535 2870 2579 manere
2913 2506 3243 2602 praevaluit;
3298 2541 3461 2605 quod
3514 2544 3705 2603 videns

2110 2602 2460 2666 postmodum
2479 2605 2764 2668 Heraclius
2793 2614 3087 2676 admiratus
3109 2632 3211 2681 est.
3232 2602 3340 2681 Per
3356 2636 3479 2688 tres
3510 2644 3703 2693 autem

2111 2688 2228 2744 dies
2256 2693 2392 2749 adiit
2428 2696 2855 2769 Ctisiphontem.
2884 2706 3018 2764 Sane
3053 2710 3326 2772 Chosroes
3350 2688 3700 2791 responsum

2111 2790 2399 2850 acceperat
2428 2800 2458 2840 a
2493 2790 2760 2849 maleﬁcis
2784 2805 2843 2851 et
2875 2802 3157 2871 astrologis
3192 2816 3325 2863 ante
3364 2790 3623 2881 quatuor
3643 2829 3699 2875 et

2111 2870 2335 2930 vicenos
2356 2892 2555 2947 annos,
2589 2886 2809 2952 quando
2839 2888 3013 2947 Dacos
3036 2870 3410 2967 depopulatus
3438 2915 3527 2961 est
3560 2917 3696 2965 tem-

2110 2966 2342 3035 poribus
2376 2969 2568 3029 Phoca:
2601 2974 2831 3035 Βουτειηί
2850 2984 3133 3056 principis,
3152 2966 3302 3060 quod
3322 3001 3572 3068 tempore
3586 3018 3693 3073 quo

2108 3058 2279 3113 adiret
2313 3060 2707 3134 Ctisiphontem
2734 3075 3025 3142 periret.Et
3048 3058 3255 3138 idcirco
3271 3101 3383 3142 non
3401 3058 3480 3145 est
3494 3058 3690 3162 passus

2098 3163 2129 3203 a
2156 3148 2448 3223 Dastagerd
2473 3166 2673 3216 extunc
2702 3163 2758 3218 in
2782 3176 2994 3235 partem
3028 3172 3176 3227 illam
3201 3192 3311 3233 uno
3334 3148 3527 3255 saltem
3563 3188 3692 3243 mil-

2097 3240 2259 3297 liario
2287 3260 2546 3317 pergere,
2578 3253 2672 3307 sed
2705 3255 2833 3312 hinc
2867 3257 3091 3330 fugiens
3119 3267 3186 3319 ad
3219 3269 3355 3325 hanc
3386 3250 3540 3327 abiit.
3588 3240 3692 3334 ve-

2096 3346 2217 3387 rum
2248 3351 2350 3391 nec
2375 3339 2427 3391 in
2459 3340 2575 3411 ipsa
2614 3347 2913 3413 persistere
2935 3367 3110 3411 ausus
3138 3365 3243 3424 est,
3274 3361 3369 3416 sed
3400 3366 3685 3426 transiens

2094 3436 2314 3494 pontem
2364 3428 2604 3501 Tigridis
2640 3435 2883 3497 ﬂuminis
2929 3447 3213 3504 civitatem
3267 3454 3409 3509 ultra
3448 3460 3686 3528 positam

2098 3518 2252 3581 adiit,
2279 3538 2399 3592 quas
2431 3527 2652 3594 quidem
2690 3532 2834 3600 apud
2864 3552 2964 3593 nos
2996 3540 3271 3609 Seleucia,
3305 3518 3466 3619 apud.
3484 3550 3684 3612 Persas

2093 3623 2224 3665 vero
2250 3613 2497 3669 (iubeser
2534 3620 2830 3690 vocitatur,
2866 3626 2921 3680 in
2942 3644 3048 3698 qua
3083 3647 3279 3690 omnes
3300 3641 3571 3706 pecunias
3600 3659 3686 3700 re-

2094 3704 2298 3771 posuit.
2328 3704 2591 3778 Seditque
2621 3712 2734 3769 illic
2761 3730 2884 3771 cum
2922 3719 3097 3776 Sirem
3135 3704 3316 3783 uxore
3338 3744 3439 3785 sua
3475 3743 3532 3788 et
3563 3736 3683 3794 aliis

2093 3796 2272 3852 tribus
2315 3800 2657 3868 mulieribus,
2715 3824 2836 3879 qum
2864 3819 2919 3865 et
2954 3813 3076 3868 lilia:
3114 3816 3291 3886 ipsius
3311 3831 3519 3892 erant;
3554 3828 3681 3883 reli-

2092 3900 2229 3954 quas
2250 3903 2382 3944 vero
2421 3893 2679 3951 mulieres
2732 3914 2863 3955 suas
2913 3905 3235 3976 multosque
3280 3909 3494 3970 liberos
3552 3932 3679 3973 suos

2091 3981 2454 4053 quadraginta
2481 3987 2719 4044 millibus
2748 3991 2906 4063 longe
2923 4001 3225 4054 transmisit
3253 4003 3324 4057 ad
3360 4006 3677 4067 interiorem

2091 4083 2302 4142 partem
2333 4075 2573 4136 Orientis
2617 4082 2672 4137 in
2716 4088 3145 4146 munitissimum
3195 4095 3405 4153 locum.
3445 4101 3677 4168 Quidam

2090 4180 2223 4223 sane
2248 4168 2539 4226 Persarum
2575 4176 2975 4247 derogaverunt
3004 4183 3243 4243 Sarbaro
3289 4204 3465 4259 penes
3492 4194 3675 4252 Ches-

2092 4271 2242 4320 roen,
2301 4261 2445 4328 quod
2466 4277 2589 4317 cum
2610 4262 2875 4325 Romanis
2890 4275 3123 4330 sentiret
3145 4286 3199 4332 et
3224 4279 3297 4333 illi
3322 4280 3674 4356 detraheret;

2090 4357 2145 4401 et
2173 4351 2320 4405 misit
2359 4354 2701 4423 spathariutn
2743 4376 2905 4417 suum
2938 4381 3059 4420 cum
3086 4367 3341 4437 jussione
3367 4376 3437 4429 ad
3469 4351 3675 4432 Carda;

2092 4440 2283 4510 rigant,
2321 4455 2731 4515 compraetorem
2773 4454 3018 4523 Sarbari,
3053 4460 3484 4535 Cbalcedonem,
3528 4470 3673 4524 scri-

2086 4531 2224 4589 bens
2249 4534 2298 4589 ei
2344 4544 2401 4589 ut
2453 4538 2752 4597 Sarbarutn
2799 4546 3163 4616 interﬁceret,
3193 4562 3249 4609 et
3289 4556 3413 4626 ipse
3468 4531 3669 4629 popqu

2084 4622 2375 4679 Persarum
2408 4641 2631 4698 recepto
2658 4638 2991 4693 acceleraret
3027 4642 3080 4695 itt
3112 4641 3401 4702 Persidem
3429 4650 3487 4705 in
3515 4654 3671 4707 auxia

399 4693 625 4749 multas.
668 4696 997 4756 Invenerunt
1026 4711 1205 4758 autem
1235 4704 1369 4759 etin
1401 4704 1487 4760 itis
1520 4710 1733 4777 palatiis
1768 4714 1976 4771 aviaria
2043 4716 2216 4777 .lium
2246 4716 2352 4772 sui.
2387 4717 2436 4773 Is
2463 4731 2645 4777 autem
2677 4727 2769 4796 qui
2804 4728 3015 4787 litteras
3050 4732 3331 4791 deferebat
3371 4740 3525 4795 circa
3562 4741 3669 4798 Ga-

399 4790 457 4837 ει
485 4784 753 4844 dorcades
781 4798 835 4844 et
866 4795 1053 4848 asinos
1084 4804 1327 4865 agrestes
1365 4806 1417 4852 et
1450 4815 1689 4869 pavones
1726 4812 1780 4858 et
1809 4804 1973 4863 fasia-

2073 4807 2254 4863 latiam
2274 4813 2756 4881 comprehenditur
2778 4833 2810 4873 a
2833 4819 3095 4879 Romanis
3117 4868 3132 4893 ,
3161 4835 3665 4902 quoxcontpreben-

2400 4874 2414 4881 _
2896 4874 2903 4875 ,
2940 4874 2947 4875 ,
3117 4874 3132 4893 ,
3166 4874 3273 4897 τ--
3301 4874 3657 4902 -.....,,........κ

397 4886 503 4928 nos
534 4874 761 4932 inﬁnitae
789 4884 1157 4941 multitudinis
1183 4926 1199 4953 ,
1245 4903 1345 4943 nec
1375 4906 1484 4945 non
1515 4893 1569 4946 in
1605 4894 1814 4950 vivario
1850 4898 1972 4967 ejus
2069 4914 2153 4967 so,
2187 4908 2241 4956 et
2258 4903 2632 4962 nescientibus
2662 4907 2868 4974 Persis.
2894 4913 3038 4969 hunc
3060 4915 3385 4988 Byzantium
3419 4924 3659 4981 deduxe-

397 4965 580 4988 .__-___
749 4973 783 4988 _.
859 4974 909 4988 ..
1079 4979 1092 4988 .
1392 4984 1402 4988 -
1493 4984 1523 4988 --
1576 4986 1583 4988 μ

1881 4965 1892 4967 _
2142 4965 2147 4967 ν
2831 4965 2868 4974 ν,
2900 4965 3035 4969 η----
3060 4965 3385 4988 -δ---υ---η-
3420 4965 3655 4981 νιν-ιν-

392 4965 585 5024 leones
630 4984 695 5024 ac
746 4973 973 5041 tigrides
1023 4979 1173 5033 mirae
1223 4984 1619 5052 magnitudinis
1665 4988 1839 5045 vivos.
1899 4990 1973 5047 De
2069 5003 2196 5049 runt
2222 5005 2274 5051 et
2302 4998 2648 5067 imperatoris
2682 5003 2792 5057 ﬁlio
2820 5008 3184 5065 tradiderunt.
3208 5014 3322 5069 'Ast
3363 5016 3663 5086 imperator

392 5068 592 5086 *κιαι-ιι
655 5061 929 5086 ΔΔ--θ--Α-ι-ί
961 5077 1011 5086 υ·
1074 5084 1085 5086 λ
1120 5069 1133 5086 .
1193 5072 1207 5086 ⁹
1413 5084 1418 5086 ’
1470 5084 1472 5086 ’
1673 5081 1684 5086 ’
1764 5082 1774 5086 -
1844 5082 1853 5086 -

2380 5061 2395 5067 -
2984 5061 3052 5064 η’*
3076 5061 3183 5065 "“"
3218 5061 3320 5069 ""
3363 5061 3653 5086 ""l"""'"

389 5068 595 5115 caetero
652 5061 1017 5134 confugerunt
1067 5069 1133 5123 ad
1193 5072 1577 5143 imperatorem
1634 5081 1854 5150 plurimi
1902 5099 1970 5140 ex
2068 5087 2289 5144 amisso
2304 5091 2523 5160 cognita
2543 5095 2770 5150 veritate
2790 5101 3046 5168 protinus
3068 5104 3368 5162 Sarbarum
3389 5112 3656 5166 accessit:

364 5159 644 5230 ;aptivis,
690 5159 911 5219 Edesini
951 5165 1162 5222 scilicet
1187 5176 1241 5224 et
1266 5170 1640 5242 Alexandrini,
1672 5178 1766 5233 sed
1813 5187 1867 5234 et
1895 5195 1964 5236 ex

2072 5181 2167 5253 qui
2207 5196 2332 5238 cum
2372 5185 2696 5257 introisset,
2741 5193 2916 5247 astitit
2970 5195 3311 5267 imperatori.
3359 5203 3660 5274 Imperator

1915 5341 2149 5400 ΝΟΤιΕ.

461 5444 962 5518 (54)}3urdanibus.
1010 5449 1195 5506 Utitur
1243 5450 1502 5518 Ulpianus
1546 5455 1599 5509 in
1640 5457 1743 5518 leg.
1767 5457 1857 5514 ις).
1883 5457 1963 5513 De

389 5512 559 5597 le’gat.‘
582 5516 655 5597 5_;
689 5518 1119 5597 gltrysostontus
1159 5512 1348 5597 (ξιξ-11
1373 5540 1386 5576 :
1413 5519 1573 5597 illm
1611 5527 1639 5580 ὁ
1688 5512 1895 5597 sepem
1932 5512 1961 5582 ὁ

387 5584 582 5664 «ἱέραξι.
606 5586 761 5653 ἡμῶν
798 5584 1580 5664 75bputatam'Theophanes
1614 5616 1627 5651 :
1682 5584 1853 5651 ὅὈἶταν
1881 5602 1963 5664 el;

708 5658 1074 5739 ‘xatOégtenat.
1122 5648 1741 5739 (ξὸῃειίιβηὶἱιιυεν’Ϊξξριτ⁷
1836 5648 1871 5723 VI

410 5720 516 5794 Εχὶ
549 5721 609 5774 δὲ
640 5720 733 5777 καὶ
777 5720 1026 5799 sapasim
1071 5736 1165 5791 καὶ
1204 5735 1460 5809 ῑππάρια.
1502 5720 1661 5795 Adde
1693 5720 1961 5798 Joanne—nt

2068 5461 2350 5586 goscltum
2403 5462 2621 5522 Limon.
2668 5467 2762 5523 IOI
2813 5481 2865 5524 et
2899 5471 3039 5541 125,
3091 5473 3239 5530 Hist.
3279 5478 3424 5548 Trip.
3458 5496 3555 5544 τη.
3595 5477 3649 5534 5.

2115 5548 2238 5586 asa.

2115 5548 2238 5586 ABR.

2141 5604 2264 5685 (ξὸ)
2292 5604 2647 5685 Crhqlbasias:
2766 5611 3096 5685 Hieronymi
3127 5617 3422 5685 epistolam
3448 5620 3520 5677 ad
3549 5620 3645 5678 Fa-

2070 5672 2270 5731 biolam
2296 5684 2350 5733 et
2374 5675 2554 5735 Gloss.
2583 5678 2648 5734 ad
2669 5680 2903 5739 Cedren.
2931 5672 3005 5739 In:
