  <div class='ocr_page' id='page_1' title='image "/cluster/home/n/w/nwhite01/storage/ocr_20150623/108/hvd.32044073502320/663.png"; bbox 0 0 3978 6212; ppageno 0'>
   <div class='ocr_carea' id='block_1_1' title="bbox 505 285 639 353">
    <p class='ocr_par' dir='ltr' id='par_1_1' title="bbox 505 285 639 353">
     <span class='ocr_line' id='line_1_1' title="bbox 505 285 639 353; baseline -0.037 0"><span class='ocrx_word' id='word_1_1' title='bbox 505 285 639 353; x_wconf 81' lang='lat'><strong>1315</strong></span> 
     </span>
    </p>
   </div>
   <div class='ocr_carea' id='block_1_2' title="bbox 500 373 2163 459">
    <p class='ocr_par' dir='ltr' id='par_1_2' title="bbox 500 373 2163 459">
     <span class='ocr_line' id='line_1_2' title="bbox 500 373 2163 459; baseline -0.019 -3"><span class='ocrx_word' id='word_1_2' title='bbox 500 397 704 459; x_wconf 70' lang='lat' dir='ltr'><strong>necavit</strong></span> <span class='ocrx_word' id='word_1_3' title='bbox 743 390 1099 457; x_wconf 80' lang='lat' dir='ltr'><strong>mundumque</strong></span> <span class='ocrx_word' id='word_1_4' title='bbox 1127 384 1339 440; x_wconf 75' lang='lat' dir='ltr'><strong>deleuit.</strong></span> <span class='ocrx_word' id='word_1_5' title='bbox 1376 381 1550 437; x_wconf 85' lang='lat' dir='ltr'><strong>Porro</strong></span> <span class='ocrx_word' id='word_1_6' title='bbox 1580 377 1732 433; x_wconf 93' lang='lat' dir='ltr'><strong>misit</strong></span> <span class='ocrx_word' id='word_1_7' title='bbox 1770 374 1985 432; x_wconf 87' lang='lat' dir='ltr'><strong>Sirobis</strong></span> <span class='ocrx_word' id='word_1_8' title='bbox 2020 388 2087 428; x_wconf 84' lang='lat' dir='ltr'><strong>an</strong></span> <span class='ocrx_word' id='word_1_9' title='bbox 2117 373 2163 432; x_wconf 73' lang='grc' dir='ltr'>Α</span> 
     </span>
    </p>
   </div>
   <div class='ocr_carea' id='block_1_3' title="bbox 500 471 2092 555">
    <p class='ocr_par' dir='ltr' id='par_1_3' title="bbox 500 471 2092 555">
     <span class='ocr_line' id='line_1_3' title="bbox 500 471 2092 555; baseline -0.019 -7"><span class='ocrx_word' id='word_1_10' title='bbox 500 506 631 549; x_wconf 77' lang='lat' dir='ltr'><strong>eum</strong></span> <span class='ocrx_word' id='word_1_11' title='bbox 651 496 898 555; x_wconf 82' lang='lat' dir='ltr'><strong>satrapas</strong></span> <span class='ocrx_word' id='word_1_12' title='bbox 915 483 1061 537; x_wconf 89' lang='lat' dir='ltr'><strong>hunc</strong></span> <span class='ocrx_word' id='word_1_13' title='bbox 1083 476 1302 548; x_wconf 78' lang='lat' dir='ltr'><strong>injuriis</strong></span> <span class='ocrx_word' id='word_1_14' title='bbox 1318 471 1690 544; x_wconf 86' lang='lat' dir='ltr'><strong>impetendum</strong></span> <span class='ocrx_word' id='word_1_15' title='bbox 1714 480 1769 525; x_wconf 88' lang='lat' dir='ltr'><strong>et</strong></span> <span class='ocrx_word' id='word_1_16' title='bbox 1787 481 2092 538; x_wconf 86' lang='lat' dir='ltr'><strong>eouspuen-</strong></span> 
     </span>
    </p>
   </div>
   <div class='ocr_carea' id='block_1_4' title="bbox 505 563 2094 639">
    <p class='ocr_par' dir='ltr' id='par_1_4' title="bbox 505 563 2094 639">
     <span class='ocr_line' id='line_1_4' title="bbox 505 563 2094 639; baseline -0.018 -1"><span class='ocrx_word' id='word_1_17' title='bbox 505 586 659 639; x_wconf 85' lang='lat' dir='ltr'><strong>dum.</strong></span> <span class='ocrx_word' id='word_1_18' title='bbox 689 576 755 633; x_wconf 82' lang='lat' dir='ltr'><strong>Et</strong></span> <span class='ocrx_word' id='word_1_19' title='bbox 771 575 1065 630; x_wconf 78' lang='lat' dir='ltr'><strong>adductum</strong></span> <span class='ocrx_word' id='word_1_20' title='bbox 1078 568 1374 625; x_wconf 81' lang='lat' dir='ltr'><strong>Merdasan</strong></span> <span class='ocrx_word' id='word_1_21' title='bbox 1402 566 1568 621; x_wconf 74' lang='lat' dir='ltr'><strong>illium</strong></span> <span class='ocrx_word' id='word_1_22' title='bbox 1589 563 1730 633; x_wconf 83' lang='lat' dir='ltr'><strong>ejus,</strong></span> <span class='ocrx_word' id='word_1_23' title='bbox 1748 576 1909 633; x_wconf 90' lang='lat' dir='ltr'><strong>quem</strong></span> <span class='ocrx_word' id='word_1_24' title='bbox 1933 573 2094 613; x_wconf 90' lang='lat' dir='ltr'><strong>coro-</strong></span> 
     </span>
    </p>
   </div>
   <div class='ocr_carea' id='block_1_5' title="bbox 502 650 2095 734">
    <p class='ocr_par' dir='ltr' id='par_1_5' title="bbox 502 650 2095 734">
     <span class='ocr_line' id='line_1_5' title="bbox 502 650 2095 734; baseline -0.017 -2"><span class='ocrx_word' id='word_1_25' title='bbox 502 690 642 732; x_wconf 85' lang='lat' dir='ltr'><strong>nare</strong></span> <span class='ocrx_word' id='word_1_26' title='bbox 675 652 911 734; x_wconf 73' lang='lat' dir='ltr'><strong>volebat,</strong></span> <span class='ocrx_word' id='word_1_27' title='bbox 939 677 1067 722; x_wconf 90' lang='lat' dir='ltr'><strong>ante</strong></span> <span class='ocrx_word' id='word_1_28' title='bbox 1090 680 1148 719; x_wconf 86' lang='lat' dir='ltr'><strong>se</strong></span> <span class='ocrx_word' id='word_1_29' title='bbox 1169 661 1395 727; x_wconf 89' lang='lat' dir='ltr'><strong>occidit,</strong></span> <span class='ocrx_word' id='word_1_30' title='bbox 1426 668 1481 715; x_wconf 91' lang='lat' dir='ltr'><strong>et</strong></span> <span class='ocrx_word' id='word_1_31' title='bbox 1511 656 1753 727; x_wconf 88' lang='lat' dir='ltr'><strong>reliquos</strong></span> <span class='ocrx_word' id='word_1_32' title='bbox 1796 652 1939 708; x_wconf 79' lang='lat' dir='ltr'><strong>ﬁlios</strong></span> <span class='ocrx_word' id='word_1_33' title='bbox 1975 650 2095 720; x_wconf 82' lang='lat' dir='ltr'><strong>ejus</strong></span> 
     </span>
    </p>
   </div>
   <div class='ocr_carea' id='block_1_6' title="bbox 509 743 2099 833">
    <p class='ocr_par' dir='ltr' id='par_1_6' title="bbox 509 743 2099 833">
     <span class='ocr_line' id='line_1_6' title="bbox 509 743 2099 833; baseline -0.021 -5"><span class='ocrx_word' id='word_1_34' title='bbox 509 779 739 828; x_wconf 85' lang='lat' dir='ltr'><strong>cunctos</strong></span> <span class='ocrx_word' id='word_1_35' title='bbox 779 768 833 821; x_wconf 92' lang='lat' dir='ltr'><strong>in</strong></span> <span class='ocrx_word' id='word_1_36' title='bbox 881 769 1181 833; x_wconf 87' lang='lat' dir='ltr'><strong>conspectu</strong></span> <span class='ocrx_word' id='word_1_37' title='bbox 1225 757 1346 826; x_wconf 92' lang='lat' dir='ltr'><strong>ejus</strong></span> <span class='ocrx_word' id='word_1_38' title='bbox 1386 755 1808 814; x_wconf 90' lang='lat' dir='ltr'><strong>interemerunt,</strong></span> <span class='ocrx_word' id='word_1_39' title='bbox 1852 754 1907 802; x_wconf 91' lang='lat' dir='ltr'><strong>et</strong></span> <span class='ocrx_word' id='word_1_40' title='bbox 1950 743 2099 799; x_wconf 90' lang='lat' dir='ltr'><strong>misit</strong></span> 
     </span>
    </p>
   </div>
   <div class='ocr_carea' id='block_1_7' title="bbox 511 844 2099 925">
    <p class='ocr_par' dir='ltr' id='par_1_7' title="bbox 511 844 2099 925">
     <span class='ocr_line' id='line_1_7' title="bbox 511 844 2099 925; baseline -0.021 -3"><span class='ocrx_word' id='word_1_41' title='bbox 511 858 1048 925; x_wconf 67' lang='lat' dir='ltr'><strong>omneminimicum</strong></span> <span class='ocrx_word' id='word_1_42' title='bbox 1077 855 1198 922; x_wconf 84' lang='lat' dir='ltr'><strong>ejus</strong></span> <span class='ocrx_word' id='word_1_43' title='bbox 1230 849 1449 919; x_wconf 94' lang='lat' dir='ltr'><strong>injuriis</strong></span> <span class='ocrx_word' id='word_1_44' title='bbox 1477 844 1766 901; x_wconf 89' lang='lat' dir='ltr'><strong>cumulare</strong></span> <span class='ocrx_word' id='word_1_45' title='bbox 1801 849 1856 895; x_wconf 91' lang='lat' dir='ltr'><strong>et</strong></span> <span class='ocrx_word' id='word_1_46' title='bbox 1900 852 2099 909; x_wconf 87' lang='lat' dir='ltr'><strong>percu-</strong></span> 
     </span>
    </p>
   </div>
   <div class='ocr_carea' id='block_1_8' title="bbox 1618 241 2689 326">
    <p class='ocr_par' dir='ltr' id='par_1_8' title="bbox 1618 241 2689 326">
     <span class='ocr_line' id='line_1_8' title="bbox 1618 241 2689 326; baseline -0.025 1"><span class='ocrx_word' id='word_1_47' title='bbox 1618 265 1719 326; x_wconf 73' lang='lat' dir='ltr'><strong>AN</strong></span> <span class='ocrx_word' id='word_1_48' title='bbox 1731 256 2027 324; x_wconf 78' lang='lat' dir='ltr'><strong>ASTASII</strong></span> <span class='ocrx_word' id='word_1_49' title='bbox 2061 241 2689 317; x_wconf 76' lang='lat' dir='ltr'><strong>BIBLIOTHECARH.</strong></span> 
     </span>
    </p>
   </div>
   <div class='ocr_carea' id='block_1_9' title="bbox 2194 336 3704 422">
    <p class='ocr_par' dir='ltr' id='par_1_9' title="bbox 2194 336 3704 422">
     <span class='ocr_line' id='line_1_9' title="bbox 2194 336 3704 422; baseline -0.02 0"><span class='ocrx_word' id='word_1_50' title='bbox 2194 364 2429 422; x_wconf 89' lang='lat' dir='ltr'><strong>dendum</strong></span> <span class='ocrx_word' id='word_1_51' title='bbox 2459 370 2686 417; x_wconf 84' lang='lat' dir='ltr'><strong>suasum</strong></span> <span class='ocrx_word' id='word_1_52' title='bbox 2711 346 3011 422; x_wconf 70' lang='lat' dir='ltr'><strong>baptizavit</strong></span> <span class='ocrx_word' id='word_1_53' title='bbox 3038 345 3095 400; x_wconf 92' lang='lat' dir='ltr'><strong>in</strong></span> <span class='ocrx_word' id='word_1_54' title='bbox 3122 342 3289 399; x_wconf 88' lang='lat' dir='ltr'><strong>domo</strong></span> <span class='ocrx_word' id='word_1_55' title='bbox 3311 337 3571 395; x_wconf 79' lang='lat' dir='ltr'><strong>Eustachii</strong></span> <span class='ocrx_word' id='word_1_56' title='bbox 3596 336 3704 395; x_wconf 77' lang='lat' dir='ltr'><strong>hea-</strong></span> 
     </span>
    </p>
   </div>
   <div class='ocr_carea' id='block_1_10' title="bbox 2194 432 3706 529">
    <p class='ocr_par' dir='ltr' id='par_1_10' title="bbox 2194 432 3706 529">
     <span class='ocr_line' id='line_1_10' title="bbox 2194 432 3706 529; baseline -0.019 -16"><span class='ocrx_word' id='word_1_57' title='bbox 2194 454 2457 529; x_wconf 87' lang='lat' dir='ltr'><strong>politani,</strong></span> <span class='ocrx_word' id='word_1_58' title='bbox 2519 448 2615 522; x_wconf 92' lang='lat' dir='ltr'><strong>qui</strong></span> <span class='ocrx_word' id='word_1_59' title='bbox 2670 452 2725 502; x_wconf 92' lang='lat' dir='ltr'><strong>et</strong></span> <span class='ocrx_word' id='word_1_60' title='bbox 2781 445 2933 514; x_wconf 89' lang='lat' dir='ltr'><strong>ipse,</strong></span> <span class='ocrx_word' id='word_1_61' title='bbox 2984 452 3112 495; x_wconf 86' lang='lat' dir='ltr'><strong>cum</strong></span> <span class='ocrx_word' id='word_1_62' title='bbox 3177 432 3520 489; x_wconf 85' lang='lat' dir='ltr'><strong>Christianus</strong></span> <span class='ocrx_word' id='word_1_63' title='bbox 3563 441 3706 495; x_wconf 77' lang='lat' dir='ltr'><strong>esset,</strong></span> 
     </span>
    </p>
   </div>
   <div class='ocr_carea' id='block_1_11' title="bbox 2195 522 3707 618">
    <p class='ocr_par' dir='ltr' id='par_1_11' title="bbox 2195 522 3707 618">
     <span class='ocr_line' id='line_1_11' title="bbox 2195 522 3707 618; baseline -0.019 -15"><span class='ocrx_word' id='word_1_64' title='bbox 2195 522 2586 618; x_wconf 73' lang='lat' dir='ltr'><strong>imperatorem</strong></span> <span class='ocrx_word' id='word_1_65' title='bbox 2625 536 2861 605; x_wconf 76' lang='lat' dir='ltr'><strong>excepit.</strong></span> <span class='ocrx_word' id='word_1_66' title='bbox 2908 531 3198 600; x_wconf 76' lang='lat' dir='ltr'><strong>ingressus</strong></span> <span class='ocrx_word' id='word_1_67' title='bbox 3246 526 3432 593; x_wconf 81' lang='lat' dir='ltr'><strong>itaque</strong></span> <span class='ocrx_word' id='word_1_68' title='bbox 3474 522 3707 593; x_wconf 80' lang='lat' dir='ltr'><strong>imperator</strong></span> 
     </span>
    </p>
   </div>
   <div class='ocr_carea' id='block_1_12' title="bbox 2201 616 3710 707">
    <p class='ocr_par' dir='ltr' id='par_1_12' title="bbox 2201 616 3710 707">
     <span class='ocr_line' id='line_1_12' title="bbox 2201 616 3710 707; baseline -0.016 -14"><span class='ocrx_word' id='word_1_69' title='bbox 2201 616 2657 707; x_wconf 82' lang='lat' dir='ltr'><strong>llierosoiymam,</strong></span> <span class='ocrx_word' id='word_1_70' title='bbox 2716 627 2979 683; x_wconf 87' lang='lat' dir='ltr'><strong>restituto</strong></span> <span class='ocrx_word' id='word_1_71' title='bbox 3045 630 3157 675; x_wconf 88' lang='lat' dir='ltr'><strong>tam</strong></span> <span class='ocrx_word' id='word_1_72' title='bbox 3207 616 3473 673; x_wconf 83' lang='lat' dir='ltr'><strong>Zacharia</strong></span> <span class='ocrx_word' id='word_1_73' title='bbox 3515 616 3710 687; x_wconf 76' lang='lat' dir='ltr'><strong>pontiﬁce</strong></span> 
     </span>
    </p>
   </div>
   <div class='ocr_carea' id='block_1_13' title="bbox 2199 709 3711 803">
    <p class='ocr_par' dir='ltr' id='par_1_13' title="bbox 2199 709 3711 803">
     <span class='ocr_line' id='line_1_13' title="bbox 2199 709 3711 803; baseline -0.015 -21"><span class='ocrx_word' id='word_1_74' title='bbox 2199 722 2363 803; x_wconf 70' lang='lat' dir='ltr'><strong>quam</strong></span> <span class='ocrx_word' id='word_1_75' title='bbox 2393 728 2551 782; x_wconf 75' lang='lat' dir='ltr'><strong>almae</strong></span> <span class='ocrx_word' id='word_1_76' title='bbox 2580 722 2767 780; x_wconf 85' lang='lat' dir='ltr'><strong>erucis</strong></span> <span class='ocrx_word' id='word_1_77' title='bbox 2799 715 3138 773; x_wconf 86' lang='lat' dir='ltr'><strong>bonorandis</strong></span> <span class='ocrx_word' id='word_1_78' title='bbox 3163 728 3230 767; x_wconf 90' lang='lat' dir='ltr'><strong>ac</strong></span> <span class='ocrx_word' id='word_1_79' title='bbox 3260 709 3490 765; x_wconf 82' lang='lat' dir='ltr'><strong>viviﬁeis</strong></span> <span class='ocrx_word' id='word_1_80' title='bbox 3514 709 3645 778; x_wconf 82' lang='lat' dir='ltr'><strong>lignis</strong></span> <span class='ocrx_word' id='word_1_81' title='bbox 3672 709 3711 762; x_wconf 82' lang='lat' dir='ltr'><strong>in</strong></span> 
     </span>
    </p>
   </div>
   <div class='ocr_carea' id='block_1_14' title="bbox 2201 800 3716 894">
    <p class='ocr_par' dir='ltr' id='par_1_14' title="bbox 2201 800 3716 894">
     <span class='ocr_line' id='line_1_14' title="bbox 2201 800 3716 894; baseline -0.017 -17"><span class='ocrx_word' id='word_1_82' title='bbox 2201 800 2483 894; x_wconf 78' lang='lat' dir='ltr'><strong>proprium</strong></span> <span class='ocrx_word' id='word_1_83' title='bbox 2507 818 2711 879; x_wconf 91' lang='lat' dir='ltr'><strong>locum,</strong></span> <span class='ocrx_word' id='word_1_84' title='bbox 2733 810 2997 883; x_wconf 83' lang='lat' dir='ltr'><strong>plurimas</strong></span> <span class='ocrx_word' id='word_1_85' title='bbox 3016 807 3127 861; x_wconf 84' lang='lat' dir='ltr'><strong>Deo</strong></span> <span class='ocrx_word' id='word_1_86' title='bbox 3143 810 3331 875; x_wconf 82' lang='lat' dir='ltr'><strong>grates</strong></span> <span class='ocrx_word' id='word_1_87' title='bbox 3353 801 3479 872; x_wconf 84' lang='lat' dir='ltr'><strong>egit,</strong></span> <span class='ocrx_word' id='word_1_88' title='bbox 3495 800 3716 869; x_wconf 79' lang='lat' dir='ltr'><strong>pulsisqua</strong></span> 
     </span>
    </p>
   </div>
   <div class='ocr_carea' id='block_1_15' title="bbox 3595 224 3703 289">
    <p class='ocr_par' dir='ltr' id='par_1_15' title="bbox 3595 224 3703 289">
     <span class='ocr_line' id='line_1_15' title="bbox 3595 224 3703 289; baseline 0.037 -4"><span class='ocrx_word' id='word_1_89' title='bbox 3595 224 3703 289; x_wconf 70' lang='lat'><strong>1316</strong></span> 
     </span>
    </p>
   </div>
   <div class='ocr_carea' id='block_1_16' title="bbox 512 894 3720 1020">
    <p class='ocr_par' dir='ltr' id='par_1_16' title="bbox 512 894 3720 1020">
     <span class='ocr_line' id='line_1_16' title="bbox 512 894 1918 925; baseline -0.019 -6"><span class='ocrx_word' id='word_1_90' title='bbox 512 894 1048 925; x_wconf 48' lang='lat' dir='ltr'><strong>uiuum&quot;quin-uua&quot;.-</strong></span> <span class='ocrx_word' id='word_1_91' title='bbox 1077 894 1106 907; x_wconf 80' lang='grc' dir='ltr'><strong>ν</strong></span> <span class='ocrx_word' id='word_1_92' title='bbox 1136 894 1198 907; x_wconf 73' lang='grc' dir='ltr'><strong>...ι</strong></span> <span class='ocrx_word' id='word_1_93' title='bbox 1232 894 1284 905; x_wconf 88' lang='lat'><strong>...</strong></span> <span class='ocrx_word' id='word_1_94' title='bbox 1317 894 1449 903; x_wconf 75' lang='lat'><strong>.....-</strong></span> <span class='ocrx_word' id='word_1_95' title='bbox 1480 894 1721 901; x_wconf 44' lang='grc' dir='ltr'><strong>-..ηπ-μη</strong></span> <span class='ocrx_word' id='word_1_96' title='bbox 1744 894 1761 897; x_wconf 80' lang='lat'>_</span> <span class='ocrx_word' id='word_1_97' title='bbox 1814 894 1821 895; x_wconf 60' lang='lat'><strong><em>,</em></strong></span> <span class='ocrx_word' id='word_1_98' title='bbox 1902 894 1918 909; x_wconf 72' lang='lat'><em>_</em></span> 
     </span>
     <span class='ocr_line' id='line_1_17' title="bbox 512 894 3720 1020; baseline -0.021 -7"><span class='ocrx_word' id='word_1_99' title='bbox 512 967 629 1014; x_wconf 89' lang='lat' dir='ltr'><strong>tere</strong></span> <span class='ocrx_word' id='word_1_100' title='bbox 654 962 709 1010; x_wconf 93' lang='lat' dir='ltr'><strong>et</strong></span> <span class='ocrx_word' id='word_1_101' title='bbox 734 963 1038 1020; x_wconf 89' lang='lat' dir='ltr'><strong>eonspuere</strong></span> <span class='ocrx_word' id='word_1_102' title='bbox 1069 894 1244 1000; x_wconf 77' lang='lat' dir='ltr'><strong>illum.</strong></span> <span class='ocrx_word' id='word_1_103' title='bbox 1283 894 1530 1010; x_wconf 79' lang='lat' dir='ltr'><strong>l)enique</strong></span> <span class='ocrx_word' id='word_1_104' title='bbox 1563 951 1659 1007; x_wconf 87' lang='lat' dir='ltr'><strong>per</strong></span> <span class='ocrx_word' id='word_1_105' title='bbox 1703 933 1951 1005; x_wconf 86' lang='lat' dir='ltr'><strong>quinque</strong></span> <span class='ocrx_word' id='word_1_106' title='bbox 1983 930 2103 985; x_wconf 69' lang='lat' dir='ltr'><strong>dies</strong></span> <span class='ocrx_word' id='word_1_107' title='bbox 2205 917 2277 971; x_wconf 90' lang='lat' dir='ltr'><strong>ab</strong></span> <span class='ocrx_word' id='word_1_108' title='bbox 2293 914 2433 970; x_wconf 85' lang='lat' dir='ltr'><strong>urbe</strong></span> <span class='ocrx_word' id='word_1_109' title='bbox 2453 918 2646 968; x_wconf 87' lang='lat' dir='ltr'><strong>sancta</strong></span> <span class='ocrx_word' id='word_1_110' title='bbox 2669 903 2913 962; x_wconf 70' lang='lat' dir='ltr'><strong>Hebraeis</strong></span> <span class='ocrx_word' id='word_1_111' title='bbox 2932 900 3098 973; x_wconf 81' lang='lat' dir='ltr'><strong>jussit</strong></span> <span class='ocrx_word' id='word_1_112' title='bbox 3122 912 3231 953; x_wconf 89' lang='lat' dir='ltr'><strong>non</strong></span> <span class='ocrx_word' id='word_1_113' title='bbox 3258 894 3457 951; x_wconf 87' lang='lat' dir='ltr'><strong>habere</strong></span> <span class='ocrx_word' id='word_1_114' title='bbox 3478 894 3587 948; x_wconf 84' lang='lat' dir='ltr'><strong>illos</strong></span> <span class='ocrx_word' id='word_1_115' title='bbox 3604 900 3720 961; x_wconf 79' lang='lat' dir='ltr'><strong>pote-</strong></span> 
     </span>
     <span class='ocr_line' id='line_1_18' title="bbox 2302 987 3720 1020; baseline -0.008 12"><span class='ocrx_word' id='word_1_116' title='bbox 2302 1016 2311 1020; x_wconf 83' lang='lat'>—</span> <span class='ocrx_word' id='word_1_117' title='bbox 2524 1019 2529 1020; x_wconf 39' lang='grc' dir='ltr'><em>γ</em></span> <span class='ocrx_word' id='word_1_118' title='bbox 2582 1000 2663 1020; x_wconf 36' lang='grc' dir='ltr'><strong>τίς-</strong></span> <span class='ocrx_word' id='word_1_119' title='bbox 2706 1000 2860 1020; x_wconf 39' lang='grc' dir='ltr'><strong>ΑΔ...</strong></span> <span class='ocrx_word' id='word_1_120' title='bbox 2907 994 3114 1020; x_wconf 71' lang='lat'><strong>-:_:....:</strong></span> <span class='ocrx_word' id='word_1_121' title='bbox 3144 1006 3305 1020; x_wconf 64' lang='grc' dir='ltr'><strong>...η-κ</strong></span> <span class='ocrx_word' id='word_1_122' title='bbox 3341 989 3502 1020; x_wconf 64' lang='lat' dir='ltr'><strong>unm.</strong></span> <span class='ocrx_word' id='word_1_123' title='bbox 3530 987 3720 1020; x_wconf 61' lang='lat' dir='ltr'><strong>mum...</strong></span> 
     </span>
    </p>
   </div>
   <div class='ocr_carea' id='block_1_17' title="bbox 516 1025 2104 1114">
    <p class='ocr_par' dir='ltr' id='par_1_17' title="bbox 516 1025 2104 1114">
     <span class='ocr_line' id='line_1_19' title="bbox 516 1025 2104 1114; baseline -0.021 -6"><span class='ocrx_word' id='word_1_124' title='bbox 516 1054 622 1107; x_wconf 87' lang='lat' dir='ltr'><strong>hoc</strong></span> <span class='ocrx_word' id='word_1_125' title='bbox 654 1048 819 1112; x_wconf 82' lang='lat' dir='ltr'><strong>laetu,</strong></span> <span class='ocrx_word' id='word_1_126' title='bbox 850 1042 1019 1114; x_wconf 83' lang='lat' dir='ltr'><strong>jussit</strong></span> <span class='ocrx_word' id='word_1_127' title='bbox 1048 1035 1267 1093; x_wconf 89' lang='lat' dir='ltr'><strong>Sirobis</strong></span> <span class='ocrx_word' id='word_1_128' title='bbox 1296 1034 1444 1088; x_wconf 90' lang='lat' dir='ltr'><strong>hunc</strong></span> <span class='ocrx_word' id='word_1_129' title='bbox 1476 1028 1716 1085; x_wconf 85' lang='lat' dir='ltr'><strong>arcubus</strong></span> <span class='ocrx_word' id='word_1_130' title='bbox 1746 1025 2057 1080; x_wconf 72' lang='lat' dir='ltr'><strong>interficere</strong></span> <span class='ocrx_word' id='word_1_131' title='bbox 2087 1036 2104 1086; x_wconf 82' lang='lat'><strong>,</strong></span> 
     </span>
    </p>
   </div>
   <div class='ocr_carea' id='block_1_18' title="bbox 520 1112 2108 1213">
    <p class='ocr_par' dir='ltr' id='par_1_18' title="bbox 520 1112 2108 1213">
     <span class='ocr_line' id='line_1_20' title="bbox 520 1112 2108 1213; baseline -0.02 -15"><span class='ocrx_word' id='word_1_132' title='bbox 520 1143 711 1213; x_wconf 86' lang='lat' dir='ltr'><strong>sicque</strong></span> <span class='ocrx_word' id='word_1_133' title='bbox 749 1135 1012 1209; x_wconf 78' lang='lat' dir='ltr'><strong>paulatim</strong></span> <span class='ocrx_word' id='word_1_134' title='bbox 1048 1131 1103 1185; x_wconf 92' lang='lat' dir='ltr'><strong>in</strong></span> <span class='ocrx_word' id='word_1_135' title='bbox 1138 1127 1300 1183; x_wconf 86' lang='lat' dir='ltr'><strong>malis</strong></span> <span class='ocrx_word' id='word_1_136' title='bbox 1324 1123 1720 1196; x_wconf 84' lang='lat' dir='ltr'><strong>nequissimam</strong></span> <span class='ocrx_word' id='word_1_137' title='bbox 1751 1133 1907 1175; x_wconf 85' lang='lat' dir='ltr'><strong>suam</strong></span> <span class='ocrx_word' id='word_1_138' title='bbox 1931 1112 2108 1170; x_wconf 84' lang='lat' dir='ltr'><strong>tradi-</strong></span> 
     </span>
    </p>
   </div>
   <div class='ocr_carea' id='block_1_19' title="bbox 510 1207 2109 1293">
    <p class='ocr_par' dir='ltr' id='par_1_19' title="bbox 510 1207 2109 1293">
     <span class='ocr_line' id='line_1_21' title="bbox 510 1207 2109 1293; baseline -0.021 -1"><span class='ocrx_word' id='word_1_139' title='bbox 510 1207 899 1293; x_wconf 34' lang='lat' dir='ltr'><strong>‘dit‘animam.</strong></span> <span class='ocrx_word' id='word_1_140' title='bbox 955 1227 1112 1280; x_wconf 87' lang='lat' dir='ltr'><strong>Tune</strong></span> <span class='ocrx_word' id='word_1_141' title='bbox 1152 1220 1370 1277; x_wconf 82' lang='lat' dir='ltr'><strong>Sirohis</strong></span> <span class='ocrx_word' id='word_1_142' title='bbox 1422 1214 1647 1287; x_wconf 84' lang='lat' dir='ltr'><strong>scripsit</strong></span> <span class='ocrx_word' id='word_1_143' title='bbox 1682 1211 1750 1267; x_wconf 83' lang='lat' dir='ltr'><strong>ad</strong></span> <span class='ocrx_word' id='word_1_144' title='bbox 1790 1207 2109 1264; x_wconf 83' lang='lat' dir='ltr'><strong>Heraclium</strong></span> 
     </span>
    </p>
   </div>
   <div class='ocr_carea' id='block_1_20' title="bbox 524 1305 2116 1397">
    <p class='ocr_par' dir='ltr' id='par_1_20' title="bbox 524 1305 2116 1397">
     <span class='ocr_line' id='line_1_22' title="bbox 524 1305 2116 1397; baseline -0.021 -13"><span class='ocrx_word' id='word_1_145' title='bbox 524 1325 907 1397; x_wconf 83' lang='lat' dir='ltr'><strong>evangelizans</strong></span> <span class='ocrx_word' id='word_1_146' title='bbox 929 1321 978 1375; x_wconf 92' lang='lat' dir='ltr'><strong>ei</strong></span> <span class='ocrx_word' id='word_1_147' title='bbox 998 1314 1250 1375; x_wconf 85' lang='lat' dir='ltr'><strong>scelerati</strong></span> <span class='ocrx_word' id='word_1_148' title='bbox 1283 1310 1547 1368; x_wconf 88' lang='lat' dir='ltr'><strong>Cbosrois</strong></span> <span class='ocrx_word' id='word_1_149' title='bbox 1569 1305 1871 1367; x_wconf 89' lang='lat' dir='ltr'><strong>interitum,</strong></span> <span class='ocrx_word' id='word_1_150' title='bbox 1894 1315 2116 1372; x_wconf 88' lang='lat' dir='ltr'><strong>pacem-</strong></span> 
     </span>
    </p>
   </div>
   <div class='ocr_carea' id='block_1_21' title="bbox 527 1393 2114 1491">
    <p class='ocr_par' dir='ltr' id='par_1_21' title="bbox 527 1393 2114 1491">
     <span class='ocr_line' id='line_1_23' title="bbox 527 1393 2114 1491; baseline -0.02 -16"><span class='ocrx_word' id='word_1_151' title='bbox 527 1437 633 1491; x_wconf 89' lang='lat' dir='ltr'><strong>que</strong></span> <span class='ocrx_word' id='word_1_152' title='bbox 661 1421 845 1489; x_wconf 86' lang='lat' dir='ltr'><strong>jugem</strong></span> <span class='ocrx_word' id='word_1_153' title='bbox 874 1427 997 1469; x_wconf 90' lang='lat' dir='ltr'><strong>cum</strong></span> <span class='ocrx_word' id='word_1_154' title='bbox 1020 1425 1085 1467; x_wconf 90' lang='lat' dir='ltr'><strong>eo</strong></span> <span class='ocrx_word' id='word_1_155' title='bbox 1112 1425 1176 1464; x_wconf 88' lang='lat' dir='ltr'><strong>ac</strong></span> <span class='ocrx_word' id='word_1_156' title='bbox 1204 1404 1572 1461; x_wconf 84' lang='lat' dir='ltr'><strong>ﬁrmissimam</strong></span> <span class='ocrx_word' id='word_1_157' title='bbox 1597 1394 1826 1469; x_wconf 81' lang='lat' dir='ltr'><strong>pepigit,</strong></span> <span class='ocrx_word' id='word_1_158' title='bbox 1852 1393 2114 1448; x_wconf 91' lang='lat' dir='ltr'><strong>omnibus</strong></span> 
     </span>
    </p>
   </div>
   <div class='ocr_carea' id='block_1_22' title="bbox 528 1482 2118 1573">
    <p class='ocr_par' dir='ltr' id='par_1_22' title="bbox 528 1482 2118 1573">
     <span class='ocr_line' id='line_1_24' title="bbox 528 1482 2118 1573; baseline -0.021 -6"><span class='ocrx_word' id='word_1_159' title='bbox 528 1506 899 1571; x_wconf 85' lang='lat' dir='ltr'><strong>Christianis,</strong></span> <span class='ocrx_word' id='word_1_160' title='bbox 949 1502 1041 1573; x_wconf 89' lang='lat' dir='ltr'><strong>qui</strong></span> <span class='ocrx_word' id='word_1_161' title='bbox 1102 1500 1157 1553; x_wconf 91' lang='lat' dir='ltr'><strong>in</strong></span> <span class='ocrx_word' id='word_1_162' title='bbox 1213 1496 1537 1552; x_wconf 82' lang='lat' dir='ltr'><strong>carceribus</strong></span> <span class='ocrx_word' id='word_1_163' title='bbox 1590 1501 1647 1546; x_wconf 89' lang='lat' dir='ltr'><strong>et</strong></span> <span class='ocrx_word' id='word_1_164' title='bbox 1690 1488 1841 1545; x_wconf 88' lang='lat' dir='ltr'><strong>omni</strong></span> <span class='ocrx_word' id='word_1_165' title='bbox 1892 1482 2118 1539; x_wconf 85' lang='lat' dir='ltr'><strong>Perside</strong></span> 
     </span>
    </p>
   </div>
   <div class='ocr_carea' id='block_1_23' title="bbox 532 1572 2119 1673">
    <p class='ocr_par' dir='ltr' id='par_1_23' title="bbox 532 1572 2119 1673">
     <span class='ocr_line' id='line_1_25' title="bbox 532 1572 2119 1673; baseline -0.022 -14"><span class='ocrx_word' id='word_1_166' title='bbox 532 1600 733 1673; x_wconf 88' lang='lat' dir='ltr'><strong>captivi</strong></span> <span class='ocrx_word' id='word_1_167' title='bbox 767 1598 1121 1656; x_wconf 88' lang='lat' dir='ltr'><strong>tenebantur,</strong></span> <span class='ocrx_word' id='word_1_168' title='bbox 1160 1590 1210 1646; x_wconf 91' lang='lat' dir='ltr'><strong>ei</strong></span> <span class='ocrx_word' id='word_1_169' title='bbox 1248 1585 1520 1651; x_wconf 86' lang='lat' dir='ltr'><strong>remissis,</strong></span> <span class='ocrx_word' id='word_1_170' title='bbox 1549 1596 1658 1638; x_wconf 91' lang='lat' dir='ltr'><strong>una</strong></span> <span class='ocrx_word' id='word_1_171' title='bbox 1699 1595 1821 1637; x_wconf 91' lang='lat' dir='ltr'><strong>cum</strong></span> <span class='ocrx_word' id='word_1_172' title='bbox 1849 1572 2119 1631; x_wconf 80' lang='lat' dir='ltr'><strong>Zacharia</strong></span> 
     </span>
    </p>
   </div>
   <div class='ocr_carea' id='block_1_24' title="bbox 533 1666 2120 1763">
    <p class='ocr_par' dir='ltr' id='par_1_24' title="bbox 533 1666 2120 1763">
     <span class='ocr_line' id='line_1_26' title="bbox 533 1666 2120 1763; baseline -0.02 -13"><span class='ocrx_word' id='word_1_173' title='bbox 533 1690 1036 1763; x_wconf 84' lang='lat' dir='ltr'><strong>Hierosolymitano</strong></span> <span class='ocrx_word' id='word_1_174' title='bbox 1084 1682 1319 1755; x_wconf 55' lang='lat' dir='ltr'><strong>praesule</strong></span> <span class='ocrx_word' id='word_1_175' title='bbox 1361 1695 1429 1736; x_wconf 89' lang='lat' dir='ltr'><strong>ae</strong></span> <span class='ocrx_word' id='word_1_176' title='bbox 1500 1675 1759 1747; x_wconf 83' lang='lat' dir='ltr'><strong>pretiosis</strong></span> <span class='ocrx_word' id='word_1_177' title='bbox 1799 1679 1856 1726; x_wconf 89' lang='lat' dir='ltr'><strong>et</strong></span> <span class='ocrx_word' id='word_1_178' title='bbox 1890 1666 2120 1724; x_wconf 84' lang='lat' dir='ltr'><strong>vivilieis</strong></span> 
     </span>
    </p>
   </div>
   <div class='ocr_carea' id='block_1_25' title="bbox 535 1747 2197 1858">
    <p class='ocr_par' dir='ltr' id='par_1_25' title="bbox 535 1747 2197 1858">
     <span class='ocr_line' id='line_1_27' title="bbox 535 1747 2197 1858; baseline -0.019 -15"><span class='ocrx_word' id='word_1_179' title='bbox 757 1747 878 1854; x_wconf 69' lang='lat' dir='ltr'><strong>quae</strong></span> <span class='ocrx_word' id='word_1_180' title='bbox 915 1747 1133 1835; x_wconf 76' lang='lat' dir='ltr'><strong>fuerant</strong></span> <span class='ocrx_word' id='word_1_181' title='bbox 1161 1792 1226 1831; x_wconf 79' lang='lat' dir='ltr'><strong>ex</strong></span> <span class='ocrx_word' id='word_1_182' title='bbox 1262 1767 1659 1841; x_wconf 78' lang='lat' dir='ltr'><strong>Hierosolymis</strong></span> <span class='ocrx_word' id='word_1_183' title='bbox 1693 1781 1723 1819; x_wconf 91' lang='lat' dir='ltr'><strong>a</strong></span> <span class='ocrx_word' id='word_1_184' title='bbox 1754 1762 2121 1821; x_wconf 82' lang='lat' dir='ltr'><strong>Sarbarazan,</strong></span> <span class='ocrx_word' id='word_1_185' title='bbox 2156 1747 2197 1803; x_wconf 83' lang='grc' dir='ltr'>Β</span> 
     </span>
    </p>
   </div>
   <div class='ocr_carea' id='block_1_26' title="bbox 537 1864 1534 1939">
    <p class='ocr_par' dir='ltr' id='par_1_26' title="bbox 537 1864 1534 1939">
     <span class='ocr_line' id='line_1_28' title="bbox 537 1864 1534 1939; baseline -0.021 -4"><span class='ocrx_word' id='word_1_186' title='bbox 537 1896 662 1936; x_wconf 84' lang='lat' dir='ltr'><strong>c.qu</strong></span> <span class='ocrx_word' id='word_1_187' title='bbox 700 1874 1002 1932; x_wconf 81' lang='lat' dir='ltr'><strong>Jerusalem</strong></span> <span class='ocrx_word' id='word_1_188' title='bbox 1039 1870 1294 1939; x_wconf 75' lang='lat' dir='ltr'><strong>cepisset,</strong></span> <span class='ocrx_word' id='word_1_189' title='bbox 1328 1864 1534 1919; x_wconf 87' lang='lat' dir='ltr'><strong>ablata.</strong></span> 
     </span>
    </p>
   </div>
   <div class='ocr_carea' id='block_1_27' title="bbox 610 1941 2129 2035">
    <p class='ocr_par' dir='ltr' id='par_1_27' title="bbox 610 1941 2129 2035">
     <span class='ocr_line' id='line_1_29' title="bbox 610 1941 2129 2035; baseline -0.021 -10"><span class='ocrx_word' id='word_1_190' title='bbox 610 1962 1016 2035; x_wconf 63' lang='lat' dir='ltr'><strong>Annn‘imperii</strong></span> <span class='ocrx_word' id='word_1_191' title='bbox 1062 1958 1293 2014; x_wconf 87' lang='lat' dir='ltr'><strong>lleraclii</strong></span> <span class='ocrx_word' id='word_1_192' title='bbox 1329 1955 1543 2010; x_wconf 84' lang='lat' dir='ltr'><strong>decimo</strong></span> <span class='ocrx_word' id='word_1_193' title='bbox 1570 1956 1768 2006; x_wconf 84' lang='lat' dir='ltr'><strong>octavo</strong></span> <span class='ocrx_word' id='word_1_194' title='bbox 1801 1961 1899 2002; x_wconf 77' lang='lat' dir='ltr'><strong>rex</strong></span> <span class='ocrx_word' id='word_1_195' title='bbox 1955 1941 2129 1996; x_wconf 87' lang='lat' dir='ltr'><strong>hahe-</strong></span> 
     </span>
    </p>
   </div>
   <div class='ocr_carea' id='block_1_28' title="bbox 544 2037 2127 2117">
    <p class='ocr_par' dir='ltr' id='par_1_28' title="bbox 544 2037 2127 2117">
     <span class='ocr_line' id='line_1_30' title="bbox 544 2037 2127 2117; baseline -0.022 1"><span class='ocrx_word' id='word_1_196' title='bbox 544 2073 635 2117; x_wconf 88' lang='lat' dir='ltr'><strong>tur</strong></span> <span class='ocrx_word' id='word_1_197' title='bbox 681 2060 979 2115; x_wconf 80' lang='lat' dir='ltr'><strong>Persarum</strong></span> <span class='ocrx_word' id='word_1_198' title='bbox 1038 2050 1275 2110; x_wconf 84' lang='lat' dir='ltr'><strong>Sirohis,</strong></span> <span class='ocrx_word' id='word_1_199' title='bbox 1334 2046 1427 2116; x_wconf 93' lang='lat' dir='ltr'><strong>qui</strong></span> <span class='ocrx_word' id='word_1_200' title='bbox 1489 2057 1636 2098; x_wconf 87' lang='lat' dir='ltr'><strong>anno</strong></span> <span class='ocrx_word' id='word_1_201' title='bbox 1690 2037 1939 2109; x_wconf 82' lang='lat' dir='ltr'><strong>regnavit</strong></span> <span class='ocrx_word' id='word_1_202' title='bbox 1995 2049 2127 2094; x_wconf 85' lang='lat' dir='ltr'><strong>uno,</strong></span> 
     </span>
    </p>
   </div>
   <div class='ocr_carea' id='block_1_29' title="bbox 544 2134 2131 2226">
    <p class='ocr_par' dir='ltr' id='par_1_29' title="bbox 544 2134 2131 2226">
     <span class='ocr_line' id='line_1_31' title="bbox 544 2134 2131 2226; baseline -0.02 -17"><span class='ocrx_word' id='word_1_203' title='bbox 544 2153 769 2226; x_wconf 81' lang='lat' dir='ltr'><strong>quando</strong></span> <span class='ocrx_word' id='word_1_204' title='bbox 832 2157 887 2205; x_wconf 88' lang='lat' dir='ltr'><strong>et</strong></span> <span class='ocrx_word' id='word_1_205' title='bbox 948 2142 1195 2200; x_wconf 80' lang='lat' dir='ltr'><strong>Moamed</strong></span> <span class='ocrx_word' id='word_1_206' title='bbox 1259 2140 1500 2195; x_wconf 79' lang='lat' dir='ltr'><strong>Arabum</strong></span> <span class='ocrx_word' id='word_1_207' title='bbox 1569 2149 1668 2190; x_wconf 90' lang='lat' dir='ltr'><strong>seu</strong></span> <span class='ocrx_word' id='word_1_208' title='bbox 1727 2134 2131 2184; x_wconf 80' lang='lat' dir='ltr'><strong>Saracenorum</strong></span> 
     </span>
    </p>
   </div>
   <div class='ocr_carea' id='block_1_30' title="bbox 549 2221 2133 2317">
    <p class='ocr_par' dir='ltr' id='par_1_30' title="bbox 549 2221 2133 2317">
     <span class='ocr_line' id='line_1_32' title="bbox 549 2221 2133 2317; baseline -0.022 -15"><span class='ocrx_word' id='word_1_209' title='bbox 549 2221 812 2317; x_wconf 76' lang='lat' dir='ltr'><strong>princeps</strong></span> <span class='ocrx_word' id='word_1_210' title='bbox 845 2240 950 2295; x_wconf 86' lang='lat' dir='ltr'><strong>sub</strong></span> <span class='ocrx_word' id='word_1_211' title='bbox 980 2236 1166 2291; x_wconf 82' lang='lat' dir='ltr'><strong>Persis</strong></span> <span class='ocrx_word' id='word_1_212' title='bbox 1194 2232 1402 2303; x_wconf 86' lang='lat' dir='ltr'><strong>degens</strong></span> <span class='ocrx_word' id='word_1_213' title='bbox 1426 2235 1641 2284; x_wconf 79' lang='lat' dir='ltr'><strong>sextum</strong></span> <span class='ocrx_word' id='word_1_214' title='bbox 1675 2221 1871 2294; x_wconf 85' lang='lat' dir='ltr'><strong>agebat</strong></span> <span class='ocrx_word' id='word_1_215' title='bbox 1905 2231 2133 2276; x_wconf 86' lang='lat' dir='ltr'><strong>annum,</strong></span> 
     </span>
    </p>
   </div>
   <div class='ocr_carea' id='block_1_31' title="bbox 549 2316 2133 2407">
    <p class='ocr_par' dir='ltr' id='par_1_31' title="bbox 549 2316 2133 2407">
     <span class='ocr_line' id='line_1_33' title="bbox 549 2316 2133 2407; baseline -0.021 -16"><span class='ocrx_word' id='word_1_216' title='bbox 549 2316 914 2407; x_wconf 62' lang='lat' dir='ltr'><strong>perventurus</strong></span> <span class='ocrx_word' id='word_1_217' title='bbox 968 2327 1037 2383; x_wconf 90' lang='lat' dir='ltr'><strong>ad</strong></span> <span class='ocrx_word' id='word_1_218' title='bbox 1082 2338 1311 2380; x_wconf 89' lang='lat' dir='ltr'><strong>nonum.</strong></span> <span class='ocrx_word' id='word_1_219' title='bbox 1352 2322 1569 2375; x_wconf 85' lang='lat' dir='ltr'><strong>interea</strong></span> <span class='ocrx_word' id='word_1_220' title='bbox 1613 2316 1758 2369; x_wconf 71' lang='lat' dir='ltr'><strong>facta</strong></span> <span class='ocrx_word' id='word_1_221' title='bbox 1816 2323 1950 2381; x_wconf 87' lang='lat' dir='ltr'><strong>pace</strong></span> <span class='ocrx_word' id='word_1_222' title='bbox 2008 2322 2133 2361; x_wconf 89' lang='lat' dir='ltr'><strong>cum</strong></span> 
     </span>
    </p>
   </div>
   <div class='ocr_carea' id='block_1_32' title="bbox 536 2398 2136 2493">
    <p class='ocr_par' dir='ltr' id='par_1_32' title="bbox 536 2398 2136 2493">
     <span class='ocr_line' id='line_1_34' title="bbox 536 2398 2136 2493; baseline -0.02 -12"><span class='ocrx_word' id='word_1_223' title='bbox 536 2398 739 2484; x_wconf 77' lang='lat' dir='ltr'><strong>‘l’ersis</strong></span> <span class='ocrx_word' id='word_1_224' title='bbox 780 2433 945 2493; x_wconf 87' lang='lat' dir='ltr'><strong>atque</strong></span> <span class='ocrx_word' id='word_1_225' title='bbox 978 2416 1265 2479; x_wconf 79' lang='lat' dir='ltr'><strong>Romanis,</strong></span> <span class='ocrx_word' id='word_1_226' title='bbox 1297 2412 1505 2468; x_wconf 79' lang='lat' dir='ltr'><strong>direxit</strong></span> <span class='ocrx_word' id='word_1_227' title='bbox 1546 2410 1848 2477; x_wconf 81' lang='lat' dir='ltr'><strong>imperator</strong></span> <span class='ocrx_word' id='word_1_228' title='bbox 1876 2398 2136 2455; x_wconf 79' lang='lat' dir='ltr'><strong>Theodo-</strong></span> 
     </span>
    </p>
   </div>
   <div class='ocr_carea' id='block_1_33' title="bbox 555 2488 2139 2574">
    <p class='ocr_par' dir='ltr' id='par_1_33' title="bbox 555 2488 2139 2574">
     <span class='ocr_line' id='line_1_35' title="bbox 555 2488 2139 2574; baseline -0.023 0"><span class='ocrx_word' id='word_1_229' title='bbox 555 2534 677 2574; x_wconf 86' lang='lat' dir='ltr'><strong>rum</strong></span> <span class='ocrx_word' id='word_1_230' title='bbox 705 2516 932 2571; x_wconf 80' lang='lat' dir='ltr'><strong>fratrem</strong></span> <span class='ocrx_word' id='word_1_231' title='bbox 967 2522 1129 2566; x_wconf 89' lang='lat' dir='ltr'><strong>suum</strong></span> <span class='ocrx_word' id='word_1_232' title='bbox 1165 2521 1289 2562; x_wconf 91' lang='lat' dir='ltr'><strong>eum</strong></span> <span class='ocrx_word' id='word_1_233' title='bbox 1328 2503 1528 2569; x_wconf 78' lang='lat' dir='ltr'><strong>litteris</strong></span> <span class='ocrx_word' id='word_1_234' title='bbox 1558 2508 1612 2554; x_wconf 91' lang='lat' dir='ltr'><strong>et</strong></span> <span class='ocrx_word' id='word_1_235' title='bbox 1640 2492 1955 2553; x_wconf 85' lang='lat' dir='ltr'><strong>hominibus</strong></span> <span class='ocrx_word' id='word_1_236' title='bbox 1986 2488 2139 2541; x_wconf 88' lang='lat' dir='ltr'><strong>Siro-</strong></span> 
     </span>
    </p>
   </div>
   <div class='ocr_carea' id='block_1_34' title="bbox 558 2580 2143 2679">
    <p class='ocr_par' dir='ltr' id='par_1_34' title="bbox 558 2580 2143 2679">
     <span class='ocr_line' id='line_1_36' title="bbox 558 2580 2143 2679; baseline -0.021 -14"><span class='ocrx_word' id='word_1_237' title='bbox 558 2613 643 2667; x_wconf 88' lang='lat' dir='ltr'><strong>his</strong></span> <span class='ocrx_word' id='word_1_238' title='bbox 672 2610 815 2679; x_wconf 82' lang='lat' dir='ltr'><strong>regis</strong></span> <span class='ocrx_word' id='word_1_239' title='bbox 854 2605 1169 2661; x_wconf 87' lang='lat' dir='ltr'><strong>Persarum,</strong></span> <span class='ocrx_word' id='word_1_240' title='bbox 1215 2610 1493 2669; x_wconf 87' lang='lat' dir='ltr'><strong>quatenus</strong></span> <span class='ocrx_word' id='word_1_241' title='bbox 1522 2593 1722 2655; x_wconf 75' lang='lat' dir='ltr'><strong>Persae,</strong></span> <span class='ocrx_word' id='word_1_242' title='bbox 1751 2587 1845 2659; x_wconf 87' lang='lat' dir='ltr'><strong>qui</strong></span> <span class='ocrx_word' id='word_1_243' title='bbox 1881 2586 1935 2639; x_wconf 92' lang='lat' dir='ltr'><strong>in</strong></span> <span class='ocrx_word' id='word_1_244' title='bbox 1970 2580 2143 2636; x_wconf 59' lang='lat' dir='ltr'><strong>Palat-</strong></span> 
     </span>
    </p>
   </div>
   <div class='ocr_carea' id='block_1_35' title="bbox 556 2672 2142 2757">
    <p class='ocr_par' dir='ltr' id='par_1_35' title="bbox 556 2672 2142 2757">
     <span class='ocr_line' id='line_1_37' title="bbox 556 2672 2142 2757; baseline -0.018 -1"><span class='ocrx_word' id='word_1_245' title='bbox 556 2703 706 2757; x_wconf 87' lang='lat' dir='ltr'><strong>stina</strong></span> <span class='ocrx_word' id='word_1_246' title='bbox 733 2672 794 2754; x_wconf 73' lang='lat' dir='ltr'><strong>et</strong></span> <span class='ocrx_word' id='word_1_247' title='bbox 824 2696 1030 2751; x_wconf 83' lang='lat' dir='ltr'><strong>Edessa</strong></span> <span class='ocrx_word' id='word_1_248' title='bbox 1059 2699 1114 2745; x_wconf 88' lang='lat' dir='ltr'><strong>et</strong></span> <span class='ocrx_word' id='word_1_249' title='bbox 1148 2684 1551 2756; x_wconf 82' lang='lat' dir='ltr'><strong>Hierosolymis</strong></span> <span class='ocrx_word' id='word_1_250' title='bbox 1580 2690 1634 2738; x_wconf 87' lang='lat' dir='ltr'><strong>et</strong></span> <span class='ocrx_word' id='word_1_251' title='bbox 1666 2677 1881 2735; x_wconf 71' lang='lat' dir='ltr'><strong>caeteris</strong></span> <span class='ocrx_word' id='word_1_252' title='bbox 1912 2672 2142 2729; x_wconf 85' lang='lat' dir='ltr'><strong>urbibus</strong></span> 
     </span>
    </p>
   </div>
   <div class='ocr_carea' id='block_1_36' title="bbox 559 2761 2144 2848">
    <p class='ocr_par' dir='ltr' id='par_1_36' title="bbox 559 2761 2144 2848">
     <span class='ocr_line' id='line_1_38' title="bbox 559 2761 2144 2848; baseline -0.021 0"><span class='ocrx_word' id='word_1_253' title='bbox 559 2793 935 2848; x_wconf 78' lang='lat' dir='ltr'><strong>Romanorum</strong></span> <span class='ocrx_word' id='word_1_254' title='bbox 990 2787 1198 2846; x_wconf 87' lang='lat' dir='ltr'><strong>essent,</strong></span> <span class='ocrx_word' id='word_1_255' title='bbox 1246 2790 1374 2833; x_wconf 86' lang='lat' dir='ltr'><strong>eum</strong></span> <span class='ocrx_word' id='word_1_256' title='bbox 1431 2787 1569 2845; x_wconf 84' lang='lat' dir='ltr'><strong>pace</strong></span> <span class='ocrx_word' id='word_1_257' title='bbox 1618 2770 2033 2825; x_wconf 80' lang='lat' dir='ltr'><strong>reverterentur</strong></span> <span class='ocrx_word' id='word_1_258' title='bbox 2088 2761 2144 2814; x_wconf 90' lang='lat' dir='ltr'><strong>in</strong></span> 
     </span>
    </p>
   </div>
   <div class='ocr_carea' id='block_1_37' title="bbox 561 2864 2146 2941">
    <p class='ocr_par' dir='ltr' id='par_1_37' title="bbox 561 2864 2146 2941">
     <span class='ocr_line' id='line_1_39' title="bbox 561 2864 2146 2941; baseline -0.019 -2"><span class='ocrx_word' id='word_1_259' title='bbox 561 2883 843 2941; x_wconf 79' lang='lat' dir='ltr'><strong>Persidem</strong></span> <span class='ocrx_word' id='word_1_260' title='bbox 888 2886 943 2933; x_wconf 90' lang='lat' dir='ltr'><strong>et</strong></span> <span class='ocrx_word' id='word_1_261' title='bbox 995 2875 1235 2934; x_wconf 86' lang='lat' dir='ltr'><strong>innocue</strong></span> <span class='ocrx_word' id='word_1_262' title='bbox 1286 2877 1490 2925; x_wconf 87' lang='lat' dir='ltr'><strong>terram</strong></span> <span class='ocrx_word' id='word_1_263' title='bbox 1540 2865 1915 2920; x_wconf 78' lang='lat' dir='ltr'><strong>Romanorum</strong></span> <span class='ocrx_word' id='word_1_264' title='bbox 1963 2864 2146 2911; x_wconf 86' lang='lat' dir='ltr'><strong>trans-</strong></span> 
     </span>
    </p>
   </div>
   <div class='ocr_carea' id='block_1_38' title="bbox 565 2947 2146 3035">
    <p class='ocr_par' dir='ltr' id='par_1_38' title="bbox 565 2947 2146 3035">
     <span class='ocr_line' id='line_1_40' title="bbox 565 2947 2146 3035; baseline -0.023 -1"><span class='ocrx_word' id='word_1_265' title='bbox 565 2981 730 3035; x_wconf 87' lang='lat' dir='ltr'><strong>irent.</strong></span> <span class='ocrx_word' id='word_1_266' title='bbox 755 2975 1044 3029; x_wconf 85' lang='lat' dir='ltr'><strong>I’ostremo</strong></span> <span class='ocrx_word' id='word_1_267' title='bbox 1077 2969 1379 3033; x_wconf 88' lang='lat' dir='ltr'><strong>imperator</strong></span> <span class='ocrx_word' id='word_1_268' title='bbox 1405 2974 1529 3015; x_wconf 89' lang='lat' dir='ltr'><strong>cum</strong></span> <span class='ocrx_word' id='word_1_269' title='bbox 1554 2971 1651 3013; x_wconf 83' lang='lat' dir='ltr'><strong>sex</strong></span> <span class='ocrx_word' id='word_1_270' title='bbox 1677 2954 1839 3009; x_wconf 89' lang='lat' dir='ltr'><strong>annis</strong></span> <span class='ocrx_word' id='word_1_271' title='bbox 1862 2947 2146 3006; x_wconf 85' lang='lat' dir='ltr'><strong>Persidem</strong></span> 
     </span>
    </p>
   </div>
   <div class='ocr_carea' id='block_1_39' title="bbox 565 3050 2148 3139">
    <p class='ocr_par' dir='ltr' id='par_1_39' title="bbox 565 3050 2148 3139">
     <span class='ocr_line' id='line_1_41' title="bbox 565 3050 2148 3139; baseline -0.022 -14"><span class='ocrx_word' id='word_1_272' title='bbox 565 3072 967 3139; x_wconf 78' lang='lat' dir='ltr'><strong>expugnasset,</strong></span> <span class='ocrx_word' id='word_1_273' title='bbox 1033 3059 1269 3129; x_wconf 88' lang='lat' dir='ltr'><strong>septimo</strong></span> <span class='ocrx_word' id='word_1_274' title='bbox 1320 3067 1466 3107; x_wconf 90' lang='lat' dir='ltr'><strong>anno</strong></span> <span class='ocrx_word' id='word_1_275' title='bbox 1522 3062 1659 3120; x_wconf 89' lang='lat' dir='ltr'><strong>pace</strong></span> <span class='ocrx_word' id='word_1_276' title='bbox 1713 3050 1969 3115; x_wconf 85' lang='lat' dir='ltr'><strong>percepta</strong></span> <span class='ocrx_word' id='word_1_277' title='bbox 2023 3052 2148 3094; x_wconf 88' lang='lat' dir='ltr'><strong>eum</strong></span> 
     </span>
    </p>
   </div>
   <div class='ocr_carea' id='block_1_40' title="bbox 573 3132 2153 3231">
    <p class='ocr_par' dir='ltr' id='par_1_40' title="bbox 573 3132 2153 3231">
     <span class='ocr_line' id='line_1_42' title="bbox 573 3132 2153 3231; baseline -0.023 -13"><span class='ocrx_word' id='word_1_278' title='bbox 573 3132 780 3231; x_wconf 71' lang='lat' dir='ltr'><strong>ingenti</strong></span> <span class='ocrx_word' id='word_1_279' title='bbox 814 3155 1016 3227; x_wconf 83' lang='lat' dir='ltr'><strong>gaudio</strong></span> <span class='ocrx_word' id='word_1_280' title='bbox 1047 3144 1585 3215; x_wconf 88' lang='lat' dir='ltr'><strong>Constantinopolim</strong></span> <span class='ocrx_word' id='word_1_281' title='bbox 1632 3138 1916 3196; x_wconf 78' lang='lat' dir='ltr'><strong>remeavit,</strong></span> <span class='ocrx_word' id='word_1_282' title='bbox 1956 3132 2153 3204; x_wconf 84' lang='lat' dir='ltr'><strong>mysti-</strong></span> 
     </span>
    </p>
   </div>
   <div class='ocr_carea' id='block_1_41' title="bbox 573 3223 2153 3312">
    <p class='ocr_par' dir='ltr' id='par_1_41' title="bbox 573 3223 2153 3312">
     <span class='ocr_line' id='line_1_43' title="bbox 573 3223 2153 3312; baseline -0.02 -5"><span class='ocrx_word' id='word_1_283' title='bbox 573 3223 696 3307; x_wconf 56' lang='lat' dir='ltr'><strong>cain</strong></span> <span class='ocrx_word' id='word_1_284' title='bbox 729 3249 784 3302; x_wconf 85' lang='lat' dir='ltr'><strong>in</strong></span> <span class='ocrx_word' id='word_1_285' title='bbox 818 3223 921 3300; x_wconf 79' lang='lat' dir='ltr'><strong>hoc</strong></span> <span class='ocrx_word' id='word_1_286' title='bbox 951 3240 1247 3312; x_wconf 86' lang='lat' dir='ltr'><strong>quamdam</strong></span> <span class='ocrx_word' id='word_1_287' title='bbox 1293 3235 1564 3290; x_wconf 84' lang='lat' dir='ltr'><strong>theoriam</strong></span> <span class='ocrx_word' id='word_1_288' title='bbox 1613 3229 1936 3299; x_wconf 85' lang='lat' dir='ltr'><strong>adimplens.</strong></span> <span class='ocrx_word' id='word_1_289' title='bbox 1970 3223 2027 3278; x_wconf 91' lang='lat' dir='ltr'><strong>ln</strong></span> <span class='ocrx_word' id='word_1_290' title='bbox 2061 3239 2153 3279; x_wconf 79' lang='lat' dir='ltr'><strong>sex</strong></span> 
     </span>
    </p>
   </div>
   <div class='ocr_carea' id='block_1_42' title="bbox 573 3321 2157 3410">
    <p class='ocr_par' dir='ltr' id='par_1_42' title="bbox 573 3321 2157 3410">
     <span class='ocr_line' id='line_1_44' title="bbox 573 3321 2157 3410; baseline -0.018 -16"><span class='ocrx_word' id='word_1_291' title='bbox 573 3341 779 3410; x_wconf 86' lang='lat' dir='ltr'><strong>quippe</strong></span> <span class='ocrx_word' id='word_1_292' title='bbox 839 3334 1036 3389; x_wconf 87' lang='lat' dir='ltr'><strong>diebus</strong></span> <span class='ocrx_word' id='word_1_293' title='bbox 1093 3329 1239 3383; x_wconf 89' lang='lat' dir='ltr'><strong>Deus</strong></span> <span class='ocrx_word' id='word_1_294' title='bbox 1301 3326 1562 3380; x_wconf 82' lang='lat' dir='ltr'><strong>universa</strong></span> <span class='ocrx_word' id='word_1_295' title='bbox 1622 3321 1843 3378; x_wconf 83' lang='lat' dir='ltr'><strong>condita</strong></span> <span class='ocrx_word' id='word_1_296' title='bbox 1905 3324 2157 3373; x_wconf 79' lang='lat' dir='ltr'><strong>creatura</strong></span> 
     </span>
    </p>
   </div>
   <div class='ocr_carea' id='block_1_43' title="bbox 573 3410 2157 3499">
    <p class='ocr_par' dir='ltr' id='par_1_43' title="bbox 573 3410 2157 3499">
     <span class='ocr_line' id='line_1_45' title="bbox 573 3410 2157 3499; baseline -0.016 -14"><span class='ocrx_word' id='word_1_297' title='bbox 573 3429 865 3499; x_wconf 82' lang='lat' dir='ltr'><strong>septimam</strong></span> <span class='ocrx_word' id='word_1_298' title='bbox 894 3423 1103 3493; x_wconf 89' lang='lat' dir='ltr'><strong>requiei</strong></span> <span class='ocrx_word' id='word_1_299' title='bbox 1132 3421 1281 3475; x_wconf 88' lang='lat' dir='ltr'><strong>diem</strong></span> <span class='ocrx_word' id='word_1_300' title='bbox 1313 3417 1530 3472; x_wconf 84' lang='lat' dir='ltr'><strong>vocavit</strong></span> <span class='ocrx_word' id='word_1_301' title='bbox 1558 3432 1571 3469; x_wconf 92' lang='lat'><strong>:</strong></span> <span class='ocrx_word' id='word_1_302' title='bbox 1605 3414 1680 3469; x_wconf 92' lang='lat' dir='ltr'><strong>ita</strong></span> <span class='ocrx_word' id='word_1_303' title='bbox 1722 3422 1778 3467; x_wconf 89' lang='lat' dir='ltr'><strong>et</strong></span> <span class='ocrx_word' id='word_1_304' title='bbox 1821 3413 1939 3481; x_wconf 90' lang='lat' dir='ltr'><strong>ipse</strong></span> <span class='ocrx_word' id='word_1_305' title='bbox 1972 3410 2024 3463; x_wconf 89' lang='lat' dir='ltr'><strong>in</strong></span> <span class='ocrx_word' id='word_1_306' title='bbox 2062 3423 2157 3461; x_wconf 72' lang='lat' dir='ltr'><strong>sex</strong></span> 
     </span>
    </p>
   </div>
   <div class='ocr_carea' id='block_1_44' title="bbox 576 3506 2159 3587">
    <p class='ocr_par' dir='ltr' id='par_1_44' title="bbox 576 3506 2159 3587">
     <span class='ocr_line' id='line_1_46' title="bbox 576 3506 2159 3587; baseline -0.015 -10"><span class='ocrx_word' id='word_1_307' title='bbox 576 3522 759 3585; x_wconf 82' lang='lat' dir='ltr'><strong>annis,</strong></span> <span class='ocrx_word' id='word_1_308' title='bbox 800 3518 988 3573; x_wconf 78' lang='lat' dir='ltr'><strong>multis</strong></span> <span class='ocrx_word' id='word_1_309' title='bbox 1036 3514 1304 3587; x_wconf 85' lang='lat' dir='ltr'><strong>impensis</strong></span> <span class='ocrx_word' id='word_1_310' title='bbox 1361 3510 1668 3574; x_wconf 84' lang='lat' dir='ltr'><strong>laboribus,</strong></span> <span class='ocrx_word' id='word_1_311' title='bbox 1720 3506 1957 3576; x_wconf 90' lang='lat' dir='ltr'><strong>septimo</strong></span> <span class='ocrx_word' id='word_1_312' title='bbox 2013 3516 2159 3555; x_wconf 88' lang='lat' dir='ltr'><strong>anno</strong></span> 
     </span>
    </p>
   </div>
   <div class='ocr_carea' id='block_1_45' title="bbox 578 3593 2156 3675">
    <p class='ocr_par' dir='ltr' id='par_1_45' title="bbox 578 3593 2156 3675">
     <span class='ocr_line' id='line_1_47' title="bbox 578 3593 2156 3675; baseline -0.016 -4"><span class='ocrx_word' id='word_1_313' title='bbox 578 3626 835 3671; x_wconf 78' lang='lat' dir='ltr'><strong>reversus</strong></span> <span class='ocrx_word' id='word_1_314' title='bbox 857 3611 924 3665; x_wconf 92' lang='lat' dir='ltr'><strong>ad</strong></span> <span class='ocrx_word' id='word_1_315' title='bbox 957 3609 1149 3664; x_wconf 90' lang='lat' dir='ltr'><strong>urbem</strong></span> <span class='ocrx_word' id='word_1_316' title='bbox 1177 3619 1302 3661; x_wconf 90' lang='lat' dir='ltr'><strong>cum</strong></span> <span class='ocrx_word' id='word_1_317' title='bbox 1330 3617 1465 3675; x_wconf 87' lang='lat' dir='ltr'><strong>pace</strong></span> <span class='ocrx_word' id='word_1_318' title='bbox 1497 3616 1560 3655; x_wconf 88' lang='lat' dir='ltr'><strong>ac</strong></span> <span class='ocrx_word' id='word_1_319' title='bbox 1588 3597 1829 3669; x_wconf 87' lang='lat' dir='ltr'><strong>tripudio</strong></span> <span class='ocrx_word' id='word_1_320' title='bbox 1861 3593 2156 3666; x_wconf 80' lang='lat' dir='ltr'><strong>requievit.</strong></span> 
     </span>
    </p>
   </div>
   <div class='ocr_carea' id='block_1_46' title="bbox 579 3684 2161 3773">
    <p class='ocr_par' dir='ltr' id='par_1_46' title="bbox 579 3684 2161 3773">
     <span class='ocr_line' id='line_1_48' title="bbox 579 3684 2161 3773; baseline -0.015 -12"><span class='ocrx_word' id='word_1_321' title='bbox 579 3706 755 3761; x_wconf 88' lang='lat' dir='ltr'><strong>Porro</strong></span> <span class='ocrx_word' id='word_1_322' title='bbox 801 3701 1038 3773; x_wconf 84' lang='lat' dir='ltr'><strong>populus</strong></span> <span class='ocrx_word' id='word_1_323' title='bbox 1100 3698 1361 3761; x_wconf 80' lang='lat' dir='ltr'><strong>civitatis,</strong></span> <span class='ocrx_word' id='word_1_324' title='bbox 1418 3692 1652 3748; x_wconf 86' lang='lat' dir='ltr'><strong>adventu</strong></span> <span class='ocrx_word' id='word_1_325' title='bbox 1718 3689 1890 3760; x_wconf 87' lang='lat' dir='ltr'><strong>ipsius</strong></span> <span class='ocrx_word' id='word_1_326' title='bbox 1954 3684 2161 3748; x_wconf 85' lang='lat' dir='ltr'><strong>audito,</strong></span> 
     </span>
    </p>
   </div>
   <div class='ocr_carea' id='block_1_47' title="bbox 582 3776 2165 3852">
    <p class='ocr_par' dir='ltr' id='par_1_47' title="bbox 582 3776 2165 3852">
     <span class='ocr_line' id='line_1_49' title="bbox 582 3776 2165 3852; baseline -0.013 0"><span class='ocrx_word' id='word_1_327' title='bbox 582 3793 924 3852; x_wconf 84' lang='lat' dir='ltr'><strong>intolerabili</strong></span> <span class='ocrx_word' id='word_1_328' title='bbox 953 3791 1135 3848; x_wconf 89' lang='lat' dir='ltr'><strong>cuncti</strong></span> <span class='ocrx_word' id='word_1_329' title='bbox 1166 3786 1446 3844; x_wconf 86' lang='lat' dir='ltr'><strong>desiderio</strong></span> <span class='ocrx_word' id='word_1_330' title='bbox 1469 3787 1523 3840; x_wconf 92' lang='lat' dir='ltr'><strong>in</strong></span> <span class='ocrx_word' id='word_1_331' title='bbox 1556 3782 1797 3838; x_wconf 78' lang='lat' dir='ltr'><strong>Hieriam</strong></span> <span class='ocrx_word' id='word_1_332' title='bbox 1828 3779 2046 3836; x_wconf 82' lang='lat' dir='ltr'><strong>obviam</strong></span> <span class='ocrx_word' id='word_1_333' title='bbox 2086 3776 2165 3832; x_wconf 89' lang='lat' dir='ltr'><strong>illi</strong></span> 
     </span>
    </p>
   </div>
   <div class='ocr_carea' id='block_1_48' title="bbox 582 3872 2168 3956">
    <p class='ocr_par' dir='ltr' id='par_1_48' title="bbox 582 3872 2168 3956">
     <span class='ocr_line' id='line_1_50' title="bbox 582 3872 2168 3956; baseline -0.013 -12"><span class='ocrx_word' id='word_1_334' title='bbox 582 3903 695 3944; x_wconf 82' lang='lat' dir='ltr'><strong>una</strong></span> <span class='ocrx_word' id='word_1_335' title='bbox 748 3900 874 3942; x_wconf 88' lang='lat' dir='ltr'><strong>eum</strong></span> <span class='ocrx_word' id='word_1_336' title='bbox 931 3882 1249 3956; x_wconf 84' lang='lat' dir='ltr'><strong>patriarcha</strong></span> <span class='ocrx_word' id='word_1_337' title='bbox 1298 3885 1356 3934; x_wconf 88' lang='lat' dir='ltr'><strong>et</strong></span> <span class='ocrx_word' id='word_1_338' title='bbox 1409 3875 1777 3932; x_wconf 83' lang='lat' dir='ltr'><strong>Constantino</strong></span> <span class='ocrx_word' id='word_1_339' title='bbox 1831 3872 2168 3947; x_wconf 87' lang='lat' dir='ltr'><strong>imperatore</strong></span> 
     </span>
    </p>
   </div>
   <div class='ocr_carea' id='block_1_49' title="bbox 588 3964 2169 4049">
    <p class='ocr_par' dir='ltr' id='par_1_49' title="bbox 588 3964 2169 4049">
     <span class='ocr_line' id='line_1_51' title="bbox 588 3964 2169 4049; baseline -0.014 -12"><span class='ocrx_word' id='word_1_340' title='bbox 588 3982 701 4037; x_wconf 80' lang='lat' dir='ltr'><strong>lilio</strong></span> <span class='ocrx_word' id='word_1_341' title='bbox 730 3979 853 4049; x_wconf 83' lang='lat' dir='ltr'><strong>ejus</strong></span> <span class='ocrx_word' id='word_1_342' title='bbox 900 3975 1108 4049; x_wconf 84' lang='lat' dir='ltr'><strong>egressi</strong></span> <span class='ocrx_word' id='word_1_343' title='bbox 1155 3984 1310 4039; x_wconf 89' lang='lat' dir='ltr'><strong>sunt,</strong></span> <span class='ocrx_word' id='word_1_344' title='bbox 1341 3975 1627 4043; x_wconf 84' lang='lat' dir='ltr'><strong>portantes</strong></span> <span class='ocrx_word' id='word_1_345' title='bbox 1670 3979 1858 4021; x_wconf 89' lang='lat' dir='ltr'><strong>ramos</strong></span> <span class='ocrx_word' id='word_1_346' title='bbox 1897 3964 2169 4019; x_wconf 80' lang='lat' dir='ltr'><strong>olivarum</strong></span> 
     </span>
    </p>
   </div>
   <div class='ocr_carea' id='block_1_50' title="bbox 586 4054 2169 4138">
    <p class='ocr_par' dir='ltr' id='par_1_50' title="bbox 586 4054 2169 4138">
     <span class='ocr_line' id='line_1_52' title="bbox 586 4054 2169 4138; baseline -0.012 -13"><span class='ocrx_word' id='word_1_347' title='bbox 586 4082 640 4126; x_wconf 87' lang='lat' dir='ltr'><strong>et</strong></span> <span class='ocrx_word' id='word_1_348' title='bbox 675 4067 977 4138; x_wconf 82' lang='lat' dir='ltr'><strong>lampades,</strong></span> <span class='ocrx_word' id='word_1_349' title='bbox 1014 4064 1306 4120; x_wconf 76' lang='lat' dir='ltr'><strong>laudantes</strong></span> <span class='ocrx_word' id='word_1_350' title='bbox 1335 4075 1461 4117; x_wconf 90' lang='lat' dir='ltr'><strong>eum</strong></span> <span class='ocrx_word' id='word_1_351' title='bbox 1494 4057 1865 4131; x_wconf 82' lang='lat' dir='ltr'><strong>gratulatione</strong></span> <span class='ocrx_word' id='word_1_352' title='bbox 1899 4069 1962 4108; x_wconf 90' lang='lat' dir='ltr'><strong>ac</strong></span> <span class='ocrx_word' id='word_1_353' title='bbox 1989 4054 2169 4125; x_wconf 85' lang='lat' dir='ltr'><strong>lacry-</strong></span> 
     </span>
    </p>
   </div>
   <div class='ocr_carea' id='block_1_51' title="bbox 590 4142 2172 4219">
    <p class='ocr_par' dir='ltr' id='par_1_51' title="bbox 590 4142 2172 4219">
     <span class='ocr_line' id='line_1_53' title="bbox 590 4142 2172 4219; baseline -0.011 -4"><span class='ocrx_word' id='word_1_354' title='bbox 590 4159 720 4215; x_wconf 89' lang='lat' dir='ltr'><strong>mis.</strong></span> <span class='ocrx_word' id='word_1_355' title='bbox 749 4158 1032 4214; x_wconf 78' lang='lat' dir='ltr'><strong>Accedens</strong></span> <span class='ocrx_word' id='word_1_356' title='bbox 1066 4162 1253 4210; x_wconf 83' lang='lat' dir='ltr'><strong>autem</strong></span> <span class='ocrx_word' id='word_1_357' title='bbox 1282 4151 1433 4206; x_wconf 69' lang='lat' dir='ltr'><strong>illius</strong></span> <span class='ocrx_word' id='word_1_358' title='bbox 1482 4149 1607 4219; x_wconf 89' lang='lat' dir='ltr'><strong>ejus</strong></span> <span class='ocrx_word' id='word_1_359' title='bbox 1658 4145 1861 4203; x_wconf 86' lang='lat' dir='ltr'><strong>cecidit</strong></span> <span class='ocrx_word' id='word_1_360' title='bbox 1905 4142 1972 4198; x_wconf 80' lang='lat' dir='ltr'><strong>ad</strong></span> <span class='ocrx_word' id='word_1_361' title='bbox 2004 4143 2172 4213; x_wconf 85' lang='lat' dir='ltr'><strong>pedes</strong></span> 
     </span>
    </p>
   </div>
   <div class='ocr_carea' id='block_1_52' title="bbox 593 4235 2175 4322">
    <p class='ocr_par' dir='ltr' id='par_1_52' title="bbox 593 4235 2175 4322">
     <span class='ocr_line' id='line_1_54' title="bbox 593 4235 2175 4322; baseline -0.012 -17"><span class='ocrx_word' id='word_1_362' title='bbox 593 4250 797 4322; x_wconf 82' lang='lat' dir='ltr'><strong>ipsius,</strong></span> <span class='ocrx_word' id='word_1_363' title='bbox 835 4260 891 4304; x_wconf 84' lang='lat' dir='ltr'><strong>et</strong></span> <span class='ocrx_word' id='word_1_364' title='bbox 921 4262 1048 4303; x_wconf 84' lang='lat' dir='ltr'><strong>eum</strong></span> <span class='ocrx_word' id='word_1_365' title='bbox 1084 4245 1429 4315; x_wconf 79' lang='lat' dir='ltr'><strong>amplexatus</strong></span> <span class='ocrx_word' id='word_1_366' title='bbox 1473 4250 1625 4297; x_wconf 88' lang='lat' dir='ltr'><strong>esset</strong></span> <span class='ocrx_word' id='word_1_367' title='bbox 1672 4253 1822 4304; x_wconf 91' lang='lat' dir='ltr'><strong>eum,</strong></span> <span class='ocrx_word' id='word_1_368' title='bbox 1852 4235 2175 4291; x_wconf 71' lang='lat' dir='ltr'><strong>infuderunt</strong></span> 
     </span>
    </p>
   </div>
   <div class='ocr_carea' id='block_1_53' title="bbox 594 4324 2174 4413">
    <p class='ocr_par' dir='ltr' id='par_1_53' title="bbox 594 4324 2174 4413">
     <span class='ocr_line' id='line_1_55' title="bbox 594 4324 2174 4413; baseline -0.013 -13"><span class='ocrx_word' id='word_1_369' title='bbox 594 4345 762 4400; x_wconf 91' lang='lat' dir='ltr'><strong>ambo</strong></span> <span class='ocrx_word' id='word_1_370' title='bbox 784 4340 1046 4413; x_wconf 84' lang='lat' dir='ltr'><strong>lacrymis</strong></span> <span class='ocrx_word' id='word_1_371' title='bbox 1076 4347 1307 4393; x_wconf 85' lang='lat' dir='ltr'><strong>terram.</strong></span> <span class='ocrx_word' id='word_1_372' title='bbox 1352 4333 1466 4390; x_wconf 84' lang='lat' dir='ltr'><strong>Hoc</strong></span> <span class='ocrx_word' id='word_1_373' title='bbox 1504 4324 1688 4387; x_wconf 84' lang='lat' dir='ltr'><strong>autem</strong></span> <span class='ocrx_word' id='word_1_374' title='bbox 1716 4329 1954 4401; x_wconf 89' lang='lat' dir='ltr'><strong>populus</strong></span> <span class='ocrx_word' id='word_1_375' title='bbox 1986 4327 2174 4397; x_wconf 86' lang='lat' dir='ltr'><strong>inspe-</strong></span> 
     </span>
    </p>
   </div>
   <div class='ocr_carea' id='block_1_54' title="bbox 2210 987 3723 1077">
    <p class='ocr_par' dir='ltr' id='par_1_54' title="bbox 2210 987 3723 1077">
     <span class='ocr_line' id='line_1_56' title="bbox 2210 987 3723 1077; baseline -0.018 -11"><span class='ocrx_word' id='word_1_376' title='bbox 2210 1016 2407 1066; x_wconf 89' lang='lat' dir='ltr'><strong>statem</strong></span> <span class='ocrx_word' id='word_1_377' title='bbox 2442 1000 2669 1077; x_wconf 86' lang='lat' dir='ltr'><strong>pr0pius</strong></span> <span class='ocrx_word' id='word_1_378' title='bbox 2703 1000 2864 1054; x_wconf 75' lang='lat' dir='ltr'><strong>almae</strong></span> <span class='ocrx_word' id='word_1_379' title='bbox 2903 994 3117 1051; x_wconf 84' lang='lat' dir='ltr'><strong>civitati</strong></span> <span class='ocrx_word' id='word_1_380' title='bbox 3142 1006 3308 1062; x_wconf 88' lang='lat' dir='ltr'><strong>quam</strong></span> <span class='ocrx_word' id='word_1_381' title='bbox 3341 989 3502 1043; x_wconf 91' lang='lat' dir='ltr'><strong>tribus</strong></span> <span class='ocrx_word' id='word_1_382' title='bbox 3530 987 3723 1042; x_wconf 78' lang='lat' dir='ltr'><strong>millibus</strong></span> 
     </span>
    </p>
   </div>
   <div class='ocr_carea' id='block_1_55' title="bbox 2200 1076 3725 1171">
    <p class='ocr_par' dir='ltr' id='par_1_55' title="bbox 2200 1076 3725 1171">
     <span class='ocr_line' id='line_1_57' title="bbox 2200 1076 3725 1171; baseline -0.015 -15"><span class='ocrx_word' id='word_1_383' title='bbox 2200 1076 2720 1171; x_wconf 71' lang='lat' dir='ltr'><strong>appropinquant“.</strong></span> <span class='ocrx_word' id='word_1_384' title='bbox 2771 1090 2910 1147; x_wconf 91' lang='lat' dir='ltr'><strong>Cum</strong></span> <span class='ocrx_word' id='word_1_385' title='bbox 2949 1097 3135 1142; x_wconf 87' lang='lat' dir='ltr'><strong>autem</strong></span> <span class='ocrx_word' id='word_1_386' title='bbox 3180 1082 3513 1155; x_wconf 72' lang='lat' dir='ltr'><strong>pervenisset</strong></span> <span class='ocrx_word' id='word_1_387' title='bbox 3546 1079 3604 1133; x_wconf 87' lang='lat' dir='ltr'><strong>ad</strong></span> <span class='ocrx_word' id='word_1_388' title='bbox 3644 1076 3725 1133; x_wconf 60' lang='lat' dir='ltr'><strong>lle</strong></span> 
     </span>
    </p>
   </div>
   <div class='ocr_carea' id='block_1_56' title="bbox 2214 1176 3727 1254">
    <p class='ocr_par' dir='ltr' id='par_1_56' title="bbox 2214 1176 3727 1254">
     <span class='ocr_line' id='line_1_58' title="bbox 2214 1176 3727 1254; baseline -0.015 -8"><span class='ocrx_word' id='word_1_389' title='bbox 2214 1194 2457 1254; x_wconf 76' lang='lat' dir='ltr'><strong>dessem,</strong></span> <span class='ocrx_word' id='word_1_390' title='bbox 2515 1185 2839 1243; x_wconf 77' lang='lat' dir='ltr'><strong>orthodoxis</strong></span> <span class='ocrx_word' id='word_1_391' title='bbox 2898 1180 3196 1238; x_wconf 80' lang='lat' dir='ltr'><strong>ecclesiam</strong></span> <span class='ocrx_word' id='word_1_392' title='bbox 3259 1176 3515 1241; x_wconf 86' lang='lat' dir='ltr'><strong>reddidit,</strong></span> <span class='ocrx_word' id='word_1_393' title='bbox 3558 1188 3663 1243; x_wconf 72' lang='lat' dir='ltr'><strong>qua:</strong></span> <span class='ocrx_word' id='word_1_394' title='bbox 3706 1192 3727 1223; x_wconf 88' lang='lat' dir='ltr'><strong>a</strong></span> 
     </span>
    </p>
   </div>
   <div class='ocr_carea' id='block_1_57' title="bbox 2214 1263 3731 1341">
    <p class='ocr_par' dir='ltr' id='par_1_57' title="bbox 2214 1263 3731 1341">
     <span class='ocr_line' id='line_1_59' title="bbox 2214 1263 3731 1341; baseline -0.015 -1"><span class='ocrx_word' id='word_1_395' title='bbox 2214 1280 2561 1340; x_wconf 80' lang='lat' dir='ltr'><strong>Nestorianis</strong></span> <span class='ocrx_word' id='word_1_396' title='bbox 2612 1294 2645 1333; x_wconf 87' lang='lat' dir='ltr'><strong>a</strong></span> <span class='ocrx_word' id='word_1_397' title='bbox 2703 1274 2969 1331; x_wconf 89' lang='lat' dir='ltr'><strong>Cbosrois</strong></span> <span class='ocrx_word' id='word_1_398' title='bbox 3035 1281 3284 1341; x_wconf 89' lang='lat' dir='ltr'><strong>tempore</strong></span> <span class='ocrx_word' id='word_1_399' title='bbox 3342 1268 3620 1323; x_wconf 87' lang='lat' dir='ltr'><strong>tenebatur.</strong></span> <span class='ocrx_word' id='word_1_400' title='bbox 3677 1263 3731 1319; x_wconf 77' lang='lat' dir='ltr'><strong>Et</strong></span> 
     </span>
    </p>
   </div>
   <div class='ocr_carea' id='block_1_58' title="bbox 2220 1359 3732 1444">
    <p class='ocr_par' dir='ltr' id='par_1_58' title="bbox 2220 1359 3732 1444">
     <span class='ocr_line' id='line_1_60' title="bbox 2220 1359 3732 1444; baseline -0.015 -10"><span class='ocrx_word' id='word_1_401' title='bbox 2220 1379 2455 1434; x_wconf 88' lang='lat' dir='ltr'><strong>veniens</strong></span> <span class='ocrx_word' id='word_1_402' title='bbox 2491 1373 2829 1444; x_wconf 75' lang='lat' dir='ltr'><strong>Hierapolim</strong></span> <span class='ocrx_word' id='word_1_403' title='bbox 2864 1367 3078 1424; x_wconf 83' lang='lat' dir='ltr'><strong>audivit</strong></span> <span class='ocrx_word' id='word_1_404' title='bbox 3107 1362 3256 1436; x_wconf 89' lang='lat' dir='ltr'><strong>quod</strong></span> <span class='ocrx_word' id='word_1_405' title='bbox 3286 1360 3474 1417; x_wconf 85' lang='lat' dir='ltr'><strong>Sirobis</strong></span> <span class='ocrx_word' id='word_1_406' title='bbox 3502 1375 3586 1415; x_wconf 79' lang='lat' dir='ltr'><strong>rex</strong></span> <span class='ocrx_word' id='word_1_407' title='bbox 3612 1359 3732 1413; x_wconf 85' lang='lat' dir='ltr'><strong>Per-</strong></span> 
     </span>
    </p>
   </div>
   <div class='ocr_carea' id='block_1_59' title="bbox 2220 1450 3733 1529">
    <p class='ocr_par' dir='ltr' id='par_1_59' title="bbox 2220 1450 3733 1529">
     <span class='ocr_line' id='line_1_61' title="bbox 2220 1450 3733 1529; baseline -0.017 -1"><span class='ocrx_word' id='word_1_408' title='bbox 2220 1486 2406 1529; x_wconf 87' lang='lat' dir='ltr'><strong>sarum</strong></span> <span class='ocrx_word' id='word_1_409' title='bbox 2443 1469 2583 1525; x_wconf 88' lang='lat' dir='ltr'><strong>dlem</strong></span> <span class='ocrx_word' id='word_1_410' title='bbox 2614 1465 2907 1521; x_wconf 89' lang='lat' dir='ltr'><strong>clausisset</strong></span> <span class='ocrx_word' id='word_1_411' title='bbox 2941 1469 3277 1520; x_wconf 80' lang='lat' dir='ltr'><strong>extremum,</strong></span> <span class='ocrx_word' id='word_1_412' title='bbox 3315 1461 3368 1509; x_wconf 91' lang='lat' dir='ltr'><strong>et</strong></span> <span class='ocrx_word' id='word_1_413' title='bbox 3397 1451 3563 1508; x_wconf 78' lang='lat' dir='ltr'><strong>Adesir</strong></span> <span class='ocrx_word' id='word_1_414' title='bbox 3583 1450 3733 1518; x_wconf 78' lang='lat' dir='ltr'><strong>hujus</strong></span> 
     </span>
    </p>
   </div>
   <div class='ocr_carea' id='block_1_60' title="bbox 2223 1543 3734 1628">
    <p class='ocr_par' dir='ltr' id='par_1_60' title="bbox 2223 1543 3734 1628">
     <span class='ocr_line' id='line_1_62' title="bbox 2223 1543 3734 1628; baseline -0.017 -10"><span class='ocrx_word' id='word_1_415' title='bbox 2223 1563 2367 1619; x_wconf 73' lang='lat' dir='ltr'><strong>ﬁlius</strong></span> <span class='ocrx_word' id='word_1_416' title='bbox 2406 1561 2457 1617; x_wconf 91' lang='lat' dir='ltr'><strong>ei</strong></span> <span class='ocrx_word' id='word_1_417' title='bbox 2488 1560 2545 1615; x_wconf 93' lang='lat' dir='ltr'><strong>in</strong></span> <span class='ocrx_word' id='word_1_418' title='bbox 2583 1556 2737 1628; x_wconf 85' lang='lat' dir='ltr'><strong>regni</strong></span> <span class='ocrx_word' id='word_1_419' title='bbox 2785 1552 3057 1625; x_wconf 89' lang='lat' dir='ltr'><strong>regimine</strong></span> <span class='ocrx_word' id='word_1_420' title='bbox 3100 1547 3475 1605; x_wconf 84' lang='lat' dir='ltr'><strong>successisset.</strong></span> <span class='ocrx_word' id='word_1_421' title='bbox 3505 1543 3591 1609; x_wconf 83' lang='lat' dir='ltr'><strong>Qui</strong></span> <span class='ocrx_word' id='word_1_422' title='bbox 3626 1557 3734 1596; x_wconf 88' lang='lat' dir='ltr'><strong>cum</strong></span> 
     </span>
    </p>
   </div>
   <div class='ocr_carea' id='block_1_61' title="bbox 2225 1633 3741 1725">
    <p class='ocr_par' dir='ltr' id='par_1_61' title="bbox 2225 1633 3741 1725">
     <span class='ocr_line' id='line_1_63' title="bbox 2225 1633 3741 1725; baseline -0.018 -14"><span class='ocrx_word' id='word_1_423' title='bbox 2225 1665 2433 1725; x_wconf 88' lang='lat' dir='ltr'><strong>septem</strong></span> <span class='ocrx_word' id='word_1_424' title='bbox 2463 1650 2753 1707; x_wconf 88' lang='lat' dir='ltr'><strong>mensibus</strong></span> <span class='ocrx_word' id='word_1_425' title='bbox 2787 1645 3059 1702; x_wconf 89' lang='lat' dir='ltr'><strong>tenuisset</strong></span> <span class='ocrx_word' id='word_1_426' title='bbox 3081 1640 3467 1713; x_wconf 84' lang='lat' dir='ltr'><strong>principatum,</strong></span> <span class='ocrx_word' id='word_1_427' title='bbox 3492 1633 3741 1689; x_wconf 76' lang='lat' dir='ltr'><strong>insurresit</strong></span> 
     </span>
    </p>
   </div>
   <div class='ocr_carea' id='block_1_62' title="bbox 2227 1726 3744 1806">
    <p class='ocr_par' dir='ltr' id='par_1_62' title="bbox 2227 1726 3744 1806">
     <span class='ocr_line' id='line_1_64' title="bbox 2227 1726 3744 1806; baseline -0.019 -1"><span class='ocrx_word' id='word_1_428' title='bbox 2227 1748 2493 1806; x_wconf 85' lang='lat' dir='ltr'><strong>adversus</strong></span> <span class='ocrx_word' id='word_1_429' title='bbox 2553 1758 2679 1799; x_wconf 87' lang='lat' dir='ltr'><strong>eum</strong></span> <span class='ocrx_word' id='word_1_430' title='bbox 2717 1739 3078 1800; x_wconf 84' lang='lat' dir='ltr'><strong>Sarbarazas,</strong></span> <span class='ocrx_word' id='word_1_431' title='bbox 3113 1734 3207 1804; x_wconf 90' lang='lat' dir='ltr'><strong>qui</strong></span> <span class='ocrx_word' id='word_1_432' title='bbox 3238 1746 3307 1786; x_wconf 88' lang='lat' dir='ltr'><strong>eo</strong></span> <span class='ocrx_word' id='word_1_433' title='bbox 3341 1742 3580 1802; x_wconf 79' lang='lat' dir='ltr'><strong>percusso</strong></span> <span class='ocrx_word' id='word_1_434' title='bbox 3605 1726 3744 1793; x_wconf 77' lang='lat' dir='ltr'><strong>imp-</strong></span> 
     </span>
    </p>
   </div>
   <div class='ocr_carea' id='block_1_63' title="bbox 2226 1814 3746 1897">
    <p class='ocr_par' dir='ltr' id='par_1_63' title="bbox 2226 1814 3746 1897">
     <span class='ocr_line' id='line_1_65' title="bbox 2226 1814 3746 1897; baseline -0.019 0"><span class='ocrx_word' id='word_1_435' title='bbox 2226 1841 2373 1897; x_wconf 83' lang='lat' dir='ltr'><strong>ravit</strong></span> <span class='ocrx_word' id='word_1_436' title='bbox 2412 1836 2599 1893; x_wconf 83' lang='lat' dir='ltr'><strong>Persis</strong></span> <span class='ocrx_word' id='word_1_437' title='bbox 2643 1831 2933 1888; x_wconf 88' lang='lat' dir='ltr'><strong>mensibus</strong></span> <span class='ocrx_word' id='word_1_438' title='bbox 2979 1827 3222 1881; x_wconf 90' lang='lat' dir='ltr'><strong>duobus.</strong></span> <span class='ocrx_word' id='word_1_439' title='bbox 3252 1821 3370 1877; x_wconf 82' lang='lat' dir='ltr'><strong>[loc</strong></span> <span class='ocrx_word' id='word_1_440' title='bbox 3416 1827 3581 1874; x_wconf 87' lang='lat' dir='ltr'><strong>autem</strong></span> <span class='ocrx_word' id='word_1_441' title='bbox 3602 1814 3746 1870; x_wconf 67' lang='lat' dir='ltr'><strong>Perse</strong></span> 
     </span>
    </p>
   </div>
   <div class='ocr_carea' id='block_1_64' title="bbox 2230 1905 3743 1991">
    <p class='ocr_par' dir='ltr' id='par_1_64' title="bbox 2230 1905 3743 1991">
     <span class='ocr_line' id='line_1_66' title="bbox 2230 1905 3743 1991; baseline -0.02 -4"><span class='ocrx_word' id='word_1_442' title='bbox 2230 1930 2519 1987; x_wconf 79' lang='lat' dir='ltr'><strong>interiecto</strong></span> <span class='ocrx_word' id='word_1_443' title='bbox 2566 1923 2803 1979; x_wconf 84' lang='lat' dir='ltr'><strong>Baranin</strong></span> <span class='ocrx_word' id='word_1_444' title='bbox 2855 1919 3217 1991; x_wconf 75' lang='lat' dir='ltr'><strong>przctulerunt</strong></span> <span class='ocrx_word' id='word_1_445' title='bbox 3264 1914 3325 1968; x_wconf 93' lang='lat' dir='ltr'><strong>in</strong></span> <span class='ocrx_word' id='word_1_446' title='bbox 3379 1924 3568 1981; x_wconf 83' lang='lat' dir='ltr'><strong>regem,</strong></span> <span class='ocrx_word' id='word_1_447' title='bbox 3613 1905 3743 1961; x_wconf 80' lang='lat' dir='ltr'><strong>ﬁlium</strong></span> 
     </span>
    </p>
   </div>
   <div class='ocr_carea' id='block_1_65' title="bbox 2231 1999 3747 2088">
    <p class='ocr_par' dir='ltr' id='par_1_65' title="bbox 2231 1999 3747 2088">
     <span class='ocr_line' id='line_1_67' title="bbox 2231 1999 3747 2088; baseline -0.02 -10"><span class='ocrx_word' id='word_1_448' title='bbox 2231 2021 2514 2086; x_wconf 85' lang='lat' dir='ltr'><strong>Cbosrois,</strong></span> <span class='ocrx_word' id='word_1_449' title='bbox 2571 2016 2665 2088; x_wconf 92' lang='lat' dir='ltr'><strong>qui</strong></span> <span class='ocrx_word' id='word_1_450' title='bbox 2719 2027 2951 2083; x_wconf 84' lang='lat' dir='ltr'><strong>regnum</strong></span> <span class='ocrx_word' id='word_1_451' title='bbox 3002 2010 3302 2065; x_wconf 84' lang='lat' dir='ltr'><strong>Persarum</strong></span> <span class='ocrx_word' id='word_1_452' title='bbox 3364 2012 3557 2074; x_wconf 83' lang='lat' dir='ltr'><strong>septem</strong></span> <span class='ocrx_word' id='word_1_453' title='bbox 3612 1999 3747 2055; x_wconf 82' lang='lat' dir='ltr'><strong>tenuit</strong></span> 
     </span>
    </p>
   </div>
   <div class='ocr_carea' id='block_1_66' title="bbox 2233 2096 3752 2170">
    <p class='ocr_par' dir='ltr' id='par_1_66' title="bbox 2233 2096 3752 2170">
     <span class='ocr_line' id='line_1_68' title="bbox 2233 2096 3752 2170; baseline -0.017 0"><span class='ocrx_word' id='word_1_454' title='bbox 2233 2114 2538 2170; x_wconf 86' lang='lat' dir='ltr'><strong>mensibus.</strong></span> <span class='ocrx_word' id='word_1_455' title='bbox 2570 2109 2743 2165; x_wconf 84' lang='lat' dir='ltr'><strong>Porro</strong></span> <span class='ocrx_word' id='word_1_456' title='bbox 2766 2107 2894 2161; x_wconf 89' lang='lat' dir='ltr'><strong>huic</strong></span> <span class='ocrx_word' id='word_1_457' title='bbox 2938 2103 3213 2160; x_wconf 78' lang='lat' dir='ltr'><strong>successit</strong></span> <span class='ocrx_word' id='word_1_458' title='bbox 3244 2096 3574 2159; x_wconf 78' lang='lat' dir='ltr'><strong>Bormisdas,</strong></span> <span class='ocrx_word' id='word_1_459' title='bbox 3609 2107 3700 2163; x_wconf 86' lang='lat' dir='ltr'><strong>quo</strong></span> <span class='ocrx_word' id='word_1_460' title='bbox 3730 2107 3752 2143; x_wconf 87' lang='lat' dir='ltr'><strong>a</strong></span> 
     </span>
    </p>
   </div>
   <div class='ocr_carea' id='block_1_67' title="bbox 2233 2180 3757 2272">
    <p class='ocr_par' dir='ltr' id='par_1_67' title="bbox 2233 2180 3757 2272">
     <span class='ocr_line' id='line_1_69' title="bbox 2233 2180 3757 2272; baseline -0.02 -9"><span class='ocrx_word' id='word_1_461' title='bbox 2233 2204 2522 2263; x_wconf 87' lang='lat' dir='ltr'><strong>Saracenis</strong></span> <span class='ocrx_word' id='word_1_462' title='bbox 2570 2202 2735 2272; x_wconf 88' lang='lat' dir='ltr'><strong>pulso</strong></span> <span class='ocrx_word' id='word_1_463' title='bbox 2768 2198 2969 2252; x_wconf 79' lang='lat' dir='ltr'><strong>factum</strong></span> <span class='ocrx_word' id='word_1_464' title='bbox 3010 2203 3098 2250; x_wconf 91' lang='lat' dir='ltr'><strong>est</strong></span> <span class='ocrx_word' id='word_1_465' title='bbox 3130 2206 3360 2263; x_wconf 83' lang='lat' dir='ltr'><strong>regnum</strong></span> <span class='ocrx_word' id='word_1_466' title='bbox 3387 2186 3651 2243; x_wconf 84' lang='lat' dir='ltr'><strong>Persarum</strong></span> <span class='ocrx_word' id='word_1_467' title='bbox 3678 2180 3757 2236; x_wconf 74' lang='lat' dir='ltr'><strong>sub</strong></span> 
     </span>
    </p>
   </div>
   <div class='ocr_carea' id='block_1_68' title="bbox 2235 2286 3373 2362">
    <p class='ocr_par' dir='ltr' id='par_1_68' title="bbox 2235 2286 3373 2362">
     <span class='ocr_line' id='line_1_70' title="bbox 2235 2286 3373 2362; baseline -0.014 -8"><span class='ocrx_word' id='word_1_468' title='bbox 2235 2299 2513 2354; x_wconf 83' lang='lat' dir='ltr'><strong>Arabibus</strong></span> <span class='ocrx_word' id='word_1_469' title='bbox 2544 2309 2723 2362; x_wconf 82' lang='lat' dir='ltr'><strong>usque</strong></span> <span class='ocrx_word' id='word_1_470' title='bbox 2756 2292 2809 2346; x_wconf 93' lang='lat' dir='ltr'><strong>in</strong></span> <span class='ocrx_word' id='word_1_471' title='bbox 2845 2290 3179 2344; x_wconf 87' lang='lat' dir='ltr'><strong>hodiernum</strong></span> <span class='ocrx_word' id='word_1_472' title='bbox 3208 2286 3373 2339; x_wconf 88' lang='lat' dir='ltr'><strong>diem.</strong></span> 
     </span>
    </p>
   </div>
   <div class='ocr_carea' id='block_1_69' title="bbox 2310 2362 3761 2445">
    <p class='ocr_par' dir='ltr' id='par_1_69' title="bbox 2310 2362 3761 2445">
     <span class='ocr_line' id='line_1_71' title="bbox 2310 2362 3761 2445; baseline -0.019 -2"><span class='ocrx_word' id='word_1_473' title='bbox 2310 2387 2493 2443; x_wconf 76' lang='lat' dir='ltr'><strong>Mundi</strong></span> <span class='ocrx_word' id='word_1_474' title='bbox 2518 2398 2662 2439; x_wconf 88' lang='lat' dir='ltr'><strong>anno</strong></span> <span class='ocrx_word' id='word_1_475' title='bbox 2686 2380 2848 2445; x_wconf 73' lang='grc'><strong>6121,</strong></span> <span class='ocrx_word' id='word_1_476' title='bbox 2869 2379 3074 2434; x_wconf 64' lang='lat' dir='ltr'><strong>divina!</strong></span> <span class='ocrx_word' id='word_1_477' title='bbox 3103 2370 3502 2430; x_wconf 86' lang='lat' dir='ltr'><strong>incarnationis</strong></span> <span class='ocrx_word' id='word_1_478' title='bbox 3522 2381 3649 2424; x_wconf 87' lang='lat' dir='ltr'><strong>anno</strong></span> <span class='ocrx_word' id='word_1_479' title='bbox 3662 2362 3761 2428; x_wconf 63' lang='lat' dir='ltr'><strong>illi,</strong></span> 
     </span>
    </p>
   </div>
   <div class='ocr_carea' id='block_1_70' title="bbox 2241 2456 3761 2547">
    <p class='ocr_par' dir='ltr' id='par_1_70' title="bbox 2241 2456 3761 2547">
     <span class='ocr_line' id='line_1_72' title="bbox 2241 2456 3761 2547; baseline -0.018 -12"><span class='ocrx_word' id='word_1_480' title='bbox 2241 2496 2387 2535; x_wconf 88' lang='lat' dir='ltr'><strong>anno</strong></span> <span class='ocrx_word' id='word_1_481' title='bbox 2438 2475 2656 2547; x_wconf 85' lang='lat' dir='ltr'><strong>imperii</strong></span> <span class='ocrx_word' id='word_1_482' title='bbox 2712 2470 2956 2528; x_wconf 83' lang='lat' dir='ltr'><strong>iieraelii</strong></span> <span class='ocrx_word' id='word_1_483' title='bbox 3009 2468 3082 2524; x_wconf 72' lang='lat'><strong>20</strong></span> <span class='ocrx_word' id='word_1_484' title='bbox 3135 2464 3454 2521; x_wconf 82' lang='lat' dir='ltr'><strong>ﬂormisdas</strong></span> <span class='ocrx_word' id='word_1_485' title='bbox 3509 2465 3676 2530; x_wconf 84' lang='lat' dir='ltr'><strong>regnat</strong></span> <span class='ocrx_word' id='word_1_486' title='bbox 3716 2456 3761 2509; x_wconf 87' lang='lat' dir='ltr'><strong>in</strong></span> 
     </span>
    </p>
   </div>
   <div class='ocr_carea' id='block_1_71' title="bbox 2240 2552 3768 2628">
    <p class='ocr_par' dir='ltr' id='par_1_71' title="bbox 2240 2552 3768 2628">
     <span class='ocr_line' id='line_1_73' title="bbox 2240 2552 3768 2628; baseline -0.017 1"><span class='ocrx_word' id='word_1_487' title='bbox 2240 2573 2451 2628; x_wconf 90' lang='lat' dir='ltr'><strong>Persis.</strong></span> <span class='ocrx_word' id='word_1_488' title='bbox 2487 2569 2625 2625; x_wconf 91' lang='lat' dir='ltr'><strong>Cum</strong></span> <span class='ocrx_word' id='word_1_489' title='bbox 2664 2575 2847 2621; x_wconf 90' lang='lat' dir='ltr'><strong>autem</strong></span> <span class='ocrx_word' id='word_1_490' title='bbox 2894 2561 3179 2617; x_wconf 87' lang='lat' dir='ltr'><strong>lleraclius</strong></span> <span class='ocrx_word' id='word_1_491' title='bbox 3207 2567 3351 2614; x_wconf 87' lang='lat' dir='ltr'><strong>esset</strong></span> <span class='ocrx_word' id='word_1_492' title='bbox 3374 2553 3518 2626; x_wconf 84' lang='lat' dir='ltr'><strong>apud</strong></span> <span class='ocrx_word' id='word_1_493' title='bbox 3550 2552 3768 2619; x_wconf 78' lang='lat' dir='ltr'><strong>Hierapo-</strong></span> 
     </span>
    </p>
   </div>
   <div class='ocr_carea' id='block_1_72' title="bbox 2243 2636 3769 2727">
    <p class='ocr_par' dir='ltr' id='par_1_72' title="bbox 2243 2636 3769 2727">
     <span class='ocr_line' id='line_1_74' title="bbox 2243 2636 3769 2727; baseline -0.018 -9"><span class='ocrx_word' id='word_1_494' title='bbox 2243 2664 2359 2727; x_wconf 89' lang='lat' dir='ltr'><strong>lim,</strong></span> <span class='ocrx_word' id='word_1_495' title='bbox 2399 2660 2545 2715; x_wconf 84' lang='lat' dir='ltr'><strong>venit</strong></span> <span class='ocrx_word' id='word_1_496' title='bbox 2593 2656 2661 2712; x_wconf 89' lang='lat' dir='ltr'><strong>ad</strong></span> <span class='ocrx_word' id='word_1_497' title='bbox 2703 2669 2831 2711; x_wconf 91' lang='lat' dir='ltr'><strong>eum</strong></span> <span class='ocrx_word' id='word_1_498' title='bbox 2868 2650 3200 2706; x_wconf 78' lang='lat' dir='ltr'><strong>Athanasius</strong></span> <span class='ocrx_word' id='word_1_499' title='bbox 3238 2643 3545 2717; x_wconf 85' lang='lat' dir='ltr'><strong>patriarcha</strong></span> <span class='ocrx_word' id='word_1_500' title='bbox 3581 2636 3769 2694; x_wconf 76' lang='lat' dir='ltr'><strong>Jacobi-</strong></span> 
     </span>
    </p>
   </div>
   <div class='ocr_carea' id='block_1_73' title="bbox 2247 2729 3773 2817">
    <p class='ocr_par' dir='ltr' id='par_1_73' title="bbox 2247 2729 3773 2817">
     <span class='ocr_line' id='line_1_75' title="bbox 2247 2729 3773 2817; baseline -0.019 -7"><span class='ocrx_word' id='word_1_501' title='bbox 2247 2764 2452 2817; x_wconf 86' lang='lat' dir='ltr'><strong>tarum,</strong></span> <span class='ocrx_word' id='word_1_502' title='bbox 2510 2751 2596 2805; x_wconf 89' lang='lat' dir='ltr'><strong>vir</strong></span> <span class='ocrx_word' id='word_1_503' title='bbox 2652 2747 2798 2804; x_wconf 84' lang='lat' dir='ltr'><strong>aeris</strong></span> <span class='ocrx_word' id='word_1_504' title='bbox 2856 2752 2914 2801; x_wconf 89' lang='lat' dir='ltr'><strong>et</strong></span> <span class='ocrx_word' id='word_1_505' title='bbox 2966 2753 3193 2812; x_wconf 88' lang='lat' dir='ltr'><strong>nequam</strong></span> <span class='ocrx_word' id='word_1_506' title='bbox 3250 2734 3477 2805; x_wconf 79' lang='lat' dir='ltr'><strong>ingenii,</strong></span> <span class='ocrx_word' id='word_1_507' title='bbox 3548 2729 3773 2803; x_wconf 75' lang='lat' dir='ltr'><strong>Syrorum</strong></span> 
     </span>
    </p>
   </div>
   <div class='ocr_carea' id='block_1_74' title="bbox 2247 2817 3775 2907">
    <p class='ocr_par' dir='ltr' id='par_1_74' title="bbox 2247 2817 3775 2907">
     <span class='ocr_line' id='line_1_76' title="bbox 2247 2817 3775 2907; baseline -0.021 -6"><span class='ocrx_word' id='word_1_508' title='bbox 2247 2846 2452 2902; x_wconf 87' lang='lat' dir='ltr'><strong>inditas</strong></span> <span class='ocrx_word' id='word_1_509' title='bbox 2496 2838 2770 2896; x_wconf 81' lang='lat' dir='ltr'><strong>versutias</strong></span> <span class='ocrx_word' id='word_1_510' title='bbox 2820 2833 3109 2907; x_wconf 86' lang='lat' dir='ltr'><strong>possidens</strong></span> <span class='ocrx_word' id='word_1_511' title='bbox 3137 2847 3153 2884; x_wconf 83' lang='lat'><strong>:</strong></span> <span class='ocrx_word' id='word_1_512' title='bbox 3181 2839 3235 2885; x_wconf 89' lang='lat' dir='ltr'><strong>et</strong></span> <span class='ocrx_word' id='word_1_513' title='bbox 3279 2835 3433 2881; x_wconf 86' lang='lat' dir='ltr'><strong>moto</strong></span> <span class='ocrx_word' id='word_1_514' title='bbox 3486 2822 3555 2877; x_wconf 88' lang='lat' dir='ltr'><strong>de</strong></span> <span class='ocrx_word' id='word_1_515' title='bbox 3603 2821 3692 2875; x_wconf 76' lang='lat' dir='ltr'><strong>fide</strong></span> <span class='ocrx_word' id='word_1_516' title='bbox 3724 2817 3775 2870; x_wconf 67' lang='lat' dir='ltr'><strong>aui</strong></span> 
     </span>
    </p>
   </div>
   <div class='ocr_carea' id='block_1_75' title="bbox 2250 2911 3777 3009">
    <p class='ocr_par' dir='ltr' id='par_1_75' title="bbox 2250 2911 3777 3009">
     <span class='ocr_line' id='line_1_77' title="bbox 2250 2911 3777 3009; baseline -0.019 -16"><span class='ocrx_word' id='word_1_517' title='bbox 2250 2940 2639 3009; x_wconf 85' lang='lat' dir='ltr'><strong>imperatorem</strong></span> <span class='ocrx_word' id='word_1_518' title='bbox 2677 2943 2957 2990; x_wconf 86' lang='lat' dir='ltr'><strong>sermone,</strong></span> <span class='ocrx_word' id='word_1_519' title='bbox 3004 2922 3321 2995; x_wconf 87' lang='lat' dir='ltr'><strong>repromisit</strong></span> <span class='ocrx_word' id='word_1_520' title='bbox 3352 2921 3405 2975; x_wconf 86' lang='lat' dir='ltr'><strong>ei</strong></span> <span class='ocrx_word' id='word_1_521' title='bbox 3437 2915 3715 2975; x_wconf 73' lang='lat' dir='ltr'><strong>lleraelius,</strong></span> <span class='ocrx_word' id='word_1_522' title='bbox 3741 2911 3777 2965; x_wconf 89' lang='lat' dir='ltr'><strong>si</strong></span> 
     </span>
    </p>
   </div>
   <div class='ocr_carea' id='block_1_76' title="bbox 2253 3005 3781 3095">
    <p class='ocr_par' dir='ltr' id='par_1_76' title="bbox 2253 3005 3781 3095">
     <span class='ocr_line' id='line_1_78' title="bbox 2253 3005 3781 3095; baseline -0.022 -7"><span class='ocrx_word' id='word_1_523' title='bbox 2253 3029 2762 3087; x_wconf 82' lang='lat' dir='ltr'><strong>Clialeedonensem</strong></span> <span class='ocrx_word' id='word_1_524' title='bbox 2825 3019 3101 3095; x_wconf 82' lang='lat' dir='ltr'><strong>synodum</strong></span> <span class='ocrx_word' id='word_1_525' title='bbox 3155 3013 3540 3085; x_wconf 81' lang='lat' dir='ltr'><strong>suscepisset,</strong></span> <span class='ocrx_word' id='word_1_526' title='bbox 3582 3005 3781 3078; x_wconf 84' lang='lat' dir='ltr'><strong>patriar-</strong></span> 
     </span>
    </p>
   </div>
   <div class='ocr_carea' id='block_1_77' title="bbox 2256 3094 3787 3178">
    <p class='ocr_par' dir='ltr' id='par_1_77' title="bbox 2256 3094 3787 3178">
     <span class='ocr_line' id='line_1_79' title="bbox 2256 3094 3787 3178; baseline -0.02 1"><span class='ocrx_word' id='word_1_527' title='bbox 2256 3125 2420 3178; x_wconf 86' lang='lat' dir='ltr'><strong>eham</strong></span> <span class='ocrx_word' id='word_1_528' title='bbox 2446 3121 2621 3175; x_wconf 88' lang='lat' dir='ltr'><strong>.illum</strong></span> <span class='ocrx_word' id='word_1_529' title='bbox 2674 3094 2982 3170; x_wconf 75' lang='lat' dir='ltr'><strong>Antioehize</strong></span> <span class='ocrx_word' id='word_1_530' title='bbox 3025 3126 3087 3167; x_wconf 86' lang='lat' dir='ltr'><strong>se</strong></span> <span class='ocrx_word' id='word_1_531' title='bbox 3137 3106 3260 3163; x_wconf 82' lang='lat' dir='ltr'><strong>fore</strong></span> <span class='ocrx_word' id='word_1_532' title='bbox 3300 3104 3583 3160; x_wconf 75' lang='lat' dir='ltr'><strong>laeturum.</strong></span> <span class='ocrx_word' id='word_1_533' title='bbox 3624 3098 3687 3152; x_wconf 80' lang='lat' dir='ltr'><strong>At</strong></span> <span class='ocrx_word' id='word_1_534' title='bbox 3714 3094 3787 3149; x_wconf 84' lang='lat' dir='ltr'><strong>illo</strong></span> 
     </span>
    </p>
   </div>
   <div class='ocr_carea' id='block_1_78' title="bbox 2258 3189 3787 3281">
    <p class='ocr_par' dir='ltr' id='par_1_78' title="bbox 2258 3189 3787 3281">
     <span class='ocr_line' id='line_1_80' title="bbox 2258 3189 3787 3281; baseline -0.022 -8"><span class='ocrx_word' id='word_1_535' title='bbox 2258 3214 2514 3273; x_wconf 87' lang='lat' dir='ltr'><strong>simulate</strong></span> <span class='ocrx_word' id='word_1_536' title='bbox 2549 3211 2795 3281; x_wconf 90' lang='lat' dir='ltr'><strong>suscepit</strong></span> <span class='ocrx_word' id='word_1_537' title='bbox 2829 3206 3128 3279; x_wconf 80' lang='lat' dir='ltr'><strong>synodum,</strong></span> <span class='ocrx_word' id='word_1_538' title='bbox 3160 3199 3427 3256; x_wconf 80' lang='lat' dir='ltr'><strong>conﬁtens</strong></span> <span class='ocrx_word' id='word_1_539' title='bbox 3461 3195 3593 3248; x_wconf 86' lang='lat' dir='ltr'><strong>duas</strong></span> <span class='ocrx_word' id='word_1_540' title='bbox 3634 3189 3787 3244; x_wconf 78' lang='lat' dir='ltr'><strong>unitas</strong></span> 
     </span>
    </p>
   </div>
   <div class='ocr_carea' id='block_1_79' title="bbox 2259 3288 3786 3367">
    <p class='ocr_par' dir='ltr' id='par_1_79' title="bbox 2259 3288 3786 3367">
     <span class='ocr_line' id='line_1_81' title="bbox 2259 3288 3786 3367; baseline -0.02 -2"><span class='ocrx_word' id='word_1_541' title='bbox 2259 3311 2313 3365; x_wconf 94' lang='lat' dir='ltr'><strong>in</strong></span> <span class='ocrx_word' id='word_1_542' title='bbox 2331 3307 2554 3363; x_wconf 88' lang='lat' dir='ltr'><strong>Christo</strong></span> <span class='ocrx_word' id='word_1_543' title='bbox 2579 3312 2832 3359; x_wconf 84' lang='lat' dir='ltr'><strong>naturas.</strong></span> <span class='ocrx_word' id='word_1_544' title='bbox 2854 3296 3227 3367; x_wconf 87' lang='lat' dir='ltr'><strong>interrogavit</strong></span> <span class='ocrx_word' id='word_1_545' title='bbox 3244 3300 3420 3346; x_wconf 89' lang='lat' dir='ltr'><strong>autem</strong></span> <span class='ocrx_word' id='word_1_546' title='bbox 3444 3288 3786 3354; x_wconf 73' lang='lat' dir='ltr'><strong>imperatorem</strong></span> 
     </span>
    </p>
   </div>
   <div class='ocr_carea' id='block_1_80' title="bbox 2260 3380 3789 3470">
    <p class='ocr_par' dir='ltr' id='par_1_80' title="bbox 2260 3380 3789 3470">
     <span class='ocr_line' id='line_1_82' title="bbox 2260 3380 3789 3470; baseline -0.02 -14"><span class='ocrx_word' id='word_1_547' title='bbox 2260 3402 2329 3457; x_wconf 87' lang='lat' dir='ltr'><strong>de</strong></span> <span class='ocrx_word' id='word_1_548' title='bbox 2366 3398 2691 3470; x_wconf 87' lang='lat' dir='ltr'><strong>operatione</strong></span> <span class='ocrx_word' id='word_1_549' title='bbox 2737 3410 2802 3449; x_wconf 88' lang='lat' dir='ltr'><strong>ac</strong></span> <span class='ocrx_word' id='word_1_550' title='bbox 2846 3390 3250 3452; x_wconf 86' lang='lat' dir='ltr'><strong>voluntatibus,</strong></span> <span class='ocrx_word' id='word_1_551' title='bbox 3284 3384 3513 3456; x_wconf 77' lang='lat' dir='ltr'><strong>qualiter</strong></span> <span class='ocrx_word' id='word_1_552' title='bbox 3553 3380 3789 3444; x_wconf 77' lang='lat' dir='ltr'><strong>oporteret</strong></span> 
     </span>
    </p>
   </div>
   <div class='ocr_carea' id='block_1_81' title="bbox 2262 3468 3791 3556">
    <p class='ocr_par' dir='ltr' id='par_1_81' title="bbox 2262 3468 3791 3556">
     <span class='ocr_line' id='line_1_83' title="bbox 2262 3468 3791 3556; baseline -0.019 -8"><span class='ocrx_word' id='word_1_553' title='bbox 2262 3497 2316 3549; x_wconf 90' lang='lat' dir='ltr'><strong>iu</strong></span> <span class='ocrx_word' id='word_1_554' title='bbox 2353 3468 2579 3549; x_wconf 75' lang='lat' dir='ltr'><strong>Christo</strong></span> <span class='ocrx_word' id='word_1_555' title='bbox 2603 3489 2711 3545; x_wconf 90' lang='lat' dir='ltr'><strong>dici</strong></span> <span class='ocrx_word' id='word_1_556' title='bbox 2747 3486 2942 3556; x_wconf 87' lang='lat' dir='ltr'><strong>duplas</strong></span> <span class='ocrx_word' id='word_1_557' title='bbox 2992 3491 3089 3537; x_wconf 88' lang='lat' dir='ltr'><strong>aut</strong></span> <span class='ocrx_word' id='word_1_558' title='bbox 3123 3481 3382 3550; x_wconf 83' lang='lat' dir='ltr'><strong>sitnplas.</strong></span> <span class='ocrx_word' id='word_1_559' title='bbox 3413 3472 3545 3529; x_wconf 83' lang='lat' dir='ltr'><strong>Tum</strong></span> <span class='ocrx_word' id='word_1_560' title='bbox 3589 3468 3791 3556; x_wconf 72' lang='lat' dir='ltr'><strong>impera-</strong></span> 
     </span>
    </p>
   </div>
   <div class='ocr_carea' id='block_1_82' title="bbox 2263 3552 3790 3641">
    <p class='ocr_par' dir='ltr' id='par_1_82' title="bbox 2263 3552 3790 3641">
     <span class='ocr_line' id='line_1_84' title="bbox 2263 3552 3790 3641; baseline -0.022 0"><span class='ocrx_word' id='word_1_561' title='bbox 2263 3596 2354 3641; x_wconf 92' lang='lat' dir='ltr'><strong>tor</strong></span> <span class='ocrx_word' id='word_1_562' title='bbox 2403 3582 2558 3639; x_wconf 87' lang='lat' dir='ltr'><strong>vocis</strong></span> <span class='ocrx_word' id='word_1_563' title='bbox 2616 3552 2861 3636; x_wconf 36' lang='lat' dir='ltr'><strong>novitat&#39;o</strong></span> <span class='ocrx_word' id='word_1_564' title='bbox 2913 3578 3357 3632; x_wconf 84' lang='lat' dir='ltr'><strong>consternatus,</strong></span> <span class='ocrx_word' id='word_1_565' title='bbox 3409 3562 3597 3621; x_wconf 86' lang='lat' dir='ltr'><strong>scribit</strong></span> <span class='ocrx_word' id='word_1_566' title='bbox 3642 3552 3790 3623; x_wconf 67' lang='lat' dir='ltr'><strong>Sergio</strong></span> 
     </span>
    </p>
   </div>
   <div class='ocr_carea' id='block_1_83' title="bbox 2264 3648 3794 3743">
    <p class='ocr_par' dir='ltr' id='par_1_83' title="bbox 2264 3648 3794 3743">
     <span class='ocr_line' id='line_1_85' title="bbox 2264 3648 3794 3743; baseline -0.024 -11"><span class='ocrx_word' id='word_1_567' title='bbox 2264 3672 2832 3743; x_wconf 81' lang='lat' dir='ltr'><strong>Constantinopoleos</strong></span> <span class='ocrx_word' id='word_1_568' title='bbox 2896 3665 3181 3737; x_wconf 77' lang='lat' dir='ltr'><strong>episcopo.</strong></span> <span class='ocrx_word' id='word_1_569' title='bbox 3262 3656 3519 3713; x_wconf 81' lang='lat' dir='ltr'><strong>Advoeat</strong></span> <span class='ocrx_word' id='word_1_570' title='bbox 3568 3648 3708 3706; x_wconf 79' lang='lat' dir='ltr'><strong>etiam</strong></span> <span class='ocrx_word' id='word_1_571' title='bbox 3754 3649 3794 3695; x_wconf 74' lang='lat' dir='ltr'><strong>et</strong></span> 
     </span>
    </p>
   </div>
   <div class='ocr_carea' id='block_1_84' title="bbox 2266 3746 3793 3841">
    <p class='ocr_par' dir='ltr' id='par_1_84' title="bbox 2266 3746 3793 3841">
     <span class='ocr_line' id='line_1_86' title="bbox 2266 3746 3793 3841; baseline -0.019 -16"><span class='ocrx_word' id='word_1_572' title='bbox 2266 3770 2473 3841; x_wconf 84' lang='lat' dir='ltr'><strong>Cyrum</strong></span> <span class='ocrx_word' id='word_1_573' title='bbox 2533 3764 2792 3822; x_wconf 85' lang='lat' dir='ltr'><strong>Phasidis</strong></span> <span class='ocrx_word' id='word_1_574' title='bbox 2841 3758 3183 3818; x_wconf 87' lang='lat' dir='ltr'><strong>antistitem,</strong></span> <span class='ocrx_word' id='word_1_575' title='bbox 3236 3760 3301 3808; x_wconf 88' lang='lat' dir='ltr'><strong>et</strong></span> <span class='ocrx_word' id='word_1_576' title='bbox 3353 3752 3459 3806; x_wconf 89' lang='lat' dir='ltr'><strong>hoc</strong></span> <span class='ocrx_word' id='word_1_577' title='bbox 3521 3746 3793 3810; x_wconf 65' lang='lat' dir='ltr'><strong>interrupto</strong></span> 
     </span>
    </p>
   </div>
   <div class='ocr_carea' id='block_1_85' title="bbox 2268 3833 3795 3933">
    <p class='ocr_par' dir='ltr' id='par_1_85' title="bbox 2268 3833 3795 3933">
     <span class='ocr_line' id='line_1_87' title="bbox 2268 3833 3795 3933; baseline -0.024 -14"><span class='ocrx_word' id='word_1_578' title='bbox 2268 3862 2476 3933; x_wconf 86' lang='lat' dir='ltr'><strong>reperit</strong></span> <span class='ocrx_word' id='word_1_579' title='bbox 2501 3874 2627 3916; x_wconf 89' lang='lat' dir='ltr'><strong>eum</strong></span> <span class='ocrx_word' id='word_1_580' title='bbox 2660 3852 3101 3913; x_wconf 87' lang='lat' dir='ltr'><strong>consentientem</strong></span> <span class='ocrx_word' id='word_1_581' title='bbox 3143 3846 3350 3916; x_wconf 88' lang='lat' dir='ltr'><strong>Sergio</strong></span> <span class='ocrx_word' id='word_1_582' title='bbox 3378 3843 3435 3898; x_wconf 88' lang='lat' dir='ltr'><strong>in</strong></span> <span class='ocrx_word' id='word_1_583' title='bbox 3470 3852 3621 3895; x_wconf 86' lang='lat' dir='ltr'><strong>unam</strong></span> <span class='ocrx_word' id='word_1_584' title='bbox 3648 3833 3795 3888; x_wconf 81' lang='lat' dir='ltr'><strong>volun-</strong></span> 
     </span>
    </p>
   </div>
   <div class='ocr_carea' id='block_1_86' title="bbox 2269 3929 3797 4018">
    <p class='ocr_par' dir='ltr' id='par_1_86' title="bbox 2269 3929 3797 4018">
     <span class='ocr_line' id='line_1_88' title="bbox 2269 3929 3797 4018; baseline -0.024 -6"><span class='ocrx_word' id='word_1_585' title='bbox 2269 3929 2441 4011; x_wconf 55' lang='lat' dir='ltr'><strong>taiem</strong></span> <span class='ocrx_word' id='word_1_586' title='bbox 2475 3962 2531 4009; x_wconf 84' lang='lat' dir='ltr'><strong>et</strong></span> <span class='ocrx_word' id='word_1_587' title='bbox 2553 3965 2719 4006; x_wconf 88' lang='lat' dir='ltr'><strong>unam</strong></span> <span class='ocrx_word' id='word_1_588' title='bbox 2754 3945 3158 4018; x_wconf 88' lang='lat' dir='ltr'><strong>operationem.</strong></span> <span class='ocrx_word' id='word_1_589' title='bbox 3194 3938 3437 4008; x_wconf 83' lang='lat' dir='ltr'><strong>Sergius</strong></span> <span class='ocrx_word' id='word_1_590' title='bbox 3476 3933 3631 3991; x_wconf 89' lang='lat' dir='ltr'><strong>enim,</strong></span> <span class='ocrx_word' id='word_1_591' title='bbox 3656 3929 3797 3992; x_wconf 70' lang='lat' dir='ltr'><strong>utpote</strong></span> 
     </span>
    </p>
   </div>
   <div class='ocr_carea' id='block_1_87' title="bbox 2273 4017 3796 4120">
    <p class='ocr_par' dir='ltr' id='par_1_87' title="bbox 2273 4017 3796 4120">
     <span class='ocr_line' id='line_1_89' title="bbox 2273 4017 3796 4120; baseline -0.02 -16"><span class='ocrx_word' id='word_1_592' title='bbox 2273 4048 2453 4120; x_wconf 87' lang='lat' dir='ltr'><strong>Syrus</strong></span> <span class='ocrx_word' id='word_1_593' title='bbox 2501 4057 2703 4116; x_wconf 83' lang='lat' dir='ltr'><strong>genere</strong></span> <span class='ocrx_word' id='word_1_594' title='bbox 2760 4017 2824 4094; x_wconf 83' lang='lat' dir='ltr'><strong>ae</strong></span> <span class='ocrx_word' id='word_1_595' title='bbox 2871 4032 3195 4109; x_wconf 79' lang='lat' dir='ltr'><strong>parentibus</strong></span> <span class='ocrx_word' id='word_1_596' title='bbox 3236 4027 3522 4083; x_wconf 78' lang='lat' dir='ltr'><strong>Jacobitis</strong></span> <span class='ocrx_word' id='word_1_597' title='bbox 3566 4017 3796 4075; x_wconf 63' lang='lat' dir='ltr'><strong>essistcm,</strong></span> 
     </span>
    </p>
   </div>
   <div class='ocr_carea' id='block_1_88' title="bbox 2275 4102 3881 4196">
    <p class='ocr_par' dir='ltr' id='par_1_88' title="bbox 2275 4102 3881 4196">
     <span class='ocr_line' id='line_1_90' title="bbox 2275 4102 3881 4196; baseline -0.019 0"><span class='ocrx_word' id='word_1_598' title='bbox 2275 4156 2441 4196; x_wconf 90' lang='lat' dir='ltr'><strong>unam</strong></span> <span class='ocrx_word' id='word_1_599' title='bbox 2469 4128 2781 4195; x_wconf 83' lang='lat' dir='ltr'><strong>naturalem</strong></span> <span class='ocrx_word' id='word_1_600' title='bbox 2808 4134 3149 4188; x_wconf 89' lang='lat' dir='ltr'><strong>voluntatem</strong></span> <span class='ocrx_word' id='word_1_601' title='bbox 3188 4131 3243 4180; x_wconf 90' lang='lat' dir='ltr'><strong>et</strong></span> <span class='ocrx_word' id='word_1_602' title='bbox 3276 4136 3457 4178; x_wconf 85' lang='lat' dir='ltr'><strong>unam</strong></span> <span class='ocrx_word' id='word_1_603' title='bbox 3488 4111 3796 4188; x_wconf 56' lang='lat' dir='ltr'><strong>operation!!!</strong></span> <span class='ocrx_word' id='word_1_604' title='bbox 3880 4102 3881 4161; x_wconf 69' lang='grc' dir='ltr'><strong>ἶ</strong></span> 
     </span>
    </p>
   </div>
   <div class='ocr_carea' id='block_1_89' title="bbox 2276 4200 3800 4294">
    <p class='ocr_par' dir='ltr' id='par_1_89' title="bbox 2276 4200 3800 4294">
     <span class='ocr_line' id='line_1_91' title="bbox 2276 4200 3800 4294; baseline -0.023 -5"><span class='ocrx_word' id='word_1_605' title='bbox 2276 4234 2332 4289; x_wconf 89' lang='lat' dir='ltr'><strong>in</strong></span> <span class='ocrx_word' id='word_1_606' title='bbox 2383 4230 2608 4287; x_wconf 88' lang='lat' dir='ltr'><strong>Christo</strong></span> <span class='ocrx_word' id='word_1_607' title='bbox 2663 4224 2952 4294; x_wconf 89' lang='lat' dir='ltr'><strong>rescripsit</strong></span> <span class='ocrx_word' id='word_1_608' title='bbox 3011 4229 3178 4291; x_wconf 87' lang='lat' dir='ltr'><strong>atque</strong></span> <span class='ocrx_word' id='word_1_609' title='bbox 3229 4215 3536 4274; x_wconf 71' lang='lat' dir='ltr'><strong>confessus</strong></span> <span class='ocrx_word' id='word_1_610' title='bbox 3593 4214 3685 4264; x_wconf 88' lang='lat' dir='ltr'><strong>est.</strong></span> <span class='ocrx_word' id='word_1_611' title='bbox 3732 4200 3800 4255; x_wconf 62' lang='lat' dir='ltr'><strong>ut</strong></span> 
     </span>
    </p>
   </div>
   <div class='ocr_carea' id='block_1_90' title="bbox 2277 4291 3798 4395">
    <p class='ocr_par' dir='ltr' id='par_1_90' title="bbox 2277 4291 3798 4395">
     <span class='ocr_line' id='line_1_92' title="bbox 2277 4291 3798 4395; baseline -0.018 -15"><span class='ocrx_word' id='word_1_612' title='bbox 2277 4327 2579 4395; x_wconf 88' lang='lat' dir='ltr'><strong>imperator</strong></span> <span class='ocrx_word' id='word_1_613' title='bbox 2627 4291 2920 4386; x_wconf 81' lang='lat' dir='ltr'><strong>utriusque</strong></span> <span class='ocrx_word' id='word_1_614' title='bbox 2971 4315 3343 4384; x_wconf 87' lang='lat' dir='ltr'><strong>acquiescens</strong></span> <span class='ocrx_word' id='word_1_615' title='bbox 3389 4304 3617 4364; x_wconf 86' lang='lat' dir='ltr'><strong>consilio</strong></span> <span class='ocrx_word' id='word_1_616' title='bbox 3652 4291 3798 4363; x_wconf 57' lang='lat' dir='ltr'><strong>repeti!</strong></span> 
     </span>
    </p>
   </div>
   <div class='ocr_carea' id='block_1_91' title="bbox 595 4383 3797 4500">
    <p class='ocr_par' dir='ltr' id='par_1_91' title="bbox 595 4383 3797 4500">
     <span class='ocr_line' id='line_1_93' title="bbox 595 4383 2842 4413; baseline -0.012 -13"><span class='ocrx_word' id='word_1_617' title='bbox 595 4383 761 4400; x_wconf 55' lang='lat'><strong>......”</strong></span> <span class='ocrx_word' id='word_1_618' title='bbox 785 4383 1045 4413; x_wconf 69' lang='lat'><strong>...-.,....-</strong></span> <span class='ocrx_word' id='word_1_619' title='bbox 1081 4383 1307 4393; x_wconf 64' lang='grc' dir='ltr'><strong>,νη---η</strong></span> <span class='ocrx_word' id='word_1_620' title='bbox 1352 4383 1465 4390; x_wconf 73' lang='lat'><strong>----</strong></span> <span class='ocrx_word' id='word_1_621' title='bbox 1507 4383 1685 4387; x_wconf 11' lang='lat' dir='ltr'><strong>&quot;me,</strong></span> <span class='ocrx_word' id='word_1_622' title='bbox 1716 4383 1735 4401; x_wconf 74' lang='grc'><strong>,</strong></span> <span class='ocrx_word' id='word_1_623' title='bbox 1765 4383 1817 4401; x_wconf 48' lang='grc' dir='ltr'><strong>Ἰ</strong></span> <span class='ocrx_word' id='word_1_624' title='bbox 2081 4383 2095 4397; x_wconf 75' lang='grc'><em>,</em></span> <span class='ocrx_word' id='word_1_625' title='bbox 2359 4383 2373 4395; x_wconf 86' lang='lat'>_</span> <span class='ocrx_word' id='word_1_626' title='bbox 2831 4383 2842 4386; x_wconf 31' lang='grc' dir='ltr'>ν</span> 
     </span>
     <span class='ocr_line' id='line_1_94' title="bbox 595 4383 3797 4500; baseline -0.015 -8"><span class='ocrx_word' id='word_1_627' title='bbox 595 4444 706 4499; x_wconf 81' lang='lat' dir='ltr'><strong>cto,</strong></span> <span class='ocrx_word' id='word_1_628' title='bbox 763 4431 1008 4490; x_wconf 85' lang='lat' dir='ltr'><strong>universi</strong></span> <span class='ocrx_word' id='word_1_629' title='bbox 1055 4428 1169 4486; x_wconf 80' lang='lat' dir='ltr'><strong>Deo</strong></span> <span class='ocrx_word' id='word_1_630' title='bbox 1221 4428 1457 4500; x_wconf 88' lang='lat' dir='ltr'><strong>hymnos</strong></span> <span class='ocrx_word' id='word_1_631' title='bbox 1504 4423 1786 4496; x_wconf 78' lang='lat' dir='ltr'><strong>gratiﬁeos</strong></span> <span class='ocrx_word' id='word_1_632' title='bbox 1840 4420 2171 4477; x_wconf 88' lang='lat' dir='ltr'><strong>retulerunt.</strong></span> <span class='ocrx_word' id='word_1_633' title='bbox 2203 4426 2333 4488; x_wconf 79' lang='lat' dir='ltr'><strong>Det</strong></span> <span class='ocrx_word' id='word_1_634' title='bbox 2379 4412 2745 4470; x_wconf 81' lang='lat' dir='ltr'><strong>Athanasium</strong></span> <span class='ocrx_word' id='word_1_635' title='bbox 2793 4408 2876 4464; x_wconf 88' lang='lat' dir='ltr'><strong>eis</strong></span> <span class='ocrx_word' id='word_1_636' title='bbox 2921 4383 3419 4463; x_wconf 84' lang='lat' dir='ltr'><strong>consentientem:</strong></span> <span class='ocrx_word' id='word_1_637' title='bbox 3458 4383 3797 4455; x_wconf 66' lang='lat' dir='ltr'><strong>noveratcnim</strong></span> 
     </span>
    </p>
   </div>
   <div class='ocr_carea' id='block_1_92' title="bbox 600 4508 2180 4598">
    <p class='ocr_par' dir='ltr' id='par_1_92' title="bbox 600 4508 2180 4598">
     <span class='ocr_line' id='line_1_95' title="bbox 600 4508 2180 4598; baseline -0.013 -15"><span class='ocrx_word' id='word_1_638' title='bbox 600 4527 805 4598; x_wconf 86' lang='lat' dir='ltr'><strong>Sicque</strong></span> <span class='ocrx_word' id='word_1_639' title='bbox 835 4526 1055 4581; x_wconf 89' lang='lat' dir='ltr'><strong>demum</strong></span> <span class='ocrx_word' id='word_1_640' title='bbox 1089 4527 1352 4593; x_wconf 84' lang='lat' dir='ltr'><strong>suscepto</strong></span> <span class='ocrx_word' id='word_1_641' title='bbox 1384 4519 1725 4589; x_wconf 87' lang='lat' dir='ltr'><strong>imperatore</strong></span> <span class='ocrx_word' id='word_1_642' title='bbox 1760 4514 1956 4569; x_wconf 88' lang='lat' dir='ltr'><strong>urbem</strong></span> <span class='ocrx_word' id='word_1_643' title='bbox 1989 4508 2180 4567; x_wconf 80' lang='lat' dir='ltr'><strong>exsul-</strong></span> 
     </span>
    </p>
   </div>
   <div class='ocr_carea' id='block_1_93' title="bbox 602 4617 1226 4690">
    <p class='ocr_par' dir='ltr' id='par_1_93' title="bbox 602 4617 1226 4690">
     <span class='ocr_line' id='line_1_96' title="bbox 602 4617 1226 4690; baseline -0.011 -15"><span class='ocrx_word' id='word_1_644' title='bbox 602 4631 782 4677; x_wconf 88' lang='lat' dir='ltr'><strong>tantes</strong></span> <span class='ocrx_word' id='word_1_645' title='bbox 804 4617 1040 4690; x_wconf 88' lang='lat' dir='ltr'><strong>ingressi</strong></span> <span class='ocrx_word' id='word_1_646' title='bbox 1073 4623 1226 4672; x_wconf 86' lang='lat' dir='ltr'><strong>sunt.</strong></span> 
     </span>
    </p>
   </div>
   <div class='ocr_carea' id='block_1_94' title="bbox 673 4695 2184 4783">
    <p class='ocr_par' dir='ltr' id='par_1_94' title="bbox 673 4695 2184 4783">
     <span class='ocr_line' id='line_1_97' title="bbox 673 4695 2184 4783; baseline -0.011 -14"><span class='ocrx_word' id='word_1_647' title='bbox 673 4716 830 4769; x_wconf 86' lang='lat' dir='ltr'><strong>Anno</strong></span> <span class='ocrx_word' id='word_1_648' title='bbox 874 4710 1095 4783; x_wconf 86' lang='lat' dir='ltr'><strong>imperii</strong></span> <span class='ocrx_word' id='word_1_649' title='bbox 1127 4707 1362 4765; x_wconf 84' lang='lat' dir='ltr'><strong>lleraelii</strong></span> <span class='ocrx_word' id='word_1_650' title='bbox 1389 4705 1455 4763; x_wconf 85' lang='lat' dir='ltr'><strong>l9</strong></span> <span class='ocrx_word' id='word_1_651' title='bbox 1490 4701 1679 4760; x_wconf 88' lang='lat' dir='ltr'><strong>Persis</strong></span> <span class='ocrx_word' id='word_1_652' title='bbox 1718 4715 1817 4756; x_wconf 79' lang='lat' dir='ltr'><strong>rex</strong></span> <span class='ocrx_word' id='word_1_653' title='bbox 1863 4695 2059 4754; x_wconf 82' lang='lat' dir='ltr'><strong>Adesir</strong></span> <span class='ocrx_word' id='word_1_654' title='bbox 2095 4712 2184 4753; x_wconf 88' lang='lat' dir='ltr'><strong>se-</strong></span> 
     </span>
    </p>
   </div>
   <div class='ocr_carea' id='block_1_95' title="bbox 603 4789 2182 4879">
    <p class='ocr_par' dir='ltr' id='par_1_95' title="bbox 603 4789 2182 4879">
     <span class='ocr_line' id='line_1_98' title="bbox 603 4789 2182 4879; baseline -0.01 -18"><span class='ocrx_word' id='word_1_655' title='bbox 603 4815 749 4879; x_wconf 89' lang='lat' dir='ltr'><strong>ptem</strong></span> <span class='ocrx_word' id='word_1_656' title='bbox 782 4805 1070 4860; x_wconf 87' lang='lat' dir='ltr'><strong>mensibus</strong></span> <span class='ocrx_word' id='word_1_657' title='bbox 1100 4800 1342 4874; x_wconf 69' lang='lat' dir='ltr'><strong>praefuit.</strong></span> <span class='ocrx_word' id='word_1_658' title='bbox 1367 4799 1671 4868; x_wconf 85' lang='lat' dir='ltr'><strong>imperator</strong></span> <span class='ocrx_word' id='word_1_659' title='bbox 1693 4801 1876 4848; x_wconf 90' lang='lat' dir='ltr'><strong>autem</strong></span> <span class='ocrx_word' id='word_1_660' title='bbox 1899 4789 2182 4862; x_wconf 84' lang='lat' dir='ltr'><strong>profectus</strong></span> 
     </span>
    </p>
   </div>
   <div class='ocr_carea' id='block_1_96' title="bbox 607 4881 2184 4967">
    <p class='ocr_par' dir='ltr' id='par_1_96' title="bbox 607 4881 2184 4967">
     <span class='ocr_line' id='line_1_99' title="bbox 607 4881 2184 4967; baseline -0.011 -15"><span class='ocrx_word' id='word_1_661' title='bbox 607 4913 637 4953; x_wconf 90' lang='lat' dir='ltr'><strong>a</strong></span> <span class='ocrx_word' id='word_1_662' title='bbox 676 4899 827 4967; x_wconf 84' lang='lat' dir='ltr'><strong>regia</strong></span> <span class='ocrx_word' id='word_1_663' title='bbox 867 4898 1022 4960; x_wconf 85' lang='lat' dir='ltr'><strong>urbe,</strong></span> <span class='ocrx_word' id='word_1_664' title='bbox 1064 4909 1190 4951; x_wconf 88' lang='lat' dir='ltr'><strong>cum</strong></span> <span class='ocrx_word' id='word_1_665' title='bbox 1244 4908 1369 4947; x_wconf 84' lang='lat' dir='ltr'><strong>mox</strong></span> <span class='ocrx_word' id='word_1_666' title='bbox 1409 4906 1505 4946; x_wconf 87' lang='lat' dir='ltr'><strong>ver</strong></span> <span class='ocrx_word' id='word_1_667' title='bbox 1535 4887 1885 4947; x_wconf 88' lang='lat' dir='ltr'><strong>accessisset,</strong></span> <span class='ocrx_word' id='word_1_668' title='bbox 1921 4881 2184 4939; x_wconf 81' lang='lat' dir='ltr'><strong>Hieroso-</strong></span> 
     </span>
    </p>
   </div>
   <div class='ocr_carea' id='block_1_97' title="bbox 608 4971 2186 5062">
    <p class='ocr_par' dir='ltr' id='par_1_97' title="bbox 608 4971 2186 5062">
     <span class='ocr_line' id='line_1_100' title="bbox 608 4971 2186 5062; baseline -0.013 -18"><span class='ocrx_word' id='word_1_669' title='bbox 608 4991 807 5062; x_wconf 89' lang='lat' dir='ltr'><strong>lymam</strong></span> <span class='ocrx_word' id='word_1_670' title='bbox 877 4985 1089 5049; x_wconf 90' lang='lat' dir='ltr'><strong>tendit,</strong></span> <span class='ocrx_word' id='word_1_671' title='bbox 1152 4984 1390 5054; x_wconf 88' lang='lat' dir='ltr'><strong>pretiosa</strong></span> <span class='ocrx_word' id='word_1_672' title='bbox 1448 4981 1579 5035; x_wconf 91' lang='lat' dir='ltr'><strong>illuc</strong></span> <span class='ocrx_word' id='word_1_673' title='bbox 1644 4986 1699 5033; x_wconf 92' lang='lat' dir='ltr'><strong>et</strong></span> <span class='ocrx_word' id='word_1_674' title='bbox 1761 4974 1976 5031; x_wconf 79' lang='lat' dir='ltr'><strong>viviﬁca</strong></span> <span class='ocrx_word' id='word_1_675' title='bbox 2041 4971 2186 5042; x_wconf 87' lang='lat' dir='ltr'><strong>ligna</strong></span> 
     </span>
    </p>
   </div>
   <div class='ocr_carea' id='block_1_98' title="bbox 609 5064 2184 5154">
    <p class='ocr_par' dir='ltr' id='par_1_98' title="bbox 609 5064 2184 5154">
     <span class='ocr_line' id='line_1_101' title="bbox 609 5064 2184 5154; baseline -0.013 -15"><span class='ocrx_word' id='word_1_676' title='bbox 609 5088 898 5154; x_wconf 87' lang='lat' dir='ltr'><strong>reportans</strong></span> <span class='ocrx_word' id='word_1_677' title='bbox 938 5077 1003 5131; x_wconf 89' lang='lat' dir='ltr'><strong>ad</strong></span> <span class='ocrx_word' id='word_1_678' title='bbox 1049 5076 1350 5147; x_wconf 88' lang='lat' dir='ltr'><strong>gratiarum</strong></span> <span class='ocrx_word' id='word_1_679' title='bbox 1400 5073 1515 5127; x_wconf 82' lang='lat' dir='ltr'><strong>Deo</strong></span> <span class='ocrx_word' id='word_1_680' title='bbox 1567 5072 1812 5126; x_wconf 88' lang='lat' dir='ltr'><strong>actiones</strong></span> <span class='ocrx_word' id='word_1_681' title='bbox 1855 5064 2184 5122; x_wconf 87' lang='lat' dir='ltr'><strong>reddendas.</strong></span> 
     </span>
    </p>
   </div>
   <div class='ocr_carea' id='block_1_99' title="bbox 607 5155 2191 5245">
    <p class='ocr_par' dir='ltr' id='par_1_99' title="bbox 607 5155 2191 5245">
     <span class='ocr_line' id='line_1_102' title="bbox 607 5155 2191 5245; baseline -0.015 -13"><span class='ocrx_word' id='word_1_682' title='bbox 607 5176 857 5245; x_wconf 81' lang='lat' dir='ltr'><strong>Cumque</strong></span> <span class='ocrx_word' id='word_1_683' title='bbox 911 5167 1261 5224; x_wconf 84' lang='lat' dir='ltr'><strong>Tiberiadem</strong></span> <span class='ocrx_word' id='word_1_684' title='bbox 1316 5164 1584 5229; x_wconf 88' lang='lat' dir='ltr'><strong>adiisset,</strong></span> <span class='ocrx_word' id='word_1_685' title='bbox 1640 5174 1976 5218; x_wconf 83' lang='lat' dir='ltr'><strong>aceusavere</strong></span> <span class='ocrx_word' id='word_1_686' title='bbox 2030 5155 2191 5212; x_wconf 88' lang='lat' dir='ltr'><strong>Chri-</strong></span> 
     </span>
    </p>
   </div>
   <div class='ocr_carea' id='block_1_100' title="bbox 608 5249 2182 5338">
    <p class='ocr_par' dir='ltr' id='par_1_100' title="bbox 608 5249 2182 5338">
     <span class='ocr_line' id='line_1_103' title="bbox 608 5249 2182 5338; baseline -0.015 -10"><span class='ocrx_word' id='word_1_687' title='bbox 608 5268 774 5331; x_wconf 86' lang='lat' dir='ltr'><strong>stiani</strong></span> <span class='ocrx_word' id='word_1_688' title='bbox 810 5264 1097 5338; x_wconf 76' lang='lat' dir='ltr'><strong>Beniamin</strong></span> <span class='ocrx_word' id='word_1_689' title='bbox 1128 5261 1419 5333; x_wconf 88' lang='lat' dir='ltr'><strong>quemdam</strong></span> <span class='ocrx_word' id='word_1_690' title='bbox 1452 5257 1674 5314; x_wconf 87' lang='lat' dir='ltr'><strong>nomine</strong></span> <span class='ocrx_word' id='word_1_691' title='bbox 1703 5255 1861 5323; x_wconf 83' lang='lat' dir='ltr'><strong>quasi</strong></span> <span class='ocrx_word' id='word_1_692' title='bbox 1904 5252 2046 5308; x_wconf 88' lang='lat' dir='ltr'><strong>mala</strong></span> <span class='ocrx_word' id='word_1_693' title='bbox 2075 5249 2182 5308; x_wconf 86' lang='lat' dir='ltr'><strong>sibi</strong></span> 
     </span>
    </p>
   </div>
   <div class='ocr_carea' id='block_1_101' title="bbox 609 5341 2191 5423">
    <p class='ocr_par' dir='ltr' id='par_1_101' title="bbox 609 5341 2191 5423">
     <span class='ocr_line' id='line_1_104' title="bbox 609 5341 2191 5423; baseline -0.016 -2"><span class='ocrx_word' id='word_1_694' title='bbox 609 5365 1100 5423; x_wconf 73' lang='lat' dir='ltr'><strong>facientemzerat</strong></span> <span class='ocrx_word' id='word_1_695' title='bbox 1152 5356 1301 5413; x_wconf 87' lang='lat' dir='ltr'><strong>enim</strong></span> <span class='ocrx_word' id='word_1_696' title='bbox 1359 5351 1655 5410; x_wconf 87' lang='lat' dir='ltr'><strong>admodum</strong></span> <span class='ocrx_word' id='word_1_697' title='bbox 1710 5349 2045 5420; x_wconf 82' lang='lat' dir='ltr'><strong>opulentus;</strong></span> <span class='ocrx_word' id='word_1_698' title='bbox 2095 5341 2191 5412; x_wconf 85' lang='lat' dir='ltr'><strong>qui</strong></span> 
     </span>
    </p>
   </div>
   <div class='ocr_carea' id='block_1_102' title="bbox 613 5435 2191 5530">
    <p class='ocr_par' dir='ltr' id='par_1_102' title="bbox 613 5435 2191 5530">
     <span class='ocr_line' id='line_1_105' title="bbox 613 5435 2191 5530; baseline -0.014 -19"><span class='ocrx_word' id='word_1_699' title='bbox 613 5457 859 5530; x_wconf 85' lang='lat' dir='ltr'><strong>suscepit</strong></span> <span class='ocrx_word' id='word_1_700' title='bbox 890 5455 1282 5526; x_wconf 88' lang='lat' dir='ltr'><strong>imperatorem</strong></span> <span class='ocrx_word' id='word_1_701' title='bbox 1326 5453 1382 5505; x_wconf 89' lang='lat' dir='ltr'><strong>et</strong></span> <span class='ocrx_word' id='word_1_702' title='bbox 1425 5444 1731 5503; x_wconf 80' lang='lat' dir='ltr'><strong>exercitum</strong></span> <span class='ocrx_word' id='word_1_703' title='bbox 1774 5441 1920 5512; x_wconf 89' lang='lat' dir='ltr'><strong>ejus.</strong></span> <span class='ocrx_word' id='word_1_704' title='bbox 1953 5440 2055 5493; x_wconf 82' lang='lat' dir='ltr'><strong>Ast</strong></span> <span class='ocrx_word' id='word_1_705' title='bbox 2085 5435 2191 5490; x_wconf 89' lang='lat' dir='ltr'><strong>im-</strong></span> 
     </span>
    </p>
   </div>
   <div class='ocr_carea' id='block_1_103' title="bbox 615 5527 2192 5617">
    <p class='ocr_par' dir='ltr' id='par_1_103' title="bbox 615 5527 2192 5617">
     <span class='ocr_line' id='line_1_106' title="bbox 615 5527 2192 5617; baseline -0.015 -14"><span class='ocrx_word' id='word_1_706' title='bbox 615 5527 833 5617; x_wconf 79' lang='lat' dir='ltr'><strong>perator</strong></span> <span class='ocrx_word' id='word_1_707' title='bbox 890 5547 1175 5603; x_wconf 87' lang='lat' dir='ltr'><strong>damnavit</strong></span> <span class='ocrx_word' id='word_1_708' title='bbox 1226 5556 1353 5598; x_wconf 90' lang='lat' dir='ltr'><strong>eum</strong></span> <span class='ocrx_word' id='word_1_709' title='bbox 1388 5557 1402 5594; x_wconf 92' lang='lat'><strong>:</strong></span> <span class='ocrx_word' id='word_1_710' title='bbox 1439 5534 1836 5605; x_wconf 83' lang='lat' dir='ltr'><strong>Quamobrem,</strong></span> <span class='ocrx_word' id='word_1_711' title='bbox 1895 5527 2192 5599; x_wconf 85' lang='lat' dir='ltr'><strong>inquiens,</strong></span> 
     </span>
    </p>
   </div>
   <div class='ocr_carea' id='block_1_104' title="bbox 618 5612 2195 5700">
    <p class='ocr_par' dir='ltr' id='par_1_104' title="bbox 618 5612 2195 5700">
     <span class='ocr_line' id='line_1_107' title="bbox 618 5612 2195 5700; baseline -0.013 -12"><span class='ocrx_word' id='word_1_712' title='bbox 618 5612 866 5693; x_wconf 67' lang='lat' dir='ltr'><strong>molestus</strong></span> <span class='ocrx_word' id='word_1_713' title='bbox 897 5652 955 5692; x_wconf 73' lang='lat' dir='ltr'><strong>ea</strong></span> <span class='ocrx_word' id='word_1_714' title='bbox 986 5629 1360 5690; x_wconf 69' lang='lat' dir='ltr'><strong>Christiania?</strong></span> <span class='ocrx_word' id='word_1_715' title='bbox 1390 5628 1485 5700; x_wconf 91' lang='lat' dir='ltr'><strong>qui</strong></span> <span class='ocrx_word' id='word_1_716' title='bbox 1518 5625 1598 5680; x_wconf 89' lang='lat' dir='ltr'><strong>ait</strong></span> <span class='ocrx_word' id='word_1_717' title='bbox 1630 5642 1644 5680; x_wconf 92' lang='lat'><strong>:</strong></span> <span class='ocrx_word' id='word_1_718' title='bbox 1684 5621 1755 5677; x_wconf 90' lang='lat' dir='ltr'><strong>Ut</strong></span> <span class='ocrx_word' id='word_1_719' title='bbox 1795 5618 2027 5675; x_wconf 73' lang='lat' dir='ltr'><strong>inimicis</strong></span> <span class='ocrx_word' id='word_1_720' title='bbox 2070 5612 2195 5685; x_wconf 67' lang='lat' dir='ltr'><strong>ﬁdei</strong></span> 
     </span>
    </p>
   </div>
   <div class='ocr_carea' id='block_1_105' title="bbox 621 5708 2191 5793">
    <p class='ocr_par' dir='ltr' id='par_1_105' title="bbox 621 5708 2191 5793">
     <span class='ocr_line' id='line_1_108' title="bbox 621 5708 2191 5793; baseline -0.008 -19"><span class='ocrx_word' id='word_1_721' title='bbox 621 5738 769 5779; x_wconf 71' lang='lat' dir='ltr'><strong>ntere.</strong></span> <span class='ocrx_word' id='word_1_722' title='bbox 798 5726 957 5784; x_wconf 80' lang='lat' dir='ltr'><strong>Tunc</strong></span> <span class='ocrx_word' id='word_1_723' title='bbox 980 5724 1283 5793; x_wconf 85' lang='lat' dir='ltr'><strong>imperator</strong></span> <span class='ocrx_word' id='word_1_724' title='bbox 1320 5717 1666 5777; x_wconf 81' lang='lat' dir='ltr'><strong>admonitum</strong></span> <span class='ocrx_word' id='word_1_725' title='bbox 1698 5714 1845 5768; x_wconf 78' lang='lat' dir='ltr'><strong>hunc</strong></span> <span class='ocrx_word' id='word_1_726' title='bbox 1876 5718 1931 5767; x_wconf 86' lang='lat' dir='ltr'><strong>et</strong></span> <span class='ocrx_word' id='word_1_727' title='bbox 1970 5708 2036 5769; x_wconf 84' lang='lat' dir='ltr'><strong>ad</strong></span> <span class='ocrx_word' id='word_1_728' title='bbox 2068 5720 2191 5763; x_wconf 88' lang='lat' dir='ltr'><strong>ere-</strong></span> 
     </span>
    </p>
   </div>
   <div class='ocr_carea' id='block_1_106' title="bbox 2282 4489 3797 4582">
    <p class='ocr_par' dir='ltr' id='par_1_106' title="bbox 2282 4489 3797 4582">
     <span class='ocr_line' id='line_1_109' title="bbox 2282 4489 3797 4582; baseline -0.022 -16"><span class='ocrx_word' id='word_1_729' title='bbox 2282 4509 2428 4582; x_wconf 89' lang='lat' dir='ltr'><strong>quod</strong></span> <span class='ocrx_word' id='word_1_730' title='bbox 2463 4507 2541 4562; x_wconf 91' lang='lat' dir='ltr'><strong>ibi</strong></span> <span class='ocrx_word' id='word_1_731' title='bbox 2570 4519 2678 4560; x_wconf 91' lang='lat' dir='ltr'><strong>una</strong></span> <span class='ocrx_word' id='word_1_732' title='bbox 2705 4501 2955 4574; x_wconf 90' lang='lat' dir='ltr'><strong>operatio</strong></span> <span class='ocrx_word' id='word_1_733' title='bbox 2982 4499 3280 4571; x_wconf 90' lang='lat' dir='ltr'><strong>reperitur,</strong></span> <span class='ocrx_word' id='word_1_734' title='bbox 3320 4496 3419 4549; x_wconf 90' lang='lat' dir='ltr'><strong>ubi</strong></span> <span class='ocrx_word' id='word_1_735' title='bbox 3446 4501 3501 4549; x_wconf 89' lang='lat' dir='ltr'><strong>et</strong></span> <span class='ocrx_word' id='word_1_736' title='bbox 3533 4502 3622 4544; x_wconf 85' lang='lat' dir='ltr'><strong>una</strong></span> <span class='ocrx_word' id='word_1_737' title='bbox 3654 4489 3797 4537; x_wconf 76' lang='lat' dir='ltr'><strong>natura</strong></span> 
     </span>
    </p>
   </div>
   <div class='ocr_carea' id='block_1_107' title="bbox 2283 4571 3795 4672">
    <p class='ocr_par' dir='ltr' id='par_1_107' title="bbox 2283 4571 3795 4672">
     <span class='ocr_line' id='line_1_110' title="bbox 2283 4571 3795 4672; baseline -0.02 -15"><span class='ocrx_word' id='word_1_738' title='bbox 2283 4596 2658 4672; x_wconf 86' lang='lat' dir='ltr'><strong>cognoscitur.</strong></span> <span class='ocrx_word' id='word_1_739' title='bbox 2710 4595 2913 4650; x_wconf 90' lang='lat' dir='ltr'><strong>Certus</strong></span> <span class='ocrx_word' id='word_1_740' title='bbox 2955 4601 3137 4645; x_wconf 90' lang='lat' dir='ltr'><strong>autem</strong></span> <span class='ocrx_word' id='word_1_741' title='bbox 3182 4589 3503 4658; x_wconf 81' lang='lat' dir='ltr'><strong>imperator</strong></span> <span class='ocrx_word' id='word_1_742' title='bbox 3549 4589 3691 4650; x_wconf 84' lang='lat' dir='ltr'><strong>super</strong></span> <span class='ocrx_word' id='word_1_743' title='bbox 3728 4571 3795 4623; x_wconf 65' lang='lat' dir='ltr'><strong>hoc</strong></span> 
     </span>
    </p>
   </div>
   <div class='ocr_carea' id='block_1_108' title="bbox 2285 4676 3797 4753">
    <p class='ocr_par' dir='ltr' id='par_1_108' title="bbox 2285 4676 3797 4753">
     <span class='ocr_line' id='line_1_111' title="bbox 2285 4676 3797 4753; baseline -0.016 -6"><span class='ocrx_word' id='word_1_744' title='bbox 2285 4693 2465 4748; x_wconf 79' lang='lat' dir='ltr'><strong>factus</strong></span> <span class='ocrx_word' id='word_1_745' title='bbox 2500 4688 2695 4745; x_wconf 87' lang='lat' dir='ltr'><strong>scribit</strong></span> <span class='ocrx_word' id='word_1_746' title='bbox 2732 4686 2799 4742; x_wconf 85' lang='lat' dir='ltr'><strong>ad</strong></span> <span class='ocrx_word' id='word_1_747' title='bbox 2835 4682 3104 4741; x_wconf 82' lang='lat' dir='ltr'><strong>Joannem</strong></span> <span class='ocrx_word' id='word_1_748' title='bbox 3146 4695 3356 4753; x_wconf 87' lang='lat' dir='ltr'><strong>papam</strong></span> <span class='ocrx_word' id='word_1_749' title='bbox 3400 4681 3683 4732; x_wconf 72' lang='lat' dir='ltr'><strong>Romanum</strong></span> <span class='ocrx_word' id='word_1_750' title='bbox 3706 4676 3797 4735; x_wconf 73' lang='grc' dir='ltr'><strong>ρτπο</strong></span> 
     </span>
    </p>
   </div>
   <div class='ocr_carea' id='block_1_109' title="bbox 2287 4767 3801 4848">
    <p class='ocr_par' dir='ltr' id='par_1_109' title="bbox 2287 4767 3801 4848">
     <span class='ocr_line' id='line_1_112' title="bbox 2287 4767 3801 4848; baseline -0.016 -7"><span class='ocrx_word' id='word_1_751' title='bbox 2287 4785 2559 4841; x_wconf 90' lang='lat' dir='ltr'><strong>dictorum</strong></span> <span class='ocrx_word' id='word_1_752' title='bbox 2607 4779 2974 4845; x_wconf 85' lang='lat' dir='ltr'><strong>sententiam;</strong></span> <span class='ocrx_word' id='word_1_753' title='bbox 3014 4777 3104 4848; x_wconf 90' lang='lat' dir='ltr'><strong>qui</strong></span> <span class='ocrx_word' id='word_1_754' title='bbox 3156 4790 3358 4830; x_wconf 90' lang='lat' dir='ltr'><strong>eorum</strong></span> <span class='ocrx_word' id='word_1_755' title='bbox 3395 4776 3713 4841; x_wconf 84' lang='lat' dir='ltr'><strong>nequaquam</strong></span> <span class='ocrx_word' id='word_1_756' title='bbox 3744 4767 3801 4810; x_wconf 71' lang='grc' dir='ltr'><strong>εθ-</strong></span> 
     </span>
    </p>
   </div>
   <div class='ocr_carea' id='block_1_110' title="bbox 2289 4854 3804 4940">
    <p class='ocr_par' dir='ltr' id='par_1_110' title="bbox 2289 4854 3804 4940">
     <span class='ocr_line' id='line_1_113' title="bbox 2289 4854 3804 4940; baseline -0.023 -2"><span class='ocrx_word' id='word_1_757' title='bbox 2289 4890 2433 4938; x_wconf 88' lang='lat' dir='ltr'><strong>ctam</strong></span> <span class='ocrx_word' id='word_1_758' title='bbox 2468 4876 2714 4933; x_wconf 89' lang='lat' dir='ltr'><strong>admisit.</strong></span> <span class='ocrx_word' id='word_1_759' title='bbox 2746 4874 2923 4930; x_wconf 86' lang='lat' dir='ltr'><strong>Porro</strong></span> <span class='ocrx_word' id='word_1_760' title='bbox 2947 4869 3183 4940; x_wconf 83' lang='lat' dir='ltr'><strong>Georgio</strong></span> <span class='ocrx_word' id='word_1_761' title='bbox 3208 4866 3593 4922; x_wconf 76' lang='lat' dir='ltr'><strong>Alexandrino</strong></span> <span class='ocrx_word' id='word_1_762' title='bbox 3616 4854 3804 4913; x_wconf 71' lang='lat' dir='ltr'><strong>defuncto</strong></span> 
     </span>
    </p>
   </div>
   <div class='ocr_carea' id='block_1_111' title="bbox 2290 4942 3800 5040">
    <p class='ocr_par' dir='ltr' id='par_1_111' title="bbox 2290 4942 3800 5040">
     <span class='ocr_line' id='line_1_114' title="bbox 2290 4942 3800 5040; baseline -0.02 -13"><span class='ocrx_word' id='word_1_763' title='bbox 2290 4970 2532 5027; x_wconf 88' lang='lat' dir='ltr'><strong>mittitur</strong></span> <span class='ocrx_word' id='word_1_764' title='bbox 2556 4967 2731 5040; x_wconf 85' lang='lat' dir='ltr'><strong>Cyrus</strong></span> <span class='ocrx_word' id='word_1_765' title='bbox 2764 4964 3062 5035; x_wconf 85' lang='lat' dir='ltr'><strong>episcopus</strong></span> <span class='ocrx_word' id='word_1_766' title='bbox 3089 4958 3453 5014; x_wconf 82' lang='lat' dir='ltr'><strong>Alexandriae</strong></span> <span class='ocrx_word' id='word_1_767' title='bbox 3481 4942 3800 5025; x_wconf 68' lang='lat' dir='ltr'><strong>prafereudus.</strong></span> 
     </span>
    </p>
   </div>
   <div class='ocr_carea' id='block_1_112' title="bbox 2290 5034 3802 5136">
    <p class='ocr_par' dir='ltr' id='par_1_112' title="bbox 2290 5034 3802 5136">
     <span class='ocr_line' id='line_1_115' title="bbox 2290 5034 3802 5136; baseline -0.021 -15"><span class='ocrx_word' id='word_1_768' title='bbox 2290 5065 2387 5136; x_wconf 87' lang='lat' dir='ltr'><strong>qui</strong></span> <span class='ocrx_word' id='word_1_769' title='bbox 2413 5063 2602 5118; x_wconf 85' lang='lat' dir='ltr'><strong>unitus</strong></span> <span class='ocrx_word' id='word_1_770' title='bbox 2634 5034 2928 5114; x_wconf 87' lang='lat' dir='ltr'><strong>Theodoro</strong></span> <span class='ocrx_word' id='word_1_771' title='bbox 2966 5056 3225 5125; x_wconf 88' lang='lat' dir='ltr'><strong>episcopo</strong></span> <span class='ocrx_word' id='word_1_772' title='bbox 3266 5049 3462 5104; x_wconf 83' lang='lat' dir='ltr'><strong>Faran</strong></span> <span class='ocrx_word' id='word_1_773' title='bbox 3496 5047 3619 5102; x_wconf 79' lang='lat' dir='ltr'><strong>fecit</strong></span> <span class='ocrx_word' id='word_1_774' title='bbox 3643 5034 3802 5093; x_wconf 72' lang='lat' dir='ltr'><strong>decolo-</strong></span> 
     </span>
    </p>
   </div>
   <div class='ocr_carea' id='block_1_113' title="bbox 2292 5129 3881 5223">
    <p class='ocr_par' dir='ltr' id='par_1_113' title="bbox 2292 5129 3881 5223">
     <span class='ocr_line' id='line_1_116' title="bbox 2292 5129 3881 5223; baseline -0.018 -12"><span class='ocrx_word' id='word_1_775' title='bbox 2292 5129 2468 5212; x_wconf 69' lang='lat' dir='ltr'><strong>ratam</strong></span> <span class='ocrx_word' id='word_1_776' title='bbox 2522 5150 2750 5223; x_wconf 84' lang='lat' dir='ltr'><strong>hydram</strong></span> <span class='ocrx_word' id='word_1_777' title='bbox 2802 5148 2956 5202; x_wconf 88' lang='lat' dir='ltr'><strong>illam</strong></span> <span class='ocrx_word' id='word_1_778' title='bbox 3020 5144 3317 5206; x_wconf 87' lang='lat' dir='ltr'><strong>unitatem,</strong></span> <span class='ocrx_word' id='word_1_779' title='bbox 3390 5138 3506 5192; x_wconf 87' lang='lat' dir='ltr'><strong>imo</strong></span> <span class='ocrx_word' id='word_1_780' title='bbox 3561 5129 3803 5187; x_wconf 63' lang='lat' dir='ltr'><strong>vanitatem.</strong></span> <span class='ocrx_word' id='word_1_781' title='bbox 3880 5178 3881 5183; x_wconf 46' lang='grc' dir='ltr'><strong>η</strong></span> 
     </span>
    </p>
   </div>
   <div class='ocr_carea' id='block_1_114' title="bbox 2294 5214 3805 5312">
    <p class='ocr_par' dir='ltr' id='par_1_114' title="bbox 2294 5214 3805 5312">
     <span class='ocr_line' id='line_1_117' title="bbox 2294 5214 3805 5312; baseline -0.017 -10"><span class='ocrx_word' id='word_1_782' title='bbox 2294 5258 2461 5303; x_wconf 87' lang='lat' dir='ltr'><strong>unam</strong></span> <span class='ocrx_word' id='word_1_783' title='bbox 2514 5214 2580 5299; x_wconf 34' lang='lat' dir='ltr'><strong>etv</strong></span> <span class='ocrx_word' id='word_1_784' title='bbox 2620 5242 2728 5312; x_wconf 86' lang='lat' dir='ltr'><strong>ipsi</strong></span> <span class='ocrx_word' id='word_1_785' title='bbox 2787 5238 3095 5296; x_wconf 87' lang='lat' dir='ltr'><strong>scribentes</strong></span> <span class='ocrx_word' id='word_1_786' title='bbox 3165 5232 3223 5287; x_wconf 89' lang='lat' dir='ltr'><strong>in</strong></span> <span class='ocrx_word' id='word_1_787' title='bbox 3282 5230 3524 5286; x_wconf 81' lang='lat' dir='ltr'><strong>Christo</strong></span> <span class='ocrx_word' id='word_1_788' title='bbox 3575 5214 3805 5280; x_wconf 56' lang='lat' dir='ltr'><strong>natura!!!II</strong></span> 
     </span>
    </p>
   </div>
   <div class='ocr_carea' id='block_1_115' title="bbox 2292 5313 3804 5409">
    <p class='ocr_par' dir='ltr' id='par_1_115' title="bbox 2292 5313 3804 5409">
     <span class='ocr_line' id='line_1_118' title="bbox 2292 5313 3804 5409; baseline -0.02 -12"><span class='ocrx_word' id='word_1_789' title='bbox 2292 5337 2693 5409; x_wconf 80' lang='lat' dir='ltr'><strong>operationem.</strong></span> <span class='ocrx_word' id='word_1_790' title='bbox 2753 5330 2852 5387; x_wconf 83' lang='lat' dir='ltr'><strong>His</strong></span> <span class='ocrx_word' id='word_1_791' title='bbox 2918 5332 2995 5385; x_wconf 88' lang='lat' dir='ltr'><strong>ita</strong></span> <span class='ocrx_word' id='word_1_792' title='bbox 3047 5325 3529 5400; x_wconf 81' lang='lat' dir='ltr'><strong>prosequentibus</strong></span> <span class='ocrx_word' id='word_1_793' title='bbox 3579 5320 3629 5372; x_wconf 75' lang='lat' dir='ltr'><strong>in</strong></span> <span class='ocrx_word' id='word_1_794' title='bbox 3674 5313 3804 5376; x_wconf 57' lang='lat' dir='ltr'><strong>iure”</strong></span> 
     </span>
    </p>
   </div>
   <div class='ocr_carea' id='block_1_116' title="bbox 2296 5396 3806 5503">
    <p class='ocr_par' dir='ltr' id='par_1_116' title="bbox 2296 5396 3806 5503">
     <span class='ocr_line' id='line_1_119' title="bbox 2296 5396 3806 5503; baseline -0.021 -17"><span class='ocrx_word' id='word_1_795' title='bbox 2296 5396 2655 5503; x_wconf 74' lang='lat' dir='ltr'><strong>opprobrium</strong></span> <span class='ocrx_word' id='word_1_796' title='bbox 2690 5396 3146 5481; x_wconf 77' lang='lat' dir='ltr'><strong>Chalcedonense</strong></span> <span class='ocrx_word' id='word_1_797' title='bbox 3189 5416 3499 5472; x_wconf 83' lang='lat' dir='ltr'><strong>concilium</strong></span> <span class='ocrx_word' id='word_1_798' title='bbox 3538 5396 3806 5467; x_wconf 63' lang='lat' dir='ltr'><strong>euatboliﬂ</strong></span> 
     </span>
    </p>
   </div>
   <div class='ocr_carea' id='block_1_117' title="bbox 2297 5496 3803 5586">
    <p class='ocr_par' dir='ltr' id='par_1_117' title="bbox 2297 5496 3803 5586">
     <span class='ocr_line' id='line_1_120' title="bbox 2297 5496 3803 5586; baseline -0.02 -7"><span class='ocrx_word' id='word_1_799' title='bbox 2297 5522 2511 5579; x_wconf 82' lang='lat' dir='ltr'><strong>corruit</strong></span> <span class='ocrx_word' id='word_1_800' title='bbox 2547 5502 2793 5575; x_wconf 83' lang='lat' dir='ltr'><strong>Ecclesia</strong></span> <span class='ocrx_word' id='word_1_801' title='bbox 2828 5534 2843 5570; x_wconf 88' lang='lat'><strong>:</strong></span> <span class='ocrx_word' id='word_1_802' title='bbox 2884 5513 3265 5586; x_wconf 86' lang='lat' dir='ltr'><strong>gloriabantur</strong></span> <span class='ocrx_word' id='word_1_803' title='bbox 3313 5505 3471 5562; x_wconf 85' lang='lat' dir='ltr'><strong>enim</strong></span> <span class='ocrx_word' id='word_1_804' title='bbox 3518 5496 3737 5559; x_wconf 64' lang='lat' dir='ltr'><strong>Jacobilz</strong></span> <span class='ocrx_word' id='word_1_805' title='bbox 3764 5496 3803 5534; x_wconf 72' lang='grc' dir='ltr'>κ</span> 
     </span>
    </p>
   </div>
   <div class='ocr_carea' id='block_1_118' title="bbox 2299 5579 3804 5680">
    <p class='ocr_par' dir='ltr' id='par_1_118' title="bbox 2299 5579 3804 5680">
     <span class='ocr_line' id='line_1_121' title="bbox 2299 5579 3804 5680; baseline -0.02 -8"><span class='ocrx_word' id='word_1_806' title='bbox 2299 5610 2696 5673; x_wconf 77' lang='lat' dir='ltr'><strong>Theodosiani,</strong></span> <span class='ocrx_word' id='word_1_807' title='bbox 2744 5579 3101 5680; x_wconf 74' lang='lat' dir='ltr'><strong>perhibeutcs</strong></span> <span class='ocrx_word' id='word_1_808' title='bbox 3151 5601 3281 5671; x_wconf 76' lang='lat' dir='ltr'><strong>quia</strong></span> <span class='ocrx_word' id='word_1_809' title='bbox 3313 5597 3551 5670; x_wconf 75' lang='lat' dir='ltr'><strong>Synodo</strong></span> <span class='ocrx_word' id='word_1_810' title='bbox 3578 5579 3804 5680; x_wconf 56' lang='lat' dir='ltr'><strong>Chalcde</strong></span> 
     </span>
    </p>
   </div>
   <div class='ocr_carea' id='block_1_119' title="bbox 2302 5670 3805 5771">
    <p class='ocr_par' dir='ltr' id='par_1_119' title="bbox 2302 5670 3805 5771">
     <span class='ocr_line' id='line_1_122' title="bbox 2302 5670 3805 5771; baseline -0.017 -10"><span class='ocrx_word' id='word_1_811' title='bbox 2302 5705 2459 5762; x_wconf 87' lang='lat' dir='ltr'><strong>ncnsi</strong></span> <span class='ocrx_word' id='word_1_812' title='bbox 2497 5719 2604 5761; x_wconf 87' lang='lat' dir='ltr'><strong>non</strong></span> <span class='ocrx_word' id='word_1_813' title='bbox 2636 5716 2759 5770; x_wconf 79' lang='lat' dir='ltr'><strong>nos,</strong></span> <span class='ocrx_word' id='word_1_814' title='bbox 2792 5700 2887 5755; x_wconf 77' lang='lat' dir='ltr'><strong>sed</strong></span> <span class='ocrx_word' id='word_1_815' title='bbox 2913 5697 3096 5771; x_wconf 79' lang='lat' dir='ltr'><strong>potius</strong></span> <span class='ocrx_word' id='word_1_816' title='bbox 3122 5670 3606 5751; x_wconf 67' lang='lat' dir='ltr'><strong>Chalcedonensis</strong></span> <span class='ocrx_word' id='word_1_817' title='bbox 3631 5670 3805 5750; x_wconf 60' lang='lat' dir='ltr'><strong>syra!“</strong></span> 
     </span>
    </p>
   </div>
  </div>
