3950 6234
353 300 493 367 1317

1164 305 1542 367 HISTORIA
1577 302 2150 366 ECCIESIASTICA
2188 305 2290 364 EX
2321 302 2796 365 THEOPHANE.

3475 303 3614 368 1318

343 419 518 475 nobis
591 419 1018 475 communicavit
1046 461 1062 488 ,
1141 437 1238 491 per
1312 440 1477 478 unam
1552 425 1930 493 operationem
1962 431 2008 478 Α
2038 438 2202 476 manu
2233 423 2636 492 depos-itionem
2669 420 2858 493 Pyrrhi
2893 427 2948 476 et
2991 418 3044 476 ei
3087 422 3614 479 communicandum

352 528 523 569 unam
562 511 876 567 conﬂtendo
923 523 1176 568 naturam
1221 515 1454 571 Christi.
1485 517 1632 571 Inter
1672 516 1789 571 haec
1825 517 1929 572 So-

353 605 624 676 pltronius
671 614 1031 660 consecratur
1057 607 1352 678 episcopus
1380 607 1930 680 llierosolymitanus,

353 696 474 763 qui,
504 697 859 766 congregatis
899 697 1003 752 sub
1043 714 1103 754 se
1135 698 1462 770 degentibus
1498 701 1774 770 episcopis
1830 703 1935 755 im-

353 789 505 859 pium
553 789 1062 857 monothelitarum,
1113 791 1167 846 id
1222 803 1308 848 est
1374 793 1932 847 unam'voluntatem

355 881 879 952 dogmatizantium,
958 883 1156 953 dogma
1232 900 1496 940 mucrone
1560 887 1932 943 anathetnatis

355 974 608 1045 perculit,
661 981 715 1029 et
762 973 1025 1046 synodica
1075 975 1271 1045 Sergio
1316 977 1934 1049 Constantinopolitano

356 1073 410 1118 et
457 1062 657 1117 Joanni
716 1063 969 1118 Romano
1039 1081 1195 1137 papa:
1261 1069 1592 1125 transmisit.
1647 1071 1746 1126 His
1805 1087 1936 1142 ergo

357 1157 562 1211 auditis
607 1155 897 1212 lleraelius
933 1158 1202 1214 confusus
1244 1170 1352 1227 est,
1399 1172 1454 1217 et
1497 1163 1785 1220 destruere
1815 1166 1936 1235 qui-

357 1247 482 1303 dem
533 1249 755 1317 propria
806 1249 1050 1314 nolebat,
1091 1259 1146 1305 et
1186 1267 1380 1308 rursus
1425 1257 1782 1326 opprobrium
1827 1273 1932 1312 non

359 1339 586 1394 ferebat.
619 1338 774 1395 Tunc
809 1356 939 1411 ergo
969 1341 1281 1405 Heraclius,
1316 1353 1376 1399 ut
1414 1362 1669 1418 magnum
1712 1349 1932 1419 quidem

361 1433 540 1486 facere
565 1433 867 1499 arbitrans,
897 1436 1125 1504 exponit
1158 1439 1426 1508 scriptum
1458 1440 1591 1494 illud
1617 1441 1764 1510 quod
1794 1459 1936 1496 nun-

358 1533 598 1592 eupatur
645 1524 910 1590 edictum,
964 1529 1258 1585 continens
1308 1546 1486 1602 neque
1538 1549 1703 1589 unam
1757 1553 1936 1607 neque

357 1615 497 1670 duas
529 1616 583 1668 in
619 1616 845 1672 Christo
871 1620 1222 1688 operationes
1249 1623 1525 1680 dicendas.
1560 1625 1680 1692 Quo
1706 1628 1846 1684 lecto
1879 1630 1934 1684 lti

351 1710 452 1778 qui
495 1725 617 1779 qum
642 1709 828 1764 Severi
863 1721 996 1766 sunt
1029 1715 1276 1784 sapiunt,
1321 1717 1375 1771 in
1403 1720 1623 1788 popinis
1647 1731 1698 1776 et
1725 1722 1934 1779 balneis

356 1801 647 1854 catholicae
679 1801 1042 1858 detrahebant
1077 1781 1356 1874 Ecclesiae,
1387 1781 1734 1879 per-bibentes
1761 1831 1778 1868 :
1806 1814 1933 1868 Pri-
1965 1781 2010 1840 Β

359 1908 502 1945 mum
529 1893 740 1961 quidem
770 1911 887 1964 qua
929 1908 1050 1949 sunt
1094 1895 1336 1954 Nestorii
1378 1891 1773 1959 Cltalcedom'tte
1817 1923 1934 1961 sen-

360 1982 542 2036 tientes
573 1976 924 2052 resipueruut,
971 1988 1040 2040 ad
1081 1991 1364 2046 ueritatem
1408 1997 1666 2060 conversi,
1711 2007 1759 2051 et
1796 1999 1934 2052 uniti

359 2074 508 2128 nobis
534 2091 624 2143 per
658 2092 819 2130 unam
857 2082 1217 2147 operationem
1247 2094 1297 2138 et
1341 2103 1502 2140 unam
1537 2087 1736 2144 Christi
1781 2103 1936 2145 natu-

357 2181 494 2220 ram.
534 2166 690 2221 Nunc
725 2179 900 2222 autem
935 2173 1244 2238 paenitenter;
1279 2191 1434 2243 super
1463 2178 1587 2232 bene
1629 2197 1682 2234 se
1714 2181 1932 2236 habente

355 2275 507 2312 sensu
540 2262 828 2315 amiserunt
868 2273 1173 2335 utrumque,
1205 2285 1370 2338 neque
1403 2287 1563 2325 unam
1593 2291 1756 2344 neque
1794 2275 1930 2330 duas

355 2355 412 2404 in
453 2351 667 2408 Christo
713 2357 1048 2426 confitentes.
1098 2359 1226 2415 Post
1280 2374 1514 2418 mortem
1577 2383 1708 2422 vero
1755 2370 1930 2441 Sergii

357 2442 598 2512 Pyrrhus
627 2446 1302 2517 Constantinopolitanum
1349 2458 1595 2527 suscepit
1643 2460 1929 2527 thronum,

355 2537 447 2603 qui
482 2550 602 2604 qua
651 2540 908 2607 praedicta
962 2551 1090 2597 sunt
1142 2560 1172 2598 a
1217 2545 1408 2616 Sergio
1461 2564 1524 2604 ac
1573 2552 1714 2622 Cyro
1766 2554 1931 2622 impie

357 2627 656 2682 roboravit.
696 2629 953 2686 lleraclio
998 2644 1181 2690 autem
1229 2647 1466 2703 mortuo,
1502 2657 1624 2696 cum
1659 2645 1929 2701 Constan-

357 2721 502 2774 tinus
557 2723 702 2776 lilius
757 2724 878 2790 ejus
938 2725 1276 2795 imperaret,
1341 2729 1584 2801 Pyrrhus
1639 2753 1743 2790 una
1803 2754 1927 2793 eum

357 2809 588 2866 Martina
617 2831 831 2869 veneno
867 2819 1017 2873 hunc
1064 2821 1366 2884 interfecit,
1397 2833 1452 2878 et
1494 2827 1727 2898 imperat
1758 2830 1929 2886 Hera-

352 2903 544 2956 elonas
569 2905 824 2959 Martius:
857 2909 1018 2964 ﬁlius.
1049 2911 1222 2965 Porro
1254 2924 1484 2970 senatus
1513 2928 1568 2972 et
1589 2928 1700 2973 tota
1735 2924 1930 2978 civitas

355 2994 625 3065 Pyrrhum
678 3010 734 3051 ut
793 3000 1023 3070 impium
1073 3020 1198 3058 eum
1247 3005 1486 3061 Martina
1541 3020 1596 3063 ct
1645 3013 1757 3066 lilio
1809 3017 1930 3084 ejus

2043 515 2196 570 facit.
2266 513 2536 571 Prmterea
2594 514 2840 586 Pyrrhus
2895 528 3019 568 cum
3081 513 3616 587 Constantinopolim

2041 607 2403 678 pervenisset,
2437 608 2674 662 obeunte
2720 606 2892 661 Paulo
2935 605 3172 663 audaces
3210 607 3448 663 hatretici
3479 609 3616 681 Pyr-

2041 700 2202 754 rhum
2229 699 2412 754 denuo
2432 700 2633 754 throno
2654 697 3266 769 Constantinopolitano
3292 699 3618 768 praeﬁciunt.

2044 788 2335 846 Theodoro
2375 800 2556 846 autem
2594 805 2732 860 papa
2777 788 3042 844 defuncto
3071 789 3342 846 Martinus
3383 793 3620 847 sanetis~

2043 883 2220 937 simus
2277 881 2462 936 Romae
2520 891 2882 935 consecratur
2934 881 3185 936 antistes.
3241 883 3377 936 Cum
3436 891 3617 937 autem

2044 973 2314 1030 Maximus
2339 974 2408 1028 ab
2432 973 2619 1028 Africa
2652 972 2882 1028 Romam
2911 976 3276 1044 pervenisset,
3314 991 3620 1045 papamque

2043 1067 2340 1121 Martinum
2400 1065 2467 1120 ad
2528 1067 2935 1121 simulationem
2985 1067 3354 1132 accendisset,
3407 1067 3618 1134 synodo

2043 1169 2266 1213 centum
2295 1165 2348 1214 et
2372 1159 2558 1214 decem
2579 1159 2964 1230 episcoporum
2993 1161 3222 1214 collecta
3258 1158 3528 1229 Sergium,
3562 1169 3619 1215 et

2043 1251 2336 1324 Pyrrhum,
2360 1260 2414 1306 et
2448 1251 2672 1322 Cyrum,
2702 1260 2758 1306 et
2787 1251 3013 1307 Paulum
3063 1252 3616 1317 anathematizarunt,

2043 1345 2292 1413 duasque
2360 1345 2673 1402 voluntates
2735 1355 2789 1401 et
2855 1348 3203 1414 operationes
3252 1345 3459 1401 Christi
3521 1347 3615 1400 Dei

2044 1439 2218 1491 nostri
2276 1438 2597 1508 expressius
2648 1437 3017 1506 prmdicarttttt
3079 1444 3244 1506 atque
3305 1437 3612 1491 ﬁrmarunt.

2043 1528 2317 1584 Cmterum
2360 1543 2507 1584 nono
2540 1543 2689 1584 anno
2739 1529 2952 1598 imperii
3004 1529 3090 1583 sui
3134 1529 3412 1583 Constans
3444 1544 3614 1599 nepos

2047 1621 2308 1682 lleraelii,
2344 1621 2650 1677 indictione
2683 1631 2900 1684 octava,
2951 1622 3034 1676 his
3065 1621 3266 1690 agnitis
3298 1620 3484 1676 furore
3532 1635 3618 1674 re-

2044 1713 2244 1781 pletus,
2272 1711 2374 1768 SS.
2408 1713 2702 1768 Martinum
2733 1722 2788 1769 et
2825 1715 3119 1769 Maximum
3146 1715 3614 1782 Consmminopo-

2041 1809 2132 1863 lim
2179 1809 2380 1864 ductos
2425 1818 2480 1865 et
2527 1811 2804 1866 cruciatos
2852 1810 2996 1880 apud
3028 1809 3362 1865 Chersonam
3403 1819 3456 1864 et
3506 1811 3614 1863 alia

2041 1902 2262 1955 climata
2301 1903 2498 1956 exsilio
2542 1904 2824 1973 relegavit,
2873 1900 3076 1958 multos
3119 1905 3284 1956 etiam
3321 1901 3615 1970 Hesperias

2042 2008 2161 2048 rum
2218 1994 2606 2064 episcoporum
2665 1994 2897 2063 punivit.
2953 1993 3056 2060 Qui
3100 1993 3211 2062 (58)
3261 2003 3444 2047 motus
3497 1991 3615 2046 aeto

2042 2082 2157 2147 Dei,
2197 2084 2409 2154 synodo
2439 2097 2600 2138 sacra
2631 2091 2686 2137 et
2722 2085 2840 2153 ipse
2871 2093 3194 2144 convocata,
3228 2083 3613 2138 monothelita-

2043 2193 2163 2230 rum
2200 2177 2450 2232 ltmresim
2494 2177 2795 2242 abdicavit,
2833 2177 2970 2231 duas
2997 2176 3304 2232 voluntates
3331 2185 3382 2232 et
3413 2191 3612 2246 opera-

2040 2272 2219 2327 tiones
2268 2272 2595 2341 explanans.
2632 2271 2840 2326 Taliter
2885 2286 3020 2341 ergo
3072 2270 3315 2326 Ecclesia
3345 2278 3476 2326 tunc
3518 2285 3613 2339 per

2040 2365 2404 2434 imperatores
2437 2372 2491 2417 et
2518 2365 2718 2434 impios
2749 2365 3070 2420 sacerdotes
3102 2363 3341 2425 turbata,
3373 2362 3612 2416 surrexit

2038 2454 2406 2508 desolatorius
2437 2454 2659 2509 Amalec
2697 2454 2903 2508 feriens
2947 2469 3050 2508 nos
3078 2453 3339 2522 papulutn
3376 2451 3606 2513 Christi,

2037 2557 2092 2602 et
2126 2547 2182 2601 lit
2221 2549 2398 2618 prima
2432 2549 2590 2602 ruina
2630 2548 2898 2602 terribilis
2927 2537 3157 2601 Romani
3186 2547 3485 2608 exercitus,
3520 2546 3607 2600 illa

2039 2642 2245 2698 scilicet
2290 2657 2410 2709 qua:
2443 2641 2748 2697 secundum
2780 2640 3028 2694 Gabatan
3062 2649 3116 2694 et
3155 2639 3506 2693 llermucban
3531 2654 3610 2696 ac

2041 2734 2471 2788 Dathe'mitarnm
2502 2735 2613 2804 (59)
2651 2732 2917 2787 eﬂ‘usioue
2948 2733 3234 2802 sanguinis
3273 2742 3358 2787 est
3392 2731 3607 2794 eliecta,

2037 2833 2158 2894 post
2187 2840 2352 2894 quam
2399 2824 2813 2880 Palmstinarum
2851 2835 2904 2877 ct
2933 2822 3354 2878 Caesariensium
3386 2837 3448 2876 ac
3485 2821 3611 2876 llic-

2040 2917 2444 2986 rosolymarutn
2475 2916 2708 2980 excidia,
2753 2916 2876 2969 dein
2918 2915 3207 2985 Egyptius
3240 2915 3517 2976 interitus,
3544 2930 3609 2968 ac

2039 3009 2302 3076 deinceps
2331 3008 2858 3062 mediterraneorum
2893 3014 2947 3059 et
2976 3007 3305 3071 insularum,
3334 3007 3610 3076 totiusquo

356 3088 692 3155 repulerunt.
720 3090 787 3142 Et
814 3093 1048 3162 imperat
1077 3095 1354 3154 Constans
1381 3101 1525 3157 ﬁlius
1557 3103 1926 3171 Constantini,
1957 3140 2001 3199 α
2040 3098 2317 3154 Romaniae
2351 3099 2461 3169 (60)
2503 3099 2822 3168 captivatio,
2863 3101 2957 3152 sed
2999 3107 3055 3152 et
3103 3107 3316 3166 patrata
3355 3100 3412 3153 in
3445 3099 3608 3154 Plum-

352 3189 406 3233 τι
431 3193 793 3239 consecratur
811 3185 1017 3242 Paulus
1037 3190 1333 3260 episcopus
1351 3191 1927 3269 Constantinopoleos,

355 3280 407 3323 et
440 3272 556 3341 ipse
585 3274 896 3333 haareticus.
915 3277 1154 3335 Joannes
1180 3291 1360 3337 autem
1387 3283 1670 3342 Romanus
1703 3293 1928 3358 praesul,

354 3365 584 3420 collecto
609 3369 992 3438 episcoporum
1009 3374 1268 3440 concilio,
1303 3380 1788 3436 monothelitarum
1821 3385 1932 3439 han-

357 3459 517 3513 resim
581 3465 1088 3519 auathcmatizavit.
1155 3466 1422 3526 Similiter
1491 3486 1545 3528 et
1601 3476 1657 3531 in
1711 3478 1929 3544 Africa,

355 3566 520 3618 penes
560 3554 852 3623 Byzacium
904 3557 1165 3615 videlicet
1214 3561 1526 3620 Numidiam
1569 3576 1625 3622 et
1672 3570 1924 3625 Maurita-

355 3642 501 3696 niam
549 3644 754 3701 diversi
804 3648 1048 3718 episcopi
1100 3655 1494 3710 convenientes
1542 3662 1930 3718 mouothelitas

351 3735 701 3790 anathemate
757 3738 1134 3805 perculerunt.
1187 3740 1400 3797 Joanne
1446 3760 1578 3799 sane
1627 3747 1930 3805 dormiente

354 3822 682 3879 Theodorus
721 3837 1083 3883 consecratur
1117 3846 1218 3900 pro
1249 3848 1315 3887 eo
1340 3849 1499 3903 papa.
1530 3834 1776 3907 Pyrrhus
1799 3856 1929 3895 vero

353 3931 476 3969 cum
508 3919 851 3985 pervenisset
882 3920 948 3974 ad
980 3921 1247 3986 Africam,
1282 3926 1489 3980 mutuis
1533 3943 1658 3982 cum
1693 3935 1928 3989 sanctis-

297 4006 303 4009 ’
354 4007 497 4062 simo
527 4007 766 4063 Maximo
797 4010 1017 4066 videtur
1060 4017 1403 4088 aspectibus,
1444 4019 1642 4075 abbate
1673 4023 1929 4080 videlicet

354 4099 768 4171 religiosissime
819 4103 872 4158 in
929 4109 1276 4165 monaehieis
1323 4114 1792 4182 eorreptionibus,
1827 4134 1929 4173 nec

351 4207 460 4246 non
501 4201 556 4246 et
604 4195 914 4250 divinorum
967 4197 1080 4253 illic
1133 4201 1558 4259 eonsistentium
1601 4209 1923 4276 pontiﬁcum

351 4294 716 4350 praesentatur
757 4289 1065 4352 obtutibus,
1115 4294 1208 4362 qui
1273 4297 1420 4350 hunc
1474 4299 1828 4371 redargutum
1871 4315 1927 4360 et

351 4390 674 4444 persuasum
704 4377 931 4434 Romam
958 4383 1024 4438 ad
1050 4399 1243 4455 papam
1272 4386 1619 4446 Theodorum
1641 4394 1921 4465 direxere;

2035 3193 2158 3246 uice
2201 3190 2516 3245 omnimoda
2567 3190 2796 3244 Romani
2835 3190 3114 3244 exercitus
3151 3199 3205 3244 et
3245 3190 3440 3244 classis
3486 3205 3597 3258 per.

2035 3285 2194 3352 ditio,
2242 3285 2602 3354 omniumque
2645 3283 3091 3346 Christianorum
3145 3281 3390 3352 prtulium
3443 3290 3605 3350 atque

2031 3375 2277 3428 locorum
2333 3375 2678 3435 destructio,
2749 3387 2872 3442 quae
2953 3387 3060 3427 non
3127 3374 3363 3428 cessavit
3433 3373 3602 3427 donec

2033 3467 2290 3520 Ecclesiae
2324 3477 2642 3534 persecutor
2671 3465 2724 3518 in
2760 3454 2955 3520 Sicilia.
2985 3466 3124 3520 male
3158 3475 3474 3535 peremptus
3498 3474 3604 3520 est.

2101 3556 2282 3610 Mundi
2311 3571 2457 3610 anno
2473 3556 2635 3619 6122,
2657 3555 2856 3610 divinae
2884 3556 3279 3611 incarnationis
3309 3572 3452 3610 anno
3469 3555 3599 3619 629.,

2033 3663 2178 3702 anno
2235 3647 2451 3713 imperii
2497 3644 2735 3699 lleraclii
2765 3644 2826 3697 21
2863 3645 3106 3701 Joannes
3135 3663 3280 3717 papa
3327 3648 3605 3702 Romanus

2036 3740 2288 3794 habetur.
2333 3738 2446 3792 Hoc
2491 3737 2655 3791 etiam
2697 3751 2842 3791 anno
2873 3737 3145 3792 Maometh
3178 3740 3602 3803 Saracenorum,

2034 3830 2126 3898 qui
2162 3837 2216 3883 et
2245 3829 2486 3900 Arabum
2527 3826 2784 3895 princeps
2821 3834 2875 3879 et
2900 3828 3399 3895 pseudopropheta,
3431 3829 3600 3881 mori.

2033 3931 2144 3986 tur,
2181 3927 2434 3988 promoto
2461 3917 2826 3972 Abubacharo
2853 3927 3086 3986 cognato
3109 3932 3212 3972 suo
3233 3920 3300 3971 ad
3328 3918 3601 3988 principa-

2031 4023 2146 4069 tum
2181 4029 2366 4070 suum.
2407 4011 2645 4082 Ipsoque
2675 4018 2920 4079 tempore
2950 4012 3099 4064 venit
3125 4009 3336 4063 auditio
3365 4010 3518 4078 ejus,
3547 4017 3602 4062 et

2028 4125 2221 4164 omnes
2270 4107 2664 4162 extimuerunt.
2729 4104 2797 4156 At
2846 4119 2975 4158 vero
3013 4102 3229 4172 decepti
3280 4101 3488 4158 llebrwi
3546 4103 3598 4154 iu

2032 4199 2306 4271 principio
2343 4199 2614 4254 adventus
2647 4197 2769 4267 ejus
2806 4196 3261 4251 existimaverunt
3285 4210 3407 4250 csse
3445 4195 3598 4250 illum

2028 4295 2120 4365 qui
2147 4295 2215 4348 ab
2245 4295 2325 4348 eis
2369 4303 2720 4361 exspectatur
2751 4293 3028 4355 Christus,
3061 4293 3135 4346 ita
3163 4299 3223 4345 ut
3251 4290 3474 4361 quidam
3507 4305 3589 4345 eo-

2005 4403 2174 4451 rum,
2215 4388 2311 4458 qui
2363 4386 2719 4442 intendebant
2749 4388 2822 4453 ci,
2885 4387 3211 4443 accederent
3241 4387 3308 4440 ad
3340 4386 3518 4454 ipsum
3546 4389 3598 4438 et

347 4467 442 4537 qui
474 4470 818 4527 orthodoxite
849 4473 1034 4529 lihello
1066 4479 1270 4548 tradito
1297 4496 1450 4551 papa:
1480 4483 1548 4538 ab
1570 4500 1636 4540 eo
1667 4499 1922 4560 receptus
1951 4481 2000 4540 Ι)
2029 4482 2151 4552 ejus
2179 4482 2502 4551 religionem
2531 4481 2900 4550 susciperent,
2920 4479 3124 4549 Moysis
3156 4479 3489 4548 inspectoris
3506 4477 3596 4532 Dei

348 4571 452 4615 est.
487 4561 698 4620 Interea
733 4583 857 4623 eum
903 4569 1076 4625 Roma
1111 4571 1465 4631 discessisset
1496 4578 1924 4655 Ravennamque

351 4657 712 4726 pervenisset,
743 4672 802 4715 ut
828 4664 982 4719 canis
1025 4663 1092 4719 ad
1122 4668 1386 4723 vomitum
1413 4685 1576 4727 suum
1617 4691 1922 4735 conversus

347 4752 456 4799 est.
503 4747 626 4812 Quo
664 4767 801 4822 papa
857 4754 1180 4815 Theodorus
1229 4771 1534 4832 comperto,
1584 4769 1922 4837 plenitudine

347 4849 654 4895 convocata
700 4842 960 4901 Ecclesiae
991 4849 1058 4903 ad
1097 4854 1409 4921 sepulcrum
1443 4860 1662 4916 verticis
1703 4873 1924 4932 aposto-

349 4929 526 4985 lorum
559 4936 820 5002 accessit,
851 4947 907 4991 et
932 4939 1124 4996 divino
1157 4945 1328 5000 calice
1367 4951 1645 5016 postulato
1672 4929 1755 5007 exi
1779 4956 1919 5010 vivi-

347 5019 452 5076 Ιίεο
501 5025 768 5094 sanguine
817 5035 1125 5084 atramento
1183 5033 1430 5098 stillavit,
1481 5047 1535 5090 et
1593 5037 1663 5092 ita
1699 5045 1918 5113 propria

2028 4576 2282 4631 dimissa.
2313 4573 2484 4629 Erant
2511 4585 2692 4629 autem
2725 4588 2953 4627 numero
2981 4573 3192 4635 decetn,
3236 4571 3328 4642 qui
3376 4570 3482 4624 hoc
3517 4563 3605 4624 fa:

2029 4672 2268 4731 ciebant.
2310 4687 2434 4726 cum
2469 4671 2589 4739 ipso
2632 4682 2850 4737 quoque
2881 4666 3151 4735 degebant
3179 4679 3352 4732 usque
3385 4664 3451 4717 ad
3493 4679 3599 4718 cae-

2025 4766 2148 4821 dem
2207 4765 2352 4834 ejus.
2380 4762 2552 4817 Porro
2582 4775 2704 4814 eum
2733 4760 3049 4828 aspicerent
3071 4772 3195 4810 cum
3222 4755 3596 4810 comedentem

2027 4857 2096 4910 de
2123 4854 2355 4917 camelo,
2387 4855 2766 4920 cognoverunt
2805 4847 2952 4916 quod
2989 4862 3094 4901 non
3125 4852 3268 4901 esset
3299 4860 3456 4915 quem
3487 4845 3598 4902 exi-

2030 4949 2347 5010 stimabant,
2407 4956 2462 4998 et
2489 4942 2815 4997 haesitabant
2841 4940 2974 5009 quid
3014 4947 3258 5008 agerent,
3291 4947 3345 4992 et
3378 4937 3596 5006 religio-

2031 5058 2156 5099 nem
2180 5042 2300 5111 cjus
2326 5039 2600 5094 dimittere
2627 5035 2987 5089 formidantes
3021 5031 3205 5086 miseri
3240 5031 3436 5085 docent
3466 5043 3591 5081 eum

1850 5134 2093 5194 NOTAE.

571 5204 1060 5294 Quiz‘Ex'tLiderunt
1103 5214 1218 5271 bsec
1249 5219 1456 5294 :_M£‘€&
1498 5220 1556 5294 δὲ
1584 5220 1682 5291 τὴν
1709 5223 1926 5294 ὲξορίαν

345 5275 624 5398 ginnas-two
687 5279 933 5347 Ἀγάθων
995 5290 1384 5354 χειροτονεῖται
1437 5275 1649 5354 πὰπα;’

417 5416 528 5485 (59)
558 5416 986 5477 Dathemitarum
1048 5425 1253 5482 factum
1284 5443 1408 5485 esse
1443 5431 1660 5487 videtur
1702 5451 1766 5498 ex
1815 5437 1917 5491 τὶν

342 5485 599 5556 ἄθεσμον.
636 5489 717 5543 lo.
1872 5487 1882 5509 ’

894 5636 906 5649 ο
929 5564 1084 5618 Anna
1126 5564 1319 5649 Eoum.
1357 5567 1518 5649 _Alc_x.
1549 5573 1583 5626 8
1610 5573 1823 5649 attito“:
1849 5580 1916 5649 τῇ

373 5628 637 5699 Ρωμανιᾳ
671 5632 1077 5710 ἑπᾳγεσυὶσατο.
1126 5635 1405 5710 Ῥωμᾳνία
1446 5641 1744 5710 imperium
1796 5628 1914 5701 in}:

349 5713 604 5782 uetulum,
677 5701 828 5782 orbis
891 5701 1552 5782 Romaptts.'lttterdtttn
1620 5714 1908 5782 imperium

347 5766 640 5825 Orientale.
688 5769 892 5828 ldatius
947 5777 1000 5831 in
1043 5774 1226 5832 Fastis
1271 5780 1476 5833 consul.
1509 5799 1526 5834 .-
1565 5801 1583 5833 ι
1623 5766 1908 5842 iuges};

2037 5229 2261 5300 (Tusco;
2288 5233 2342 5279 et
2378 5221 2678 5300 Annulino)
2719 5220 3020 5300 Ca_rporum
3054 5231 3188 5300 gens
3218 5211 3591 5300 universam

2035 5281 2300 5353 Rioitnauia
2345 5311 2404 5348 se
2431 5281 2730 5362 tradidit.)
2778 5281 2910 5346 ltetn
2945 5304 3015 5362 at
3053 5286 3149 5362 llis
3171 5299 3317 5338 coss.
3347 5281 3593 5362 (Valente

2033 5371 2175 5435 Aug.
2199 5379 2251 5420 et
2277 5365 2660 5435 Valentiniano
2683 5361 2803 5430 jun.
2830 5359 2992 5428 Aug.)
3019 5359 3142 5410 victi
3161 5353 3438 5435 etenim-si
3466 5357 3593 5435 sunt

2031 5419 2256 5493 Euthia
2289 5446 2450 5506 gente
2480 5419 2821 5506 Hunnorum,
2858 5419 3184 5506 etfsuscepti
3221 5419 3349 5506 sunt
3389 5425 3461 5506 in“
3484 5419 3593 5473 Bo-

2033 5511 2214 5564 mania
2247 5494 2345 5576 pro
2374 5502 2749 5576 misericordia
2771 5501 3218 5576 _jussi_one__Aug.
3243 5494 3529 5576 Falernis:
3567 5509 3586 5541 ι

2365 5577 2432 5630 ad
2477 5590 2603 5630 can.
2656 5572 2722 5626 η
2759 5560 2990 5627 aoncilii
3021 5560 3351 5621 Chalcedon.
3392 5562 3452 5617 ν.
3503 5560 3587 5615 Jo.

2027 5652 2241 5705 Sehleni
2317 5645 2781 5700 Comtneutarium
2852 5642 2915 5696 ad
2979 5638 3229 5710 Eutychii
3310 5635 3588 5705 (,rigines,

2024 5738 2075 5791 υ.
2113 5721 2211 5774 155
2238 5727 2290 5776 ct
2315 5716 2434 5772 159.
2462 5717 2540 5771 In.
