3978 6212
388 5482 392 5486 Α
473 5431 835 5487 Glossarium
877 5431 1277 5502 Seguerianum
1320 5448 1333 5484 :

467 293 609 360 i319

1594 288 2000 351 ANASTASII
2055 285 2689 350 BIBLIOTHECARII

3607 284 3727 354 ιω

466 419 660 467 contra
688 423 793 465 nos
839 405 1192 462 Christianos
1228 404 1443 474 illicita,
1496 415 1553 462 et
1573 406 2052 462 cunversabantur
2077 412 2124 468 Α
2158 405 2372 461 luxuria
2401 412 2456 458 et
2495 402 2733 459 stultitia
2777 402 2958 472 plena,
2997 400 3235 471 compati
3281 408 3477 457 tamen
3513 400 3730 461 ἱιιςὶωιιι

466 517 593 558 cum
622 501 765 572 ipso.
792 498 1183 556 Necessarium
1205 507 1389 555 autem
1425 514 1553 556 reor
1584 500 1958 555 enarrandum
1981 500 2050 555 de

454 592 824 666 generatione
874 592 1017 661 ejus.
1078 590 1131 646 Is
1179 607 1244 647 ex
1283 606 1391 646 una
1438 591 1852 661 generalissima
1903 590 2049 645 tribu

466 686 739 743 oriundus
803 696 947 750 erat,
1000 683 1253 739 lsmaelis
1307 683 1586 748 videlicet,
1644 683 1744 738 ﬁlii
1791 682 2046 737 Abrahae.

466 780 712 835 Νῖκαι-υς
755 779 941 844 enim,
996 777 1249 835 lsmaelis
1303 792 1597 848 pronepos,
1654 785 1807 848 pater
1854 790 2048 831 eorum

467 880 715 935 Omnium
752 876 995 931 ducitur.
1030 874 1130 929 llic
1164 876 1342 946 gignit
1373 875 1514 929 ﬁlios
1550 874 1710 940 duos,
1763 872 2049 928 Mudarum

469 971 683 1026 scilicet
731 979 785 1024 et
828 968 1105 1023 Rbabian.
1147 968 1438 1022 Mudarum
1470 966 1647 1038 gignit
1689 965 1965 1020 Curasum
1994 971 2050 1019 et

468 1062 708 1119 Chaison
739 1071 793 1117 et
826 1060 1185 1116 Thcomincm
1217 1070 1271 1116 et
1300 1061 1543 1114 Asadum
1575 1067 1629 1113 et
1649 1059 1789 1112 alios
1807 1057 2048 1127 ignotos.

470 1155 533 1210 Hi
570 1171 759 1210 omnes
786 1154 1113 1208 habitabant
1136 1152 1471 1207 Madianiten
1500 1152 1806 1217 heremum,
1825 1161 1879 1206 et
1904 1152 1957 1206 in
1983 1165 2050 1205 eo

470 1250 785 1304 nutriebant
825 1263 1051 1318 pecora,
1099 1247 1153 1301 in
1207 1246 1578 1301 tabernaculis
1635 1254 2048 1300 conversantes.

470 1341 611 1395 Sunt
644 1349 825 1394 autent
858 1349 912 1395 et
948 1341 1033 1393 his
1064 1340 1383 1403 interiores,
1403 1340 1497 1409 qui
1526 1354 1634 1393 non
1662 1347 1794 1393 sunt
1814 1339 1882 1393 de
1901 1338 2049 1391 tribu

470 1434 740 1502 ipsorum,
774 1432 869 1487 sed
903 1448 970 1487 ex
1009 1432 1246 1495 Lettam,
1282 1432 1535 1486 videlicet
1559 1431 1612 1485 hi
1653 1420 1745 1500 qui
1783 1439 2052 1484 vocantur

468 1525 814 1588 Ammanitae,
844 1524 894 1577 id
930 1533 1015 1578 est
1047 1523 1358 1578 llomeritrc.
1378 1523 1611 1589 Quidam
1645 1537 1780 1578 sane
1803 1522 2049 1592 ipsorum

471 1616 900 1683 negotiabantur
930 1614 985 1667 iu
1019 1614 1244 1668 camelis
1270 1616 1410 1668 Suis.
1438 1612 1573 1666 Cum
1600 1620 1781 1666 autem
1814 1610 1975 1679 inops
1994 1615 2052 1663 et

469 1707 753 1776 orphanns
788 1706 1084 1775 pra-dictus
1106 1716 1254 1762 esset
1294 1704 1569 1759 Maometh
1592 1743 1609 1769 ,
1641 1706 1795 1758 visus
1828 1710 1915 1758 est
1942 1702 2048 1757 sibi

2150 507 2210 555 et
2257 497 2511 552 auxiliari
2553 495 2806 567 patienti.
2845 495 3017 550 Porro
3050 495 3240 551 eodem
3269 508 3422 550 anno
3458 505 3629 554 natus
3656 507 3732 555 est

2152 590 2209 646 in
2238 588 2467 649 Oriente
2503 590 2670 644 David
2706 588 2850 644 filius
2893 590 3040 659 ejus,
3086 588 3400 660 eodemque
3449 590 3550 647 die
3588 603 3733 650 natus

2149 694 2239 739 est
2266 682 2559 740 flerat-lius
2604 683 2748 738 ﬁlius
2792 681 3029 737 lieraelii
3057 681 3457 754 junioris,qui
3509 696 3566 739 et
3610 685 3738 741 Coa-

2153 775 2432 832 ﬂantinus
2458 774 2769 845 appellatus
2801 783 2905 840 est,
2935 782 2990 829 et
3019 775 3337 845 baptizatus
3354 784 3446 831 est
3488 792 3525 831 a
3563 775 3737 848 Sergio

2152 867 2490 937 patriarcha.

2224 960 2384 1015 Anno
2416 961 2630 1029 imperii
2659 958 2893 1015 lieraclii
2928 959 2999 1013 22
3035 958 3316 1022 Modestus
3338 962 3739 1036 Hierosolymi-

2155 1060 2317 1107 tanus
2346 1053 2582 1109 habetur
2631 1054 2864 1109 antistes
2907 1061 2961 1107 et
2991 1054 3400 1110 Abubacbarus
3450 1055 3567 1110 dux
3614 1060 3741 1113 Ara—

2154 1147 2306 1213 bum,
2328 1149 2425 1218 qui
2462 1149 2642 1205 tribus
2698 1149 3044 1219 principatus
3070 1157 3157 1203 est
3182 1150 3370 1204 annis.
3400 1150 3592 1207 Persa:
3617 1168 3739 1209 vero

2155 1239 2573 1295 insurrexerunt
2618 1241 2878 1307 invicem,
2920 1249 2977 1296 et
3028 1256 3159 1296 sese
3204 1251 3404 1298 mutuo
3447 1245 3736 1300 debebant.

2152 1333 2257 1388 Per
2283 1333 2424 1387 idem
2461 1349 2685 1403 quoque
2717 1341 2933 1403 tempus
2958 1349 3052 1387 rex
3084 1332 3352 1389 Indorum
3393 1337 3552 1390 mittit
3599 1352 3730 1392 con-

2153 1427 2513 1495 gratulaturia
2564 1425 2816 1483 Heraclio
2850 1429 2905 1482 in
2953 1425 3251 1483 Persarum
3296 1428 3551 1495 victoria,
3582 1446 3730 1485 mar-

2152 1520 2366 1589 garitas
2422 1520 2635 1575 sciiicet
2671 1528 2725 1575 et
2757 1520 2970 1590 lapides
3010 1521 3289 1591 pretiosos
3340 1523 3567 1579 multos.
3590 1522 3730 1579 Ior-

2153 1621 2282 1667 tnus
2331 1623 2515 1668 autem
2544 1612 2818 1668 Maometh
2847 1620 2988 1677 erat,
3040 1615 3153 1683 qui
3182 1622 3465 1668 statuerat
3507 1625 3730 1683 quatuor

2154 1708 2397 1764 amireos
2443 1707 2796 1778 expugnandi
2848 1706 3227 1771 Christianos,
3263 1708 3357 1776 qui
3407 1723 3478 1762 ex
3507 1707 3740 1763 Arabum

469 1801 539 1854 ad
568 1801 865 1870 quamdam
902 1801 1111 1855 intrare
1166 1801 1449 1855 mulierem
1488 1798 1813 1869 locupletem
1856 1808 1911 1853 et
1952 1811 2048 1851 co-
2083 1776 2129 1833 B
2156 1814 2354 1868 genere
2402 1776 2642 1853 fuerant.
2692 1800 2756 1853 Et
2789 1807 3065 1853 venerunt
3106 1807 3299 1851 contra
3344 1796 3617 1853 Mucheas
3659 1813 3746 1853 ca-

470 1902 689 1962 gnatam
727 1907 907 1957 suam,
946 1892 1169 1946 nomine
1201 1891 1512 1961 Chadigan,
1571 1891 1949 1946 mercenarius
1985 1889 2052 1945 ad

473 1984 862 2054 negotiandum
908 1999 1034 2038 cum
1067 1985 1295 2038 camelis
1344 1984 1461 2039 suis
1491 1985 1633 2054 apud
1663 1984 1965 2055 Egyptum
2000 1993 2056 2039 et

470 2074 843 2132 Palaestinam.
897 2075 1165 2131 Paulatim
1201 2084 1383 2131 autem
1426 2075 1625 2131 ﬁducia
1661 2092 1829 2147 penes
1876 2078 2051 2147 ipsam

470 2181 727 2244 percepta
760 2170 1070 2235 mulierem,
1091 2186 1215 2240 quae
1238 2171 1402 2224 vidua
1436 2180 1578 2236 erat,
1614 2178 1670 2228 et
1699 2173 1908 2241 accepit
1931 2185 2051 2226 eam

470 2279 727 2327 uxorem,
782 2271 839 2317 et
882 2263 1077 2317 habuit
1104 2263 1343 2317 camelos
1378 2263 1552 2334 ipsius
1598 2272 1766 2334 atque
1792 2264 2056 2319 substan-

473 2354 627 2409 tiam.
659 2353 911 2424 Cumque
949 2354 1156 2410 veniret
1200 2355 1254 2409 in
1283 2354 1654 2421 Palmstinam,
1680 2355 2056 2411 conversaba-

472 2455 565 2504 tur
589 2464 715 2503 cum
744 2429 951 2503 Iudaeis
985 2456 1040 2502 et
1071 2448 1428 2504 Christianis.
1465 2448 1734 2519 Capiebat
1768 2456 1952 2503 autem
1985 2448 2056 2504 ab

471 2541 556 2596 eis
585 2538 851 2610 quasdam
881 2539 1212 2609 scripturas.
1246 2540 1419 2595 Porro
1458 2541 1697 2595 habebnt
1738 2542 2054 2613 passionem

475 2630 775 2700 epilepsiae.
808 2628 928 2696 Quo
954 2640 1241 2697 comperto
1290 2632 1457 2701 hujus
1489 2633 1690 2702 conjux
1734 2633 1935 2703 oppido
1965 2633 2058 2686 tri-

474 2723 746 2785 stabatur,
775 2729 964 2791 utpote
1000 2721 1225 2786 nobilis,
1268 2730 1324 2776 et
1362 2736 1485 2791 quae
1506 2737 1567 2777 se
1603 2722 1919 2791 hujnsmodi
1961 2735 2057 2776 co-

483 2810 710 2883 pularit,
735 2827 908 2884 egeno
937 2813 1151 2867 scilicet
1194 2822 1246 2867 et
1276 2813 1588 2884 epileptico.
1624 2811 1893 2868 Procurat
1926 2827 2057 2869 vero

474 2905 592 2975 ipse
644 2905 863 2976 placare
910 2905 1061 2959 illam
1111 2906 1316 2968 taliter,
1372 2907 1565 2962 dicens
1612 2906 1748 2975 quia
1772 2905 2055 2962 Visiouem

471 2997 766 3069 quamdam
787 2997 967 3068 angeli
990 2995 1273 3053 Gabrielis
1293 2998 1424 3052 dicti
1449 2999 1813 3068 contemplor,
1833 3008 1887 3053 et
1910 2996 2054 3052 haud

2153 1880 2397 1955 stellam,
2428 1891 2482 1946 in
2520 1908 2631 1961 quo
2653 1899 2774 1945 erat
2801 1888 3127 1947 Theodorus
3170 1888 3424 1958 Bigarius
3461 1890 3615 1962 (61),
3657 1906 3750 1946 vo-

2154 1984 2329 2061 lentes
2355 1986 2568 2038 irruere
2594 1984 2647 2039 in
2682 1985 2890 2039 Arabes
2916 1984 3007 2038 die
3047 1998 3155 2050 quo
3185 1982 3345 2037 idolis
3394 1981 3751 2039 immolaturi

2153 2085 2335 2133 erant.
2363 2077 2659 2146 Comperto
2689 2084 2873 2132 autem
2904 2076 3011 2132 hoc
3042 2075 3288 2145 Bigarius
3310 2074 3534 2146 colligit
3554 2089 3753 2132 omnes

2155 2172 2362 2226 milites
2404 2187 2595 2226 eorum
2626 2172 2721 2242 qui
2758 2171 3045 2226 heremum
3083 2170 3487 2233 observabant,
3524 2178 3586 2225 et
3628 2169 3755 2224 dili-

2155 2275 2347 2337 genter
2374 2266 2696 2321 sciscitatus
2742 2281 2774 2318 a
2825 2264 3105 2319 Saraceno
3130 2264 3273 2320 diem
3316 2276 3375 2319 et
3411 2264 3615 2320 horam
3639 2278 3751 2335 qua

2154 2372 2317 2417 erant
2349 2361 2476 2415 illos
2504 2361 2844 2431 aggressuri,
2906 2361 3027 2429 ipse
3066 2359 3288 2414 irruens
3312 2360 3373 2413 in
3412 2374 3512 2414 eos
3538 2361 3592 2414 in
3618 2373 3753 2430 prc-

2156 2454 2250 2510 dio
2294 2453 2441 2522 quod
2492 2453 2781 2507 dicebatur
2833 2451 3073 2519 Mallius,
3103 2451 3312 2508 occidit
3355 2460 3475 2507 tres
3508 2453 3751 2508 amireos

2158 2544 2566 2616 plurimamqne
2612 2543 2797 2613 populi
2842 2550 3054 2612 partem
3083 2544 3329 2597 :exsiliit
3377 2554 3570 2598 autem
3606 2557 3754 2599 unus

2156 2635 2383 2695 amiras.
2418 2634 2693 2689 Cbaledus
2743 2634 2976 2697 scilicet,
3024 2648 3185 2703 quem
3217 2633 3460 2704 gladium
3517 2633 3617 2687 Dei
3661 2633 3759 2687 di-

2155 2737 2311 2783 cunt.
2343 2725 2519 2781 Erant
2549 2735 2735 2782 autem
2767 2726 2993 2797 quidam
3043 2727 3275 2780 Arabum
3324 2726 3481 2794 juxta
3522 2726 3758 2796 posito-

2156 2832 2304 2884 rum,
2336 2817 2428 2887 qui
2463 2817 2808 2885 accipiebant
2838 2817 2908 2871 ab
2945 2814 3365 2886 imperatoribus
3397 2829 3569 2884 rogas
3608 2829 3762 2886 pau-

2158 2909 2319 2965 xillas
2357 2899 2892 2966 ad'cnstodiendum
2926 2907 3128 2964 stomia
3160 2907 3355 2963 eremi.
3376 2905 3593 2961 Eodem
3620 2921 3758 2963 vero

2162 3011 2405 3072 tempore
2437 3005 2585 3059 venit
2625 3003 2848 3073 quidam
2893 3003 3067 3071 spado
3109 3001 3350 3058 daturus
3388 2999 3631 3053 militum
3662 3012 3759 3053 ro-

473 3091 657 3146 ferens
693 3091 858 3161 hujus
888 3099 1172 3161 aspectum
1216 3102 1403 3147 mente
1434 3090 1630 3145 deﬁcio
1657 3098 1713 3145 et
1739 3089 1899 3145 cado.
1930 3088 2051 3160 ipsa
2078 3125 2127 3182 ε
2161 3110 2277 3165 gas.
2313 3094 2381 3149 Et
2427 3109 2558 3149 cum
2591 3096 2873 3150 venissent
2904 3094 3116 3150 Arabes
3164 3092 3476 3148 secundum
3516 3105 3760 3146 consue-

475 3199 608 3240 vere
640 3199 768 3238 cum
797 3183 1022 3238 haberet
1055 3184 1361 3238 adulterum
1384 3183 1677 3253 quemdam
1706 3190 1928 3253 propter
1965 3182 2055 3235 in-

476 3275 797 3330 fidelitatem
842 3274 1042 3329 ibidem
1087 3276 1333 3329 exsulem
1387 3273 1750 3338 habitantem,
1815 3274 2054 3327 anticum

474 3380 663 3429 suum,
687 3365 950 3418 indicavit
981 3366 1030 3419 ei
1058 3366 1268 3429 omnia,
1304 3374 1360 3418 et
1397 3379 1595 3420 nomen
1625 3365 1829 3435 angeli.
1871 3365 2059 3420 Atille

476 3457 665 3510 volens
718 3471 837 3510 eam
890 3453 1123 3510 reddere
1170 3465 1379 3510 certam
1426 3457 1563 3510 dixit
1625 3457 1718 3511 ei:
1764 3456 2055 3510 Veritatem

475 3550 685 3603 locutus
715 3557 791 3603 est
825 3564 844 3604 :
879 3550 1068 3603 etenim
1104 3549 1204 3603 iste
1229 3548 1447 3619 angelus
1478 3550 1714 3603 mittitur
1735 3552 1805 3604 ad
1835 3560 2056 3606 cunctos

473 3642 781 3714 prophetas.
802 3642 922 3713 Ipsa
949 3657 1080 3711 ergo
1106 3644 1280 3714 prima
1305 3652 1564 3714 suscepto
1588 3642 2056 3712 pseudomonachi

476 3735 644 3790 verbo
677 3734 907 3791 credidit
935 3736 1010 3801 ei,
1040 3743 1096 3791 et
1132 3737 1449 3806 praedicavit
1483 3734 1538 3790 id
1565 3736 1691 3790 aliis
1727 3736 2059 3792 mulieribus

474 3830 879 3887 cantribnlibus
909 3831 1049 3895 suis,
1081 3830 1402 3900 prophetam
1430 3844 1555 3885 eum
1586 3845 1746 3897 esse;
1779 3840 1836 3886 et
1873 3830 2058 3885 taliter

473 3937 542 3978 ex
568 3920 787 3978 feminis
814 3921 959 3976 fama
995 3922 1148 3976 venit
1169 3921 1237 3975 ad
1269 3922 1441 3984 viros,
1471 3922 1653 3992 primo
1682 3922 1956 3976 duritaxat
1985 3920 2053 3975 ad

474 4015 903 4070 Abubacharum
930 4055 946 4081 ,
987 4025 1152 4084 quem
1193 4023 1248 4069 et
1301 4028 1680 4071 successorem
1723 4013 1954 4070 dimisit.
1989 4011 2057 4068 Et

474 4110 651 4165 tenuit
682 4109 909 4164 hazresis
954 4110 1077 4179 ejus
1121 4115 1309 4181 partes
1345 4107 1592 4173 Ethribi,
1648 4121 1930 4179 poetremo
1957 4124 2057 4179 per

474 4197 702 4254 bellum.
730 4186 864 4252 Nam
888 4198 1122 4267 primum
1158 4198 1380 4268 quidem
1409 4199 1625 4254 occulte
1658 4200 1819 4256 annis
1841 4200 2054 4266 decem,

474 4300 528 4345 et
550 4289 692 4345 bello
723 4289 984 4345 similiter
1005 4289 1216 4352 decem,
1248 4298 1302 4343 et
1316 4289 1603 4345 manifeste
1619 4304 1834 4346 novem.
1866 4289 2058 4346 Docuit

474 4390 655 4437 autem
689 4382 971 4437 auditores
1009 4396 1143 4436 suos
1197 4382 1342 4451 quod
1381 4382 1476 4452 qui
1519 4382 1726 4437 occidit
1770 4383 2053 4438 inimicum

474 4474 560 4530 vel
586 4474 656 4529 ab
680 4473 907 4529 inimico
935 4471 1237 4539 occiditur,
1269 4472 1324 4528 in
1352 4472 1673 4545 paradisum
1717 4474 2051 4547 ingreditur.
2093 4465 2133 4520 Ι)

476 4566 801 4622 Paradisum
857 4581 991 4621 vero
1029 4565 1271 4621 carnalis
1313 4566 1426 4621 cibi
1471 4582 1537 4621 ac
1588 4576 1751 4637 potus
1799 4576 1852 4624 et
1897 4584 2053 4625 com-

474 4658 761 4714 mistionis
786 4657 1082 4714 mulierum
1120 4658 1462 4728 perhibebat,
1490 4657 1826 4730 ﬂuviumque
1856 4663 1969 4716 vini
1991 4677 2054 4717 ac

474 4751 654 4805 mellis
676 4759 732 4804 et
760 4750 941 4814 lactis,
961 4759 1019 4806 et
1049 4748 1379 4805 feminarum
1403 4766 1512 4805 non
1541 4752 1916 4821 praesentium,
1952 4754 2051 4810 sed

476 4839 733 4903 aliarum,
755 4852 811 4896 et
842 4845 1132 4897 misturam
1165 4843 1462 4898 multorum
1491 4857 1763 4899 annorum
1788 4844 2052 4912 futuram,

475 4931 869 4987 tat-affluentem
906 4936 1242 5005 voluptatein
1266 4960 1284 5003 ,
1321 4950 1423 4992 nec
1451 4952 1559 4992 non
1586 4945 1644 4989 et
1671 4938 1777 4993 alia
1804 4942 2053 5010 quaedam

2161 3188 2410 3242 tudinem
2438 3187 2719 3257 accepturi
2752 3202 2937 3257 regam
2971 3201 3155 3250 suam,
3189 3185 3475 3240 eunuchus
3504 3183 3758 3253 impulit,

2158 3280 2351 3335 dicens
2408 3280 2538 3349 quia
2602 3278 2870 3333 Dominus
2926 3279 3016 3332 vix
3076 3279 3174 3331 dat
3230 3277 3495 3331 militibus
3552 3291 3757 3344 rogas,

2158 3379 2369 3442 quanto
2397 3372 2580 3426 minus
2614 3371 2847 3427 canibus
2873 3371 3020 3426 iStis.
3047 3369 3315 3426 Videntes
3328 3382 3506 3423 autem
3529 3367 3758 3424 Arabes

2160 3463 2268 3519 hoc
2297 3463 2552 3520 abierunt
2584 3464 2652 3521 ad
2680 3465 2768 3520 sui
2798 3466 3018 3534 generis
3043 3466 3216 3529 viros,
3241 3472 3298 3519 et
3329 3464 3433 3532 ipsi
3464 3463 3767 3517 duxerunt.

2158 3569 2257 3612 eos
2290 3555 2345 3611 in
2368 3558 2658 3627 regionem
2688 3554 2847 3612 Gaza:
2873 3598 2888 3622 ,
2959 3572 3083 3625 quae
3134 3557 3322 3610 aditus
3360 3562 3486 3610 erat
3541 3555 3764 3612 heremi

2158 3657 2353 3704 contra
2386 3648 2607 3705 Sinaon
2641 3658 2885 3705 montem
2918 3650 3213 3719 locupletis
3252 3649 3431 3705 valde.

2230 3741 2392 3798 Anno
2431 3742 2646 3809 imperii
2696 3741 2934 3797 lleraclii
2969 3744 3041 3797 24
3074 3758 3200 3797 cum
3245 3743 3499 3798 misisset
3531 3745 3763 3799 Abnba—

2159 3835 2362 3893 charus
2411 3845 2676 3906 praetores
2724 3848 2986 3907 quatuor,
3047 3837 3142 3905 qui
3188 3836 3341 3891 ducti
3396 3838 3653 3904 fuerant,
3706 3850 3763 3894 ut

2161 3930 2397 4002 praetuli,
2422 3932 2493 3985 ab
2517 3932 2815 3996 Arabibus,
2844 3940 3113 3987 venerunt
3142 3939 3310 4001 atque
3331 3940 3613 4002 ceperunt
3638 3933 3760 3988 Rau

2159 4032 2213 4077 et
2243 4031 2416 4076 totam
2474 4023 2750 4093 regionem
2800 4022 2979 4078 Gazae.
3036 4021 3396 4092 Tandemque
3446 4024 3764 4094 aliquando

2159 4130 2284 4171 cum
2312 4116 2551 4170 venisset
2597 4116 2903 4171 aCmsarea
2953 4115 3256 4171 Palaestinae
3308 4130 3440 4170 cum
3477 4117 3762 4172 militibus

2160 4206 2374 4279 paucis,
2400 4207 2537 4261 inito
2560 4205 2706 4263 bello
2731 4207 3027 4277 perimitur
3060 4209 3275 4277 primus
3308 4222 3440 4261 cum
3465 4207 3757 4270 exercitu,

2159 4300 2255 4368 qui
2294 4306 2669 4354 trecentorum
2719 4308 2840 4352 erat
2872 4300 3117 4353 virorum
3143 4338 3159 4362 ,
3199 4307 3253 4352 et
3289 4298 3481 4353 multis
3512 4300 3761 4370 captivis

2161 4390 2405 4460 acceptis
2432 4391 2739 4446 et"exuviis
2786 4390 3043 4462 plurimis
3074 4392 3282 4446 reversi
3336 4399 3472 4446 sunt
3503 4406 3637 4446 cum
3672 4392 3761 4445 ri-

2160 4483 2334 4539 ctoria
2377 4483 2685 4553 splendida.
2733 4483 2907 4538 Porro
2952 4482 3145 4538 eodeni
3172 4498 3326 4538 anno
3354 4491 3525 4540 terra
3563 4492 3755 4540 motus

2162 4575 2341 4630 factus
2371 4587 2456 4631 est
2487 4576 2541 4630 in
2572 4578 2889 4641 Palaestina,
2939 4582 2995 4630 et
3026 4575 3284 4645 apparuit
3310 4575 3558 4645 signum,
3594 4574 3756 4645 quod

2161 4671 2368 4725 dicitur
2419 4669 2667 4735 docetes,
2729 4669 2784 4723 in
2817 4668 2965 4724 celo
2993 4675 3186 4723 contra
3230 4667 3545 4732 meridiem,
3608 4681 3756 4737 pra.

2164 4763 2433 4818 nuntians
2482 4762 2724 4816 Arabum
2767 4769 3134 4831 potentatum.
3191 4759 3527 4815 Perduravit
3563 4770 3755 4815 autem

2163 4853 2358 4910 diebus
2410 4855 2653 4925 triginta,
2701 4862 2991 4911 extensum
3026 4869 3058 4908 a
3091 4853 3420 4909 mesembria
3456 4869 3643 4925 usque
3679 4854 3749 4909 ad

2164 4955 2419 5012 arctmu;
2447 4954 2568 5002 erat
2590 4954 2775 5015 autem
2809 4946 2867 5002 in
2894 4944 3113 5002 modum
3146 4944 3336 5017 gladii.

1984 5054 2219 5118 NOTAE.

547 5147 661 5222 (6i)
702 5146 978 5222 Bigarius.
1011 5145 1208 5222 Scribe
1232 5148 1488 5213 uicarius,
1525 5151 1627 5206 nisi
1669 5152 1810 5207 forte
1848 5168 2048 5208 nomen

472 5218 759 5292 dignitatis
809 5233 911 5290 pro
962 5220 1290 5292 cognomine
1334 5222 1666 5277 Anastasius
1724 5225 2048 5292 acceperit:

514 5288 620 5348 ιιοά
654 5307 763 5346 non
794 5288 947 5363 puto.
985 5288 1046 5363 δέ
1074 5288 1337 5363 Basilius,
1369 5291 1531 5363 epist.
1575 5294 1679 5347 264
1709 5310 1723 5346 :
1778 5288 1921 5363 Ἐγὼ
1959 5294 2055 5347 τοῦ

514 5308 620 5348 non
654 5308 763 5346 non
794 5308 947 5359 puto.
985 5308 1046 5344 δ.
1074 5308 1337 5358 nasutus,
1369 5308 1531 5361 optet.
1575 5308 1679 5347 πω
1709 5310 1723 5346 :
1782 5308 1921 5363 ἰγω
1959 5310 2048 5347 του

473 5308 724 5436 Ξεκαρίον
768 5363 869 5433 τῆς
882 5360 1122 5436 Δἔδρᾴκης
1161 5361 1452 5436 snio-retia:
1493 5366 1561 5436 vii
1602 5364 1888 5436 θεοσεϐείᾳ
1926 5381 2048 5436 pecu.

896 5433 1277 5505 Seguerianum
1320 5448 1352 5505 :_
1399 5434 1657 5503 Βικάριος
1690 5433 1872 5505 enipi
1922 5435 2054 5488 Ῥω-

479 5505 663 5573 autem
709 5503 974 5573 διάδοχυς.
1059 5502 1262 5560 Eadem
1322 5503 1522 5560 Suidas
1579 5513 1636 5559 et
1690 5502 2053 5573 Phavorintts.

533 5572 977 5639 etuphrastesm.
1008 5584 1151 5646 sept.
1193 5577 1248 5631 in
1280 5576 1387 5631 Tro
1431 5577 1577 5631 himu
1607 5592 1622 5627 :
1651 5577 1765 5645 Τὴν
1811 5576 1921 5629 τῶν
1973 5572 2053 5645 pt-

533 5640 685 5700 ιρίων
714 5646 885 5700 ἀργὴν
924 5646 1070 5700 κατὰ
1096 5647 1195 5700 τὴν
1231 5592 1561 5700 Ἀντιιξῗηιαν
1604 5645 1847 5700 Ἀττικὸς
1866 5647 2049 5700 ἤνυεν.

477 5640 685 5719 ξ,²ρί⁸ιξν
714 5646 885 5719 ᾀρχὴν
902 5640 1195 5719 etate-rip:
1222 5640 1561 5719 ξᾼντιὸχειαν
1604 5640 1847 5719 ’Λτὲιλκὺς
1866 5640 2049 5719 ᾕνυὲγ.

477 5705 855 5789 Βέθηθιςικῖίιᾷἰί
895 5712 1046 5789 Junii
1092 5705 1171 5773 5':
1202 5717 1306 5771 Τὸν
1369 5705 1628 5789 pisci:ng
1666 5705 1940 5789 npeqjiiv
1972 5716 2055 5779 si;

478 5775 718 5839 Xpta'rtv
776 5782 1127 5841 ἀπεσπάσατο
1182 5775 1389 5860 ttat-tv.
1444 5775 1748 5843 cont-ilium
1788 5775 2043 5842 'Flo'rcnt.

2158 5174 2295 5215 sese.
2325 5159 2398 5215 25
2429 5176 2445 5209 :
2485 5159 2545 5214 '0
2576 5158 2937 5223 ἁποστολικὸς
2970 5159 3159 5229 θρόγᾳς
3182 5160 3212 5213 ὀ
3241 5158 3337 5213 καὶ
3369 5157 3628 5229 praccipio;
3648 5158 3741 5213 τοῦ

2157 5229 2552 5313 Κυρζοχήμῶν
2584 5229 2762 5313 ξιησοῦ
2790 5230 3059 5313 Χριςξιτριῖιἒ
3073 5227 3290 5313 biiugo!
3459 5227 3741 5313 .Sixaptmv

2156 5301 2304 5371 apud
2333 5300 2816 5371 Chr‘ysostontum,
2844 5300 3012 5383 epist.
3038 5302 3125 5383 is.
3144 5300 3426 5383 Palladius
3456 5300 3738 5355 Lausiarc

2159 5385 2210 5424 c.
2238 5372 2381 5426 125:
2421 5373 2557 5426 ’Δπὸ
2597 5370 2846 5440 βρικιων.
2883 5369 2979 5427 Sic
3008 5373 3110 5440 legi
3139 5381 3295 5425 aiunt
3324 5387 3379 5425 tn
3412 5376 3611 5428 codice
3642 5369 3738 5424 Ye-

2159 5385 2210 5424 c.
2238 5385 2381 5426 tuo:
2423 5385 2557 5426 ’Λπο
2597 5385 2846 5443 βρικιων.
2883 5385 2979 5427 διε
3008 5385 3110 5442 tegi
3139 5385 3295 5425 aiunt
3324 5387 3379 5425 tn
3412 5385 3611 5428 coatce
3648 5385 3731 5424 \e-

2158 5450 2307 5498 neto.
2359 5443 2521 5505 Ἴσως
2567 5444 2676 5496 ἀπὸ
2720 5441 3007 5511 βικαρίων,
3061 5449 3123 5495 ιιι
3176 5442 3323 5510 apud
3392 5440 3731 5511 Heraclidem

2161 5511 2408 5567 Paradisi
2439 5528 2490 5567 ο.
2519 5513 2589 5568 ξὶο
2618 5529 2681 5567 ex
2713 5510 2956 5572 Vicariis.
2993 5512 3061 5568 de
3092 5512 3335 5566 vicariis.
3368 5512 3437 5566 ν.
3470 5514 3658 5580 Cujac.
3680 5510 3730 5564 ia

2160 5580 2356 5639 Paret.
2389 5583 2508 5638 end.
2558 5583 2637 5637 De
2663 5584 2758 5651 οη.
2802 5584 3007 5646 vicarii,
3049 5590 3101 5636 et
3153 5581 3215 5636 Η.
3265 5583 3473 5637 νειιιγλῖὶ
3503 5584 3731 5637 Adnota-

2163 5654 2342 5724 tienes
2392 5655 2457 5709 ad
2488 5654 2863 5724 Ammianum,
2929 5670 2982 5724 p.
3024 5654 3110 5709 Π.
3175 5652 3348 5724 Hnno
3377 5652 3723 5708 Theodorum

2162 5723 2444 5778 (iedrcnns
2478 5716 3135 5797 xouﬁmeuldpiev'vorat,
3167 5740 3219 5797 p.
3252 5716 3361 5779 4'39
3384 5728 3438 5776 la.
3473 5727 3636 5781 hac.
