3978 6212
285 259 419 326 1321

1095 256 1464 320 HISTORIA
1498 251 2077 316 ECCLESIASTICA
2112 252 2214 313 EX
2250 251 2734 314 THEOPHANE.

3381 256 3520 320 1322

352 378 512 430 Anno
539 373 752 444 imperii
799 370 1036 428 lleraclii
1062 371 1134 426 94
1159 369 1565 425 Alexandrinus
1594 367 1773 437 Cyrus
1800 373 1854 420 et
1881 370 1925 426 Α
1956 381 2094 429 sum,
2133 357 2406 436 inquiens,
2468 366 2638 438 Cyrus
2694 367 2936 427 inerittis.
2989 378 3046 420 ut
3114 368 3314 422 tributa
3372 370 3518 424 vobis

273 473 454 524 almus
491 467 838 538 Sepltronius
884 464 1414 533 Ilierosolymitauus
1443 462 1718 514 habentur
1764 473 1854 511 au-

280 563 506 619 tistites.
538 561 659 626 Quo
683 574 830 614 anno
860 557 1258 611 Abubaeltarus
1283 555 1532 613 moritur,
1579 552 1672 622 qui
1701 553 1856 620 prin-

275 657 498 723 cipatus
527 661 611 707 est
641 651 804 706 annis
845 649 1063 704 duobus
1097 659 1260 718 atque
1291 646 1547 706 diutidio,
1582 653 1638 698 et
1687 643 1854 697 sumit
1887 701 1891 705 ,

279 747 649 816 principatum
673 741 964 805 Hantarus,
1001 741 1092 810 qtti
1122 740 1365 794 destinat
1407 738 1708 792 exercitum
1754 737 1853 790 ad-

278 852 476 891 versus
515 833 799 895 Arabiam,
862 835 1123 902 capitque
1170 831 1362 886 nostra
1412 831 1691 884 civitatem
1747 843 1853 882 una

277 943 406 984 cum
437 927 562 982 aliis
606 924 949 979 civitatibus.
987 923 1226 977 Profecti
1273 929 1404 977 sunt
1460 933 1643 976 autem
1679 934 1855 989 usque

279 1020 550 1076 Gabetha.
613 1017 749 1071 Cnut
799 1015 887 1070 liis
931 1015 1131 1069 bellmn
1183 1029 1478 1085 aggressus
1527 1013 1854 1068 Theodorus

280 1110 636 1180 imperatoris
693 1106 928 1161 Hcraclii
961 1105 1130 1160 frater
1156 1107 1337 1160 victus
1361 1116 1466 1170 est,
1498 1112 1551 1159 et
1581 1106 1649 1158 ad
1682 1105 1855 1171 impe-

279 1211 520 1256 ratorem
557 1199 850 1256 Hedessam
899 1200 1065 1252 venit.
1119 1198 1221 1251 Ast
1279 1199 1580 1266 imperator
1636 1195 1856 1249 ordinat

280 1289 451 1345 alium
510 1300 794 1360 prtetorem
826 1291 1048 1343 nomine
1083 1286 1379 1351 Baltanem,
1408 1295 1461 1342 et
1501 1285 1851 1340 Theodorum

279 1382 628 1437 sacellarium
660 1397 784 1436 cum
813 1383 1014 1434 virtute
1047 1379 1304 1435 Romaica
1344 1387 1398 1432 et
1425 1380 1687 1432 adversus
1714 1376 1855 1428 Ara-

279 1478 380 1530 bes
435 1472 623 1528 mittit.
675 1472 921 1542 Cumque
971 1472 1211 1526 venisset
1275 1469 1509 1525 Emesan
1541 1511 1556 1535 ,
1614 1467 1856 1522 occurrit

281 1567 580 1622 multitudo
641 1564 1069 1628 Saracenorum,
1103 1564 1310 1633 quibus
1341 1563 1538 1618 occisis
1582 1578 1689 1616 una
1728 1575 1852 1616 cum

279 1675 346 1715 eo
383 1661 478 1729 qui
521 1657 927 1726 principabatur
963 1657 1016 1710 in
1048 1657 1151 1722 eis,
1201 1655 1443 1725 reliquos
1471 1655 1642 1725 abigit
1676 1669 1853 1724 usque

283 1749 636 1812 Damascum,
659 1757 712 1802 et
735 1748 847 1802 illic
887 1748 1045 1816 juxta
1077 1746 1472 1803 Bardanesium
1516 1746 1740 1802 ﬂuvium
1776 1747 1854 1801 la-

285 1843 472 1897 t.,bras
521 1841 690 1895 fovet.
742 1839 1030 1896 IIeraclius
1080 1850 1264 1894 autem
1307 1840 1466 1911 Syria
1503 1841 1764 1895 derelicta
1799 1839 1855 1894 in

283 1935 724 2002 desperationem
765 1948 951 1996 ruens,
979 1933 1213 1987 sublatis
1241 1947 1462 2003 quoque
1503 1933 1758 2000 pretiosis
1788 1933 1856 1985 li-

284 2029 407 2097 gnis
438 2025 506 2079 ab
544 2023 847 2080 Jerusalem
891 2023 1428 2094 Constantinopolim
1480 2025 1632 2078 abiit.
1684 2023 1858 2077 Baha-

287 2133 386 2170 nes
421 2125 601 2169 autem
636 2129 667 2166 a
705 2113 971 2168 Damasco
1013 2111 1320 2168 Hcmesiam
1371 2113 1513 2168 redit
1567 2127 1675 2167 una
1729 2128 1852 2166 cum

286 2207 579 2263 Theodoro
621 2206 934 2267 sacellario,
981 2221 1106 2260 cttm
1141 2205 1367 2261 haberet
1417 2207 1688 2262 exercitus
1716 2219 1857 2275 qna-

285 2300 535 2368 draginta
568 2300 766 2364 millia;
799 2309 854 2353 et
889 2298 1260 2368 insequuntur
1293 2299 1503 2353 Arabes
1533 2299 1603 2352 ab
1627 2296 1858 2353 IIemesa

287 2408 464 2462 usque
495 2389 846 2446 Damascum.

357 2483 520 2537 Anno
544 2498 673 2536 vero
707 2482 917 2552 imperii
975 2482 1311 2538 lleraclii25
1369 2481 1629 2539 Saraceni
1683 2483 1856 2538 aciem

285 2575 609 2629 direxerunt
637 2573 690 2628 in
722 2575 976 2628 Arabiam
1006 2585 1197 2628 contra
1221 2583 1406 2644 partes
1441 2573 1858 2640 Damasci,cum

286 2676 474 2722 essent
498 2667 866 2721 multitudinis
887 2666 1132 2721 inﬁnita.
1156 2666 1275 2732 Quo
1302 2666 1551 2721 Baltanes
1578 2675 1859 2734 comperto

287 2759 355 2812 ad
385 2760 720 2828 imperialem
767 2758 1113 2813 sacellarium
1173 2736 1362 2821 mittit,
1405 2766 1465 2810 ut
1497 2758 1704 2813 veniret
1732 2773 1857 2811 cum

285 2854 535 2908 exercitu
567 2867 668 2907 suo
701 2851 754 2904 in
787 2851 1052 2904 auxilium
1113 2851 1240 2914 sibi,
1289 2866 1413 2904 eum
1444 2851 1678 2920 plurima
1712 2858 1862 2906 esset

287 2948 532 2999 Arabum
567 2943 911 3014 copia.Venit
940 2958 1070 3014 ergo
1101 2942 1420 2996 sacellarius
1455 2943 1520 2996 ad
1541 2941 1816 2997 Baltancut
1843 2960 1858 3005 ;

1951 460 2235 526 praebeam,
2259 459 2348 513 sed
2378 475 2471 529 ego
2511 469 2751 514 armatus
2778 477 2913 513 sunt.
2949 461 3195 530 Cumque
3228 461 3318 515 isti
3349 463 3519 516 abiis-

1952 557 2097 614 sent,
2124 551 2413 606 confestim
2453 560 2739 605 armantur
2765 550 3022 606 Saraceni
3047 552 3317 606 adversus
3354 551 3524 623 Egy-

1953 649 2128 711 ptum,
2152 652 2206 695 et
2236 641 2487 697 Manuclo
2539 643 2681 698 bello
2725 644 2879 697 illato
2901 645 3058 698 .ltunc
3111 647 3359 716 abigunt.
3405 647 3525 718 Ipso

1953 749 2086 788 vero
2110 751 2234 789 cum
2264 736 2458 807 paucis
2487 736 2819 806 quibusdam
2857 738 3195 792 Alexandria:
3223 740 3408 794 salvus
3437 757 3528 794 rc-

1953 829 2174 898 cipitur.
2209 827 2364 883 Tunc
2405 828 2666 884 Saraceni
2703 828 2999 900 Aigyptum
3028 831 3132 884 sub
3165 832 3370 885 tributo
3403 833 3526 886 red-

1952 919 2235 974 diderunt.
2296 920 2398 976 Ast
2435 920 2730 989 imperator
2765 921 2965 974 auditis
3018 939 3139 991 qum
3173 933 3318 989 gesta
3369 933 3522 990 sunt,

1957 1013 2108 1068 misit
2135 1013 2335 1083 Cyrum
2368 1013 2436 1068 ad
2464 1016 2902 1083 persuadendum
2934 1017 3016 1069 eis
3043 1017 3110 1068 ab
3148 1016 3384 1087 AEgypto
3422 1021 3525 1072 sult

1957 1105 2125 1174 priori
2159 1106 2362 1174 placito
2395 1107 2703 1162 recedendi.
2735 1109 2798 1161 Et
2821 1101 3012 1163 abiens
3045 1110 3222 1180 Cyrus
3249 1110 3314 1161 ad
3340 1118 3522 1164 castra

1957 1197 2359 1251 Saracenorum
2393 1199 2658 1253 rationem
2705 1200 2906 1266 reddit,
2965 1217 3086 1256 esse
3140 1217 3198 1257 se
3232 1203 3525 1271 perhiliens

1959 1289 2424 1358 praevaricationis
2475 1292 2783 1350 innoxium.
2841 1301 2894 1346 et
2944 1294 2988 1347 si
3033 1293 3252 1358 vellent,
3289 1295 3523 1363 priorem

1956 1380 2310 1434 concordiam
2335 1381 2663 1450 juramentis
2695 1383 3114 1437 allirmaturum.
3144 1385 3312 1437 Porro
3359 1385 3526 1439 Sara-

1958 1472 2080 1526 ceni
2134 1473 2448 1527 nullatenus
2505 1474 2588 1527 liis
2639 1475 3051 1543 acquievcrtmt,
3107 1476 3352 1530 dicentes
3412 1480 3529 1547 cpi-

1957 1576 2123 1632 seopo
2153 1580 2166 1616 :
2204 1562 2356 1616 Potes
2397 1563 2533 1617 Itane
2579 1566 2864 1617 maximam
2895 1565 3194 1618 columnam
3227 1565 3478 1620 devorare
3501 1570 3529 1621 .’

1959 1653 2062 1720 Qui
2105 1657 2216 1708 ait:
2253 1653 2376 1708 Non
2421 1667 2587 1725 potest
2638 1656 2776 1724 ﬁeri.
2813 1657 2884 1710 At
2915 1657 2992 1710 illi
3029 1673 3042 1708 :
3080 1655 3190 1710 Nec
3227 1658 3400 1722 nobis,
3447 1662 3531 1713 in-

1959 1748 2178 1818 quiunt,
2207 1747 2458 1816 possibile
2484 1757 2560 1802 est
2582 1749 2805 1801 ulterius
2834 1748 2898 1801 ab
2923 1745 3157 1816 zEgypto
3193 1751 3454 1804 recedere.

2027 1839 2186 1894 Anno
2213 1840 2422 1909 imperii
2455 1839 2692 1894 lleraclii
2725 1839 2796 1893 26
2817 1840 2990 1894 aciem
3019 1841 3217 1894 direxit
3253 1841 3530 1898 llnmarns

1958 1941 2150 1984 contra
2175 1931 2544 1998 Palaestinam,
2583 1941 2637 1986 et
2668 1931 2928 1986 obsidens
2959 1940 3208 1987 sanetam
3249 1934 3528 1987 civitatem

1961 2023 2166 2078 biennii
2229 2031 2477 2094 tempore
2517 2025 2665 2092 cepit
2727 2038 2848 2079 eam
2911 2025 3100 2080 verbo.
3184 2025 3531 2094 SOphronius

1959 2130 2214 2186 namque,
2248 2112 2780 2186 Hierosolymitanus
2819 2131 3070 2171 summus
3097 2117 3377 2180 sacerdos,
3411 2134 3534 2173 ver-

1959 2207 2088 2262 bum
2144 2207 2352 2274 accepit
2417 2207 2485 2261 ad
2543 2210 2713 2262 totius
2772 2206 3080 2263 Palaestina:
3152 2212 3528 2268 securitatem.

1959 2299 2208 2368 Cumque
2261 2299 2537 2355 lIumarns
2588 2301 2642 2353 in
2701 2308 2950 2354 sanctam
3000 2300 3198 2356 fuisset
3251 2303 3529 2358 civitatem

1959 2391 2266 2463 ingressus,
2317 2392 2560 2448 cilicinis
2619 2408 2685 2446 ex
2735 2395 2960 2448 camelis
3003 2405 3055 2447 et
3086 2394 3327 2448 sordidis
3363 2395 3529 2450 indu-

1961 2484 2164 2538 mentis
2231 2483 2506 2548 amictus,
2600 2483 3121 2556 simulationemque
3211 2485 3530 2540 Satanicam

1959 2582 2264 2639 ostentans,
2325 2574 2592 2644 templum
2653 2575 2940 2644 requisivit
2992 2573 3326 2641 Iudaeorum,
3384 2577 3533 2646 quod

1961 2672 2348 2721 construxerat
2396 2664 2675 2728 Salomon,
2733 2665 2800 2717 ad
2852 2665 3162 2718 iaciendum
3206 2666 3416 2720 scilicet
3480 2666 3534 2720 id

1961 2755 2316 2826 blasphemia:
2356 2770 2469 2808 sua:
2509 2754 2906 2810 adoratorium.
2951 2754 3066 2810 Hoc
3108 2757 3398 2811 advertens
3435 2755 3538 2812 So-

1963 2846 2229 2918 phronius
2256 2847 2331 2898 ait
2359 2863 2372 2900 :
2410 2844 2476 2898 In
2506 2847 2724 2900 reritate
2747 2846 2882 2900 illud
2915 2856 2994 2900 est
3026 2845 3353 2901 abominatio
3382 2848 3536 2902 deso-

1965 2939 2204 3001 latiom’s,
2255 2954 2371 3006 quia
2421 2938 2570 2990 dicta
2611 2947 2689 2990 est
2730 2953 2824 3001 per
2883 2937 3156 2991 Danielem
3199 2942 3532 3006 prophetam,

287 3040 384 3107 qui
441 3035 664 3104 profecti
714 3034 781 3087 ab
838 3033 1067 3086 llemesa
1123 3041 1432 3086 occurrunt
1464 3031 1759 3086 Arabibus.
1796 3030 1862 3084 Et
1892 3048 1932 3102 ο
1966 3042 2119 3084 stans
2148 3028 2343 3083 inloco
2369 3040 2582 3088 sancto.
2608 3028 2906 3098 multisque
2935 3029 3192 3100 laerymis
3229 3031 3314 3086 hic.
3363 3031 3538 3100 pieta-

289 3129 535 3184 consilio
594 3131 738 3182 iacto
765 3127 938 3196 prima
969 3126 1076 3186 die,
1124 3139 1248 3194 qua‘.
1280 3125 1437 3180 tertia
1491 3123 1624 3178 feria
1659 3123 1854 3177 hebdo-

292 3220 473 3273 madis
511 3227 649 3279 erat,
684 3217 893 3272 mensis
919 3214 1011 3268 Loi
1039 3215 1126 3268 die
1167 3216 1422 3284 vigesima
1461 3215 1642 3278 tertia,
1693 3228 1860 3283 supe-

290 3318 491 3363 rantur
542 3309 592 3362 lt't
635 3310 727 3377 qui
775 3310 924 3361 circa
965 3307 1313 3360 sacellarium
1348 3315 1477 3360 sunt
1507 3307 1731 3359 inventi.
1773 3305 1861 3358 Si-

294 3401 524 3454 mnltate
584 3411 764 3452 autem
829 3400 990 3460 facta,
1026 3399 1078 3451 lti
1128 3399 1220 3467 qtti
1271 3413 1395 3452 cum
1442 3396 1659 3451 Baltaue
1704 3405 1864 3450 erant

293 3492 579 3546 Bahanum
647 3493 954 3558 provehunt
1010 3490 1395 3557 imperatorem
1452 3498 1506 3543 et
1553 3487 1860 3542 lleraclium

295 3591 590 3652 respuunt.
622 3582 775 3635 Tunc
820 3581 871 3634 lti
900 3581 993 3650 qui
1024 3595 1150 3633 cuttt
1180 3580 1471 3634 sacellario
1499 3579 1717 3633 fuerant
1751 3579 1868 3634 dis-

289 3683 607 3739 ceSserunt,
630 3683 683 3728 ct
712 3674 970 3726 Saraceni
997 3673 1146 3724 aditu
1175 3681 1394 3740 reperto
1424 3671 1622 3725 bellum
1650 3671 1862 3724 ineunt.

293 3768 445 3822 Inter
497 3768 610 3822 lucc
664 3775 824 3820 vento
875 3774 1007 3818 noto
1047 3773 1239 3818 contra
1277 3764 1550 3818 llomanos
1597 3762 1863 3832 spirante,

293 3876 408 3916 non
441 3861 685 3916 valentes
722 3859 960 3913 inimicis
1016 3857 1067 3911 in
1115 3857 1252 3910 facie
1299 3871 1589 3910 occurrere
1646 3861 1870 3924 propter

294 3955 602 4024 pulverem.
632 3963 981 4021 separantur.
1012 3958 1066 4004 et
1099 3957 1275 4004 semet
1315 3949 1464 4018 ipsos
1513 3948 1870 4001 immittentes

292 4047 352 4102 in
384 4056 532 4100 artas
571 4045 690 4099 vias
749 4041 1151 4099 Ilicrmuclitltti
1210 4041 1450 4095 ﬂuminis
1495 4033 1604 4093 illic
1655 4038 1871 4106 penitus

294 4141 604 4210 perierunt.
646 4138 816 4192 Erant
864 4146 1041 4189 autem
1077 4135 1364 4204 utriusque
1419 4133 1666 4202 prmtoris
1699 4131 1868 4185 millia

290 4230 679 4302 quadraginta.
713 4227 869 4281 Tunc
904 4228 1162 4281 Saraceni
1197 4226 1480 4294 Splendide
1528 4224 1862 4293 triumphan-

291 4336 383 4377 tes
413 4329 604 4375 contra
635 4319 960 4372 Damascum
1001 4318 1251 4380 veniunt,
1281 4326 1336 4370 et
1385 4317 1526 4369 hanc
1556 4329 1616 4367 ca
1629 4315 1781 4384 piunt
1814 4323 1868 4369 et

293 4413 554 4480 regiones
586 4410 885 4468 Phoenicis.
938 4418 991 4463 et
1023 4409 1275 4462 habitant
1306 4407 1440 4470 illic,
1495 4415 1550 4459 et
1589 4406 1642 4460 in
1699 4403 1869 4476 Egy-

293 4520 454 4578 ptum
485 4507 657 4560 aciem
712 4505 976 4574 dirigunt.
1036 4501 1213 4573 Cyrus
1245 4509 1425 4555 autem
1458 4499 1870 4554 Alexandrinus

289 4601 612 4669 episcopus,
642 4613 766 4650 cum
799 4598 993 4648 horum
1036 4596 1295 4663 impetum
1341 4593 1710 4662 cognovisset,
1743 4607 1874 4661 ope-

295 4707 418 4746 ram
452 4691 623 4754 dedit,
679 4700 730 4743 et
781 4688 958 4757 pactis
1013 4687 1242 4740 ﬁrmatis
1306 4685 1617 4754 pollicetur,
1671 4683 1872 4738 timens

295 4783 593 4838 avaritiam
647 4797 860 4838 eorum.
905 4780 1144 4832 ducenta
1176 4777 1344 4829 ntillia
1388 4775 1735 4829 deuariorunt
1780 4789 1873 4842 per

294 4875 552 4942 singulos
603 4887 780 4926 annos
817 4872 1144 4924 collaturum
1196 4866 1304 4919 illis
1343 4863 1660 4934 Egyptmn,
1695 4864 1787 4917 scd
1819 4871 1875 4917 et

297 4965 662 5023 diﬁinitarutn
684 4963 764 5017 eis
799 4960 1141 5015 induciarum
1172 4959 1287 5012 fore
1319 4972 1514 5009 aurum
1540 4956 1872 5018 missurum;

295 5058 508 5130 quibus
523 5055 790 5127 praestitis
821 5069 917 5122 per
953 5060 1065 5104 tres
1097 5064 1275 5102 annos
1305 5045 1600 5116 Aﬂgyptum
1646 5047 1872 5100 liberam

297 5152 376 5206 ab
395 5149 724 5204 exterminio
742 5145 958 5202 statuit.
976 5143 1286 5198 Accusatur
1305 5140 1513 5194 interea
1536 5138 1711 5209 Cyrus
1731 5137 1876 5206 apud

301 5244 724 5310 imperatorem,
755 5235 900 5306 quod
926 5249 1122 5288 aurum
1175 5230 1398 5303 (Egypti
1453 5231 1747 5284 Saracenis
1781 5229 1881 5282 tri-

300 5336 522 5394 buerit;
551 5333 643 5402 qui
677 5345 802 5386 cum
837 5329 1010 5383 iratus
1061 5326 1323 5387 misisset,
1372 5323 1518 5377 hunc
1553 5321 1877 5386 acccrsivt,

301 5426 620 5481 Manuelum
669 5432 849 5478 autem
899 5419 1230 5492 quemdam,
1286 5418 1605 5470 Armenium
1657 5429 1877 5484 genere,

300 5518 550 5575 destinat
569 5516 949 5586 Augustalem.
973 5513 1109 5566 Ctnn
1132 5520 1314 5564 autem
1343 5522 1523 5562 anuus
1547 5505 1878 5574 aditnpletua

297 5617 478 5673 esset,
527 5607 927 5662 Saracenorum
978 5610 1196 5656 actores
1239 5605 1505 5654 venerunt
1545 5611 1740 5650 aurum
1785 5610 1879 5650 ac-

299 5705 514 5776 cipere.
562 5701 663 5754 Ast
714 5696 926 5751 Mannel
961 5695 1268 5750 iuclIicaecs
1318 5709 1412 5749 eos
1444 5690 1664 5759 expellit
1699 5705 1713 5740 :
1754 5689 1872 5742 Non

593 5795 860 5853 Parum.
905 5791 1020 5847 (in.
1055 5789 1272 5848 CVIII.

1967 3119 2037 3172 tis
2067 3125 2438 3189 propugnator
2459 3116 2833 3174 Christianam
2867 3117 3100 3174 deﬂebat
3132 3122 3366 3191 plebem.
3398 3121 3532 3176 Dum

1965 3223 2093 3263 vero
2127 3208 2238 3261 illic
2269 3207 2547 3264 Humarus
2591 3217 2759 3273 esset,
2804 3211 3016 3281 rogavit
3066 3228 3190 3267 eum
3240 3214 3536 3283 episcopus

1965 3301 2215 3368 accipere
2254 3314 2284 3352 a
2315 3315 2376 3354 se
2412 3300 2700 3356 sindonem
2736 3316 2858 3355 cum
2906 3303 3222 3356 imlumento
3268 3311 3321 3357 et
3359 3304 3535 3359 indui.

1963 3391 2034 3445 At
2065 3392 2155 3446 ille
2177 3408 2285 3446 non
2311 3391 2626 3462 patiebatur
2648 3407 2710 3446 ea
2735 3403 2974 3463 portare.
3017 3392 3115 3447 Vix
3144 3409 3276 3462 ergo
3302 3410 3532 3464 persua-

1965 3485 2037 3540 sit
2082 3485 2166 3539 liis
2218 3485 2430 3548 vestiri,
2472 3485 2648 3539 donec
2697 3500 2797 3539 sua
2852 3485 3188 3550 lavarentur,
3235 3495 3288 3538 et
3339 3488 3535 3540 iterum

1967 3577 2146 3631 rcddit
2179 3592 2242 3630 ea
2280 3575 2613 3644 SOphronio,
2649 3583 2702 3628 et
2745 3576 2978 3630 vestitus
3007 3585 3092 3630 est
3145 3577 3402 3646 propriis.
3442 3579 3542 3632 Ve-

1969 3683 2088 3721 rum
2114 3669 2256 3720 inter
2291 3667 2405 3720 ltzec
2435 3665 2783 3735 Sophrouius
2824 3666 2982 3729 obiit,
3015 3665 3107 3733 qui
3136 3669 3302 3718 verbo
3329 3674 3382 3719 et
3412 3675 3539 3720 actu

1971 3759 2524 3828 Hierosolymitanam
2575 3757 2864 3810 adornavit
2907 3757 3218 3816 ecclesiam,
3263 3765 3318 3810 et
3347 3769 3540 3811 contra

1971 3848 2204 3902 lleraclii
2246 3854 2294 3900 et
2346 3845 2622 3900 fautorum
2654 3845 2775 3912 ejus
2822 3844 3330 3906 mouotltelitarmn,
3363 3845 3536 3914 Sergii

1972 3938 2181 3992 scilicet
2205 3948 2260 3992 et
2295 3936 2515 4008 Pyrrhi,
2561 3936 2862 3990 decertavit
2910 3951 3175 3990 errorem.
3231 3936 3542 4006 Eodemque

1972 4044 2116 4083 anno
2143 4029 2291 4084 misit
2317 4028 2522 4082 Ilumar
2550 4026 2784 4080 Iliadum
2839 4028 2890 4080 in
2925 4026 3161 4097 Syriam,
3209 4039 3262 4081 et
3324 4029 3543 4098 snhcgit

1973 4129 2140 4176 totam
2173 4121 2384 4192 Syriam
2419 4118 2730 4174 Saracenis.

2041 4211 2200 4264 Anno
2236 4209 2450 4280 imperii
2485 4207 2718 4262 Heraclii
2745 4206 2814 4261 27
2863 4207 3010 4262 venit
3059 4204 3302 4262 Joannes
3337 4224 3542 4277 cogno-

1978 4311 2162 4358 mento
2197 4303 2392 4357 Cateas
2443 4313 2769 4372 procurator
2821 4303 3080 4356 Osroena:
3118 4301 3184 4356 ad
3223 4301 3358 4356 Iliad
3395 4302 3538 4370 apud

1984 4395 2318 4458 Chalcidem.
2367 4405 2421 4449 et
2451 4395 2864 4464 spoponderunt
2897 4394 2944 4448 ei
2995 4394 3126 4448 dare
3161 4409 3259 4461 per
3295 4395 3544 4461 singulos

1979 4503 2153 4542 annos
2205 4498 2424 4542 centum
2479 4487 2649 4540 millia
2694 4487 3112 4552 numismatum,
3158 4502 3226 4539 ne
3281 4485 3546 4539 transiret

1979 4580 2333 4649 Euphratem,
2367 4595 2542 4649 neque
2572 4579 2636 4632 ad
2672 4594 2859 4647 pacem
2903 4593 3080 4648 neque
3121 4578 3186 4631 ad
3219 4579 3417 4632 bellum
3454 4593 3547 4629 ar-

1979 4683 2190 4735 matus,
2257 4688 2546 4742 quousque
2601 4672 2966 4740 quantitatem
3026 4670 3147 4724 auri
3206 4671 3543 4738 persolvant.

1977 4767 2245 4822 Praeterea
2294 4767 2534 4820 Joannes
2591 4763 2884 4819 Iledessam
2935 4763 3119 4826 rediit,
3187 4771 3243 4818 et
3297 4780 3541 4818 annuum

1977 4876 2204 4915 censum
2235 4859 2474 4913 delatum
2523 4858 2590 4913 ad
2636 4856 2867 4912 Iliadum
2895 4857 3224 4912 transmisit.
3256 4856 3547 4913 lleraclius

1978 4962 2156 5005 autem
2193 4952 2296 5004 hoc
2340 4950 2531 5003 audito
2595 4948 2895 5003 obnoxium
2946 4949 3216 5019 judicavit
3252 4947 3543 5010 Joannem,

1979 5043 2124 5114 quod
2154 5045 2360 5112 absque
2389 5041 2658 5111 imperiali
2709 5042 2812 5094 hoc
2853 5039 3045 5095 l‘ecerit
3091 5041 3348 5105 notione;
3382 5057 3544 5108 quem

1981 5135 2311 5190 accersitum
2378 5133 2574 5187 evsilio
2617 5132 3029 5187 condemnavit.
3092 5131 3264 5185 Porro
3317 5147 3416 5198 pro
3481 5147 3548 5179 eo

1979 5230 2218 5284 destinat
2245 5225 2596 5282 Ptolomaeum
2617 5225 2910 5296 quemdam
2934 5225 3257 5293 magistrum
3290 5223 3548 5274 militttm.

2053 5321 2211 5373 Anno
2241 5318 2456 5386 imperii
2495 5315 2729 5372 lleraclii
2763 5314 2834 5369 28
2867 5321 3132 5384 ceperunt
3174 5312 3380 5366 Arabes
3439 5313 3550 5362 An.

1983 5411 2265 5470 tiocltiam,
2303 5419 2358 5462 et
2391 5408 2595 5462 missus
2627 5415 2714 5460 est
2745 5404 2996 5458 Matthias
3029 5403 3098 5457 ab
3124 5400 3368 5455 Ilumaro
3415 5416 3550 5470 prae-

1985 5513 2070 5556 tur
2107 5513 2158 5557 et
2200 5515 2416 5555 ameras
2442 5500 2612 5552 totius
2642 5494 2905 5564 regionis,
2963 5511 3083 5564 qua:
3116 5495 3219 5550 sul)
3258 5491 3550 5547 Saracenis

1985 5605 2125 5660 erat,
2157 5593 2226 5648 ab
2256 5590 2493 5661 [Egyptu
2521 5589 2772 5643 videlicet
2807 5601 2982 5655 usque
3007 5587 3072 5639 ad
3127 5584 3477 5655 Euphratem.

2052 5691 2208 5742 Auno
2241 5702 2366 5740 vero
2401 5683 2614 5754 imperii
2668 5680 2901 5736 lleraclii
2930 5679 3000 5733 ΞΩ
3045 5677 3398 5733 transmcavit
3452 5677 3553 5733 lai-

3001 5773 3074 5836 Η
