3978 6212
439 242 583 306 1323

1626 236 2027 297 ANASTASII
2063 235 2686 295 BlBLlOTlIECARI-I

3585 229 3696 292 1331

444 356 550 409 dus
617 365 742 405 cum
783 347 932 403 omni
999 345 1190 401 militia
1218 358 1318 400 sua
1352 344 1686 415 Euphratem
1714 387 1730 411 ,
1787 328 1841 400 Et
1883 346 2099 408 venitA
2124 344 2394 399 aediﬁcare
2434 345 2693 412 templum
2749 341 2803 394 iu
2851 339 3201 403 Jerusalem;
3257 347 3317 395 et
3359 354 3474 394 non
3508 347 3688 402 stabat.

445 445 764 499 lledessatn.
793 438 1092 495 liedesseui
1131 446 1315 492 autem
1340 437 1650 506 aperientes
1681 446 2017 508 acceperunt

444 538 666 591 verbum
699 547 806 585 una
833 547 957 585 cum
995 530 1220 599 regione
1252 529 1628 599 magistroque
1657 529 1896 584 militum
1951 544 2015 584 ac

444 626 736 687 Romanis,
767 624 860 694 qui
905 638 1029 676 cum
1062 623 1181 691 ipso
1215 631 1394 675 erant.
1429 622 1498 674 At
1524 621 1602 674 illi
1631 619 2013 677 Constantiam

442 721 680 779 abeunt,
716 715 1224 785 depopulantesqne
1274 715 1420 764 illam
1455 714 1732 784 accipiunt
1769 714 1932 778 bello,
1962 720 2017 766 et

443 818 719 864 trecentos
749 807 1028 861 Romanos
1080 807 1455 860 interimunt:
1498 813 1552 858 et
1617 805 1766 859 illinc
1837 807 2018 860 abiere

443 900 621 963 Dalas,
655 906 710 953 et
734 897 876 952 bello
901 896 1041 950 hanc
1075 895 1576 964 comprehendunt,
1602 906 1656 949 et
1695 896 1747 950 in
1779 896 1868 950 illa
1897 897 2018 966 plu-

438 993 608 1046 rimos
653 990 898 1060 .pcrdunt
933 1028 946 1052 ,
1001 989 1289 1058 taliterque
1350 995 1518 1041 totam
1571 987 2014 1059 Mesopotamiam

439 1079 670 1136 Jahidns
703 1080 867 1149 cepit.

510 1174 667 1227 Anno
702 1172 912 1242 imperii
949 1169 1182 1224 llcraclii
1211 1169 1280 1224 30
1304 1168 1564 1225 Saraceni
1597 1169 1767 1224 aciem
1793 1168 2013 1225 direxe-

441 1273 567 1317 runt
599 1266 651 1315 in
697 1259 997 1324 Persidem,
1029 1269 1084 1314 ct
1114 1262 1304 1314 ineunt
1342 1275 1465 1313 cum
1490 1261 1570 1315 eis
1635 1261 1857 1325 bellutn,
1915 1276 2014 1330 po-

431 1364 727 1422 tenterque
783 1353 1064 1406 vincentes
1111 1366 1301 1406 omnes
1353 1351 1458 1406 sibi
1511 1351 1705 1408 Persas
1759 1352 2014 1409 subditos

441 1445 697 1499 reddunt.
727 1442 1051 1498 llormisdas
1095 1451 1274 1496 autem
1295 1483 1310 1508 ,
1335 1444 1425 1512 qui
1458 1441 1644 1498 Persis
1679 1443 2010 1512 imperabat,

437 1537 504 1591 ad
532 1537 825 1591 interiores
856 1534 1055 1590 Persas
1116 1533 1246 1602 luga
1301 1536 1486 1605 lapsus
1543 1535 1754 1591 dimisit
1786 1537 2010 1607 regalia.

435 1631 503 1680 At
541 1643 671 1682 vero
735 1627 999 1681 Saraceni
1030 1627 1277 1695 captivas
1307 1626 1513 1682 duxere
1557 1626 1825 1684 Chosrois
1871 1627 2011 1684 ﬁlias

429 1735 560 1772 cum
592 1719 742 1772 omni
769 1720 919 1787 regio
952 1730 1243 1788 apparatu,
1269 1727 1323 1772 et
1361 1717 1676 1773 detulerunt
1713 1719 1780 1774 ad
1809 1718 2012 1774 Huma-

432 1821 578 1864 rmn.
622 1809 936 1880 Eodemque
982 1825 1130 1865 anno
1203 1809 1374 1878 jussit
1442 1808 1649 1864 Humar
1690 1812 2008 1867 universum

435 1902 675 1956 describi
706 1902 922 1965 orbem,
965 1901 1060 1970 qui
1093 1903 1196 1955 sub
1229 1903 1349 1970 ipso
1375 1911 1513 1956 erat.
1559 1900 1727 1955 Facta
1771 1911 1860 1958 est
1910 1916 2011 1956 au-

435 2002 540 2046 tem
576 1993 875 2062 descriptio
909 2000 1017 2045 tam
1048 1993 1334 2048 hominum
1360 2008 1524 2064 quam
1552 1992 1928 2059 jumentorum
1955 2001 2011 2048 et

436 2084 679 2152 frugum.

506 2179 663 2229 Anno
695 2175 910 2246 imperii
940 2174 1025 2230 sui
1055 2174 1118 2229 3i
1159 2174 1448 2230 lleraclius
1499 2176 1734 2230 moritur
1772 2175 2011 2246 impera-

435 2277 523 2322 tor
553 2267 888 2338 hydropicus
923 2266 1124 2332 lactus,
1151 2281 1276 2321 cum
1331 2267 1660 2337 imperasset
1701 2268 1861 2326 anuis
1912 2269 2014 2326 tri-

433 2361 609 2415 cenis.

502 2451 740 2521 Imperat
789 2459 970 2505 autem
1020 2465 1145 2521 post
1212 2465 1344 2505 eum
1387 2449 1792 2507 Constantinus
1863 2451 2010 2508 illius

433 2541 554 2610 ejus
579 2543 863 2596 mensibus
895 2551 1137 2611 quatuor
1168 2582 1184 2607 ,
1248 2557 1572 2611 venenoque
1622 2544 1945 2613 propinatus
1979 2560 2008 2599 a

437 2631 668 2686 Martiua
700 2647 933 2686 noverca
961 2647 1062 2685 sua
1091 2642 1147 2685 et
1169 2631 1380 2700 Pyrrho
1410 2635 1722 2702 patriarcha
1753 2637 2009 2701 moritur,

433 2733 488 2779 rt
521 2725 750 2792 imperat
799 2722 1132 2778 llcraclonas
1192 2721 1439 2780 Martium
1481 2725 1624 2780 illius
1654 2741 1779 2780 cum
1836 2735 2011 2783 matre

435 2816 692 2873 Martina.

503 2913 663 2966 Anno
695 2910 913 2983 imperii
958 2909 1277 2969 lleraclonte
1315 2913 1499 2983 primo
1555 2916 1702 2986 capit
1761 2915 2009 2973 Mauhias

2122 437 2216 492 sed
2247 436 2440 490 ruebat
2467 442 2766 490 structura.
2799 431 3114 487 Sciscitanti
3143 440 3334 485 autem
3370 432 3424 486 ei
3471 448 3700 494 causam.

2119 528 2306 582 dixere
2332 525 2506 581 Judzci
2556 525 2683 594 quin
2738 523 2842 579 nisi
2879 539 3036 588 crux,
3071 538 3193 592 qua:
3224 532 3316 578 est
3368 538 3546 592 supra
3579 534 3699 579 tem-

2115 621 2263 690 plum
2305 619 2508 674 montis
2527 617 2824 680 Olivarum,
2863 616 3106 679 tollatur,
3163 614 3314 670 haud
3360 617 3545 670 stabit
3577 627 3706 673 strn-

2123 721 2298 763 ct-ura.
2338 708 2400 761 Et
2441 715 2663 777 propter
2708 705 2849 760 hanc
2905 720 3125 760 causam
3166 705 3398 761 sublata
3444 715 3538 761 est
3587 723 3707 765 crus

2121 801 2293 862 illinc,
2322 810 2374 856 ct
2410 802 2483 854 ita
2515 799 2767 855 constitit
2793 797 2904 852 illic
2931 796 3246 853 aedilicium.
3285 798 3539 870 Propter
3583 803 3707 857 hanc

2120 895 2285 948 etiam
2319 907 2545 947 causam
2608 893 2811 946 multas
2860 903 3055 944 cruces
3087 889 3485 960 deposuerunt
3535 894 3590 948 hi
3625 896 3708 964 qui

2122 987 2350 1040 oderant
2381 985 2692 1039 Christum.

2189 1079 2346 1132 Auno
2419 1075 2632 1145 imperii
2712 1073 3037 1129 Constantis
3136 1074 3301 1128 tertio
3379 1076 3708 1132 seditionem

2121 1170 2382 1224 excitavit
2439 1167 2861 1223 Valentinianus
2907 1166 3192 1235 patricius,
3221 1167 3570 1237 mittensque
3613 1170 3710 1222 im-

2119 1271 2338 1329 perator
2385 1261 2532 1314 hunc
2572 1256 2798 1322 occidit,
2825 1264 2880 1310 et
2922 1256 3184 1326 populum
3230 1258 3299 1310 ad
3346 1260 3433 1311 sui
3491 1260 3707 1313 reduxit

2115 1351 2570 1407 benevolentiam.
2605 1349 2918 1418 Eodemque
2937 1363 3083 1403 anno
3125 1347 3322 1405 Petrus
3351 1351 3702 1406 Alexandria.-

2116 1445 2349 1500 habetur
2395 1444 2646 1499 antistes.

2194 1543 2356 1597 Anno
2384 1541 2600 1611 imperii
2643 1540 2960 1596 Constantis
2987 1549 3188 1610 quarto
3233 1539 3433 1595 fraude
3484 1545 3695 1597 occisus

2115 1642 2202 1688 est
2247 1631 2456 1687 Humar
2516 1630 2918 1686 Saracenorum
2973 1632 3084 1686 dux
3143 1646 3173 1684 a
3236 1631 3483 1700 quodam
3537 1632 3696 1686 Persa

2116 1724 2380 1795 magarita
2415 1741 2428 1776 :
2479 1724 2716 1794 denique
2748 1725 3028 1778 inventum
3070 1738 3193 1777 cum
3216 1723 3506 1788 adoraret,
3533 1740 3704 1794 pupa-

2111 1816 2192 1885 git
2217 1830 2341 1870 curn
2366 1815 2420 1868 in
2452 1822 2643 1870 ventre
2669 1814 2850 1885 gladio
2878 1815 3072 1878 inﬁxo,
3104 1824 3159 1869 ct
3188 1817 3270 1868 sic
3300 1816 3493 1870 vivere
3521 1818 3704 1878 desiit.

2106 1924 2235 1963 cum
2272 1908 2475 1966 amiras
2515 1909 2712 1964 luisset
2743 1908 2904 1962 annis
2939 1907 3041 1975 12;
3074 1917 3128 1962 et
3155 1921 3271 1977 poSI
3293 1924 3423 1962 eum
3441 1911 3708 1964 statuitur

2112 1998 2383 2054 Huthman
2414 2000 2579 2067 hujus
2617 2009 2908 2070 cognatus,
2951 2000 3096 2054 ﬁlius
3126 1998 3380 2069 Tnphan.

2182 2093 2343 2146 Anno
2377 2091 2590 2161 imperii
2617 2091 2942 2146 Constantis
2995 2091 3192 2158 quinto
3242 2089 3533 2146 Huthman
3567 2093 3706 2145 Ara-

2109 2182 2238 2237 bum
2288 2183 2540 2252 princeps
2595 2183 2847 2248 habetur,
2899 2191 2954 2236 et
3019 2182 3360 2236 simultatem
3396 2185 3700 2238 concinnat

2106 2273 2404 2345 Gregorius
2433 2275 2702 2344 patricius
2737 2275 2935 2328 Africa:
2971 2288 3076 2328 una
3107 2290 3232 2329 cum
3265 2274 3450 2330 Afris.

2179 2366 2338 2420 Anno
2367 2364 2579 2435 imperii
2611 2363 2935 2419 Constantis
2975 2372 3130 2420 sexto
3159 2363 3346 2420 lactus
3375 2367 3537 2421 estin
3559 2376 3700 2422 terra

2113 2465 2314 2511 ventus
2346 2441 2660 2517 vehemens,
2715 2452 2810 2523 qui
2847 2453 3017 2508 multa
3065 2453 3318 2522 germina
3349 2455 3561 2508 evulsit
3617 2468 3704 2507 ar-

2112 2549 2383 2618 boresque
2417 2547 2668 2618 ingentes
2696 2547 2956 2602 radicitus
2984 2546 3338 2614 exstirpavit,
3357 2555 3526 2616 atque
3558 2547 3701 2601 mul-

2114 2651 2199 2695 tos
2231 2641 2669 2694 columnatorum
2698 2637 2950 2709 deposuit
2986 2639 3404 2693 monachorum.

2188 2729 2390 2785 Eodem
2423 2745 2555 2785 vero
2607 2744 2751 2783 anno
2795 2728 3058 2784 Saraceni
3109 2729 3386 2784 hostiliter
3441 2728 3705 2784 Africani

2108 2818 2381 2882 adierunt,
2411 2828 2467 2874 et
2509 2817 2763 2874 conﬂictu
2810 2819 3013 2888 agitato
3068 2819 3337 2873 adversus
3392 2826 3702 2890 tyrannum

2105 2907 2428 2978 Gregorium
2456 2909 2602 2965 hunc
2634 2911 2688 2964 in
2719 2908 2898 2978 fugam
2928 2919 3172 2971 vertunt,
3213 2918 3268 2962 et
3300 2923 3398 2964 eos
3427 2910 3522 2978 qui
3571 2925 3700 2963 cum

431 3004 739 3061 Caesaream
774 3005 1076 3060 Palaestinae
1117 3019 1242 3077 post
1300 3009 1648 3078 septennium
1699 3009 2008 3066 obsidionis
2034 3031 2079 3094 ρ
2112 3003 2232 3072 ipso
2263 3013 2420 3057 erant
2465 3004 2807 3089 interimunt,
2857 3012 2912 3056 et
2942 3002 3087 3056 hunc
3117 3007 3187 3056 ab
3213 3003 3402 3057 Africa
3465 3005 3703 3071 pellunt.

433 3095 575 3164 ejus,
608 3105 661 3149 et
686 3095 886 3149 occidit
921 3095 977 3148 in
1041 3109 1106 3149 ea
1148 3103 1356 3164 septem
1411 3096 1579 3150 millia
1608 3093 2010 3152 Romanorum.

435 3183 638 3241 Eodem
671 3201 817 3239 anno
841 3195 1067 3241 senatus
1103 3187 1306 3256 repulit
1344 3185 1708 3240 lleraclonam
1732 3203 1838 3240 una
1883 3202 2008 3241 cum

437 3277 668 3330 Martius
708 3283 881 3328 matre
908 3275 1058 3330 illius
1089 3291 1153 3329 ac
1212 3275 1520 3336 Valentino,
1556 3276 1737 3346 lingua
1769 3276 2012 3332 Mat-tina:

431 3375 484 3419 et
513 3380 648 3418 ttaso
700 3364 1019 3418 lleraclonte
1065 3365 1359 3430 abscissis;
1421 3366 1614 3435 eisque
1666 3367 1720 3420 in
1751 3369 2006 3424 exsilium

432 3453 722 3507 destinatis
801 3453 869 3506 ad
954 3453 1317 3524 principatum
1391 3455 1744 3511 Constantem
1837 3460 2007 3512 lilium

437 3545 810 3609 Constantini,
865 3554 1118 3615 nepotem
1181 3544 1449 3612 Heraclii,
1517 3550 1846 3618 provehunt,
1914 3552 2008 3620 qui

430 3639 720 3708 imperavit
773 3638 931 3693 annis
985 3637 1075 3694 27.
1105 3638 1250 3694 Sane
1305 3637 1517 3708 Pyrrho
1565 3642 1635 3695 ab
1688 3643 2010 3711 cpiacOpatu

431 3730 664 3798 deiecto,
705 3739 1066 3786 consecratus
1105 3740 1190 3786 est
1238 3729 1442 3786 Paulus
1497 3731 2005 3802 Constantinopoli-

431 3835 595 3882 tanus
629 3829 944 3896 cpiscopus,
1001 3829 1094 3897 qui
1133 3829 1419 3899 presbyter
1449 3827 1626 3884 fuerat
1665 3841 1714 3883 et
1774 3845 2003 3885 (Econo-

431 3933 552 3972 mus
607 3918 876 3982 ecclesiae,
929 3919 1133 3987 qtique
1200 3919 1376 3972 tenuit
1465 3921 1840 3988 episcopatum
1908 3935 2005 3974 au-

432 4012 518 4065 nis
547 4009 634 4064 12.

504 4103 696 4156 Mundi
747 4115 890 4156 anno
949 4103 1126 4169 61⁸55,
1187 4101 1386 4157 divinae
1443 4102 1843 4160 incarnationis
1901 4120 2002 4158 an-

437 4210 512 4250 no
537 4196 662 4258 635.
707 4211 852 4250 anno
906 4212 1035 4250 vero
1093 4196 1308 4265 imperii
1349 4196 1434 4251 sui
1471 4197 1670 4266 primo,
1702 4212 1826 4250 cum
1857 4197 2002 4252 vidc-

379 4354 384 4358 '
441 4288 568 4341 licet
601 4302 827 4358 regnare
879 4289 1155 4357 tmpisset,
1189 4286 1464 4342 Constans
1499 4287 1718 4342 dicebat
1743 4289 1810 4341 ad
1867 4304 1998 4358 syn-

2116 3100 2279 3160 atque
2307 3091 2528 3146 tributis
2552 3079 2678 3145 cum
2705 3089 2853 3144 Afris
2884 3089 3154 3143 ordinatis
3181 3101 3234 3143 et
3261 3091 3442 3159 pactis
3490 3095 3703 3145 reversi

2115 3194 2262 3238 sunt.

2182 3273 2343 3328 Auno
2370 3273 2585 3342 imperii
2613 3273 2936 3328 Constantis
2966 3272 3184 3341 septimo
3217 3271 3524 3324 exercitum
3551 3287 3700 3326 mo-

2115 3365 2191 3418 vit
2219 3365 2464 3420 Mauhias
2504 3380 2603 3435 per
2636 3379 2788 3420 mare
2821 3364 3085 3420 adversus
3128 3364 3384 3431 Cyprum.
3425 3362 3695 3417 Habebat

2111 3465 2292 3511 autem
2311 3457 2542 3526 scaphas
2570 3456 2715 3511 mille
2749 3457 3141 3528 scptingcntas,
3166 3465 3221 3510 et
3241 3457 3386 3526 cepit
3403 3455 3705 3511 Conslan-

2113 3549 2241 3602 tiam
2261 3563 2384 3604 cum
2413 3549 2590 3603 insula
2612 3557 2744 3603 tota.
2764 3549 2899 3602 Cmn
2918 3565 3043 3604 vero
3065 3553 3203 3602 hanc
3227 3549 3486 3618 cepisset.
3503 3558 3708 3604 exter-

2111 3639 2336 3694 minavit
2363 3654 2504 3697 eam.
2542 3638 2714 3694 Porro
2750 3638 2979 3694 audiens
3030 3640 3360 3693 Cacorizum
3406 3640 3703 3693 cubicula-

2109 3731 2248 3785 rium
2271 3739 2459 3785 contra
2493 3747 2554 3786 se
2579 3745 2703 3785 cum
2759 3731 2994 3800 plurima
3060 3731 3268 3786 virtute
3320 3729 3572 3786 Romana
3618 3747 3705 3786 ve-

2108 3823 2367 3886 nientem,
2401 3823 2678 3890 navigavit
2727 3824 2992 3877 adversus
3029 3821 3298 3882 Aradum,
3327 3831 3385 3876 et
3405 3823 3700 3890 applicans

2105 3930 2230 3970 cum
2271 3914 2486 3984 navigio
2521 3929 2624 3968 suo
2652 3915 2793 3984 apud
2835 3913 3191 3983 municipium
3236 3914 3698 3968 insulmcastrutn

2105 4009 2404 4062 conabatur
2463 4025 2679 4078 capere,
2733 4010 2904 4064 variis
2963 4008 3426 4063 machinamentis
3463 4009 3697 4063 abusus.

2102 4101 2240 4155 Cum
2291 4112 2472 4155 autem
2519 4102 2652 4157 nihil
2687 4117 2848 4171 agere
2904 4102 3166 4157 valuisset
3203 4141 3219 4163 ,
3267 4105 3438 4156 mittit
3499 4102 3568 4157 ad
3600 4119 3698 4157 eos

2103 4194 2416 4262 episcopum
2446 4193 2738 4262 quemdam
2771 4192 3159 4248 Thomaricum
3189 4193 3414 4247 nomine
3436 4232 3453 4254 ,
3507 4193 3694 4246 deter-

2104 4300 2228 4340 rens
2245 4300 2361 4351 eos,
2383 4300 2492 4354 quo
2515 4285 2854 4340 dimitterent
2870 4285 3143 4340 civitatem
3159 4294 3211 4338 et
3233 4284 3338 4338 sub
3353 4283 3565 4340 {cedere
3590 4299 3694 4336 suo

441 4381 629 4435 clitum
662 4396 676 4434 :
707 4377 890 4432 Patris
927 4380 1027 4433 mei
1061 4377 1424 4442 Constantini,
1449 4379 1539 4447 qui
1563 4394 1641 4431 me
1673 4379 1852 4447 genuit
1887 4380 2005 4448 qui-
2035 4389 2078 4448 ο
2106 4383 2312 4441 essent,
2361 4373 2684 4444 exire-utque
2736 4374 2806 4429 ab
2850 4373 3052 4429 insula.
3078 4372 3210 4427 Cum
3256 4374 3442 4442 itaque
3495 4373 3562 4428 ad
3591 4387 3691 4426 eos

441 4486 541 4537 que
573 4470 628 4523 in
657 4471 763 4523 vita
805 4471 1007 4540 proprii
1037 4469 1313 4540 genitoris,
1343 4467 1430 4522 avi
1465 4467 1704 4522 videlicet
1741 4470 1842 4522 mei
1903 4468 2012 4523 lle-

429 4559 607 4622 raclii,
664 4559 940 4630 sufﬁcienti
987 4575 1107 4614 cum
1155 4575 1215 4613 eo
1274 4567 1508 4627 tempore
1544 4559 1846 4624 imperavit,
1894 4568 2012 4627 post

436 4651 575 4706 [tunc
612 4670 730 4706 t'rro
780 4655 942 4707 etiam
1014 4653 1168 4706 nimis
1226 4651 1396 4716 brevi,
1439 4650 1812 4704 suauissimam
1861 4667 2006 4718 spem

441 4741 694 4798 Martium
733 4761 962 4800 noverca:
995 4745 1158 4814 ipsius
1187 4742 1390 4798 invidia
1430 4741 1707 4798 concidens
1751 4741 1860 4796 vita
1897 4743 2010 4810 pri~

443 4837 598 4898 ratit,
632 4846 681 4890 et
722 4837 817 4892 hoc
843 4848 1055 4904 propter
1088 4835 1442 4890 lleraclonam
1463 4835 1554 4904 qui
1576 4850 1640 4890 ea:
1668 4849 1730 4888 ea
1757 4843 1807 4887 et
1834 4833 2010 4889 Hera-

423 4925 526 4979 clio
585 4927 785 4994 nefarie
835 4929 1011 4995 {actus
1050 4938 1192 4992 erat,
1226 4943 1385 4997 quant
1437 4930 1662 4981 maxime
1718 4942 1836 4979 cum
1881 4935 2008 4981 nato

423 5029 650 5072 vestram
679 5033 798 5070 sunt
834 5017 938 5076 Deo
955 5019 1217 5072 decretum
1235 5019 1358 5088 jure
1409 5017 1474 5072 ab
1525 5018 1745 5085 imperio
1773 5019 2002 5086 repulit,

428 5127 495 5166 ne
559 5110 755 5164 sideret
831 5118 942 5164 tam
994 5125 1217 5179 nsquam
1270 5109 1630 5164 Romanorum
1705 5112 2003 5182 imperium,

421 5200 573 5256 valde
590 5201 812 5271 provida
854 5215 974 5254 sunt
1008 5210 1139 5255 esset
1189 5199 1518 5268 amplissima
1565 5211 1736 5256 nostra
1767 5213 1815 5257 et
1855 5203 2005 5257 Itone-

437 5306 524 5348 sta
575 5293 993 5364 magniﬁcentia.
1043 5290 1270 5361 Propter
1295 5292 1434 5362 quod
1484 5308 1610 5363 rogo
1675 5309 1761 5348 vos
1814 5295 2002 5349 habere

431 5387 772 5440 consiliarios
801 5396 849 5440 et
881 5386 1078 5455 peritos
1104 5398 1169 5440 ea:
1204 5385 1466 5439 conmmni
1486 5384 1816 5440 subditorum
1851 5386 2002 5441 obse-

422 5473 647 5538 quio.Et
679 5478 763 5530 his
794 5476 960 5532 dictis
1011 5475 1218 5532 dimisit
1268 5483 1539 5540 senatum,
1569 5473 1730 5531 donis
1769 5475 1996 5544 dapsili-

423 5560 525 5613 bus
565 5563 710 5620 hunc
745 5567 1047 5624 honorans.

500 5649 658 5704 Anno
691 5654 902 5723 imperii
937 5656 1254 5715 Constantis
1297 5657 1540 5716 secundo
1571 5659 1738 5717 cmoit
1786 5657 1991 5715 llumar

2114 4469 2410 4538 episcopus
2443 4468 2726 4539 ingressus
2758 4468 2976 4533 fuisset,
2995 4474 3291 4521 tenuerunt
3327 4480 3481 4521 eum.
3516 4467 3689 4519 Porro

2113 4560 2345 4616 Mauhiae
2381 4561 2580 4616 cedere
2611 4561 2924 4616 noluerunt.
2959 4557 3125 4629 Igitur
3172 4559 3488 4624 obsidione,
3519 4571 3686 4627 quam

2113 4655 2380 4710 adversus
2430 4653 2671 4708 Aradum
2714 4663 3116 4716 construxerat,
3163 4651 3374 4706 nullius
3423 4651 3686 4706 momenti

2110 4748 2323 4815 tellecta,
2352 4749 2670 4805 Damascum
2697 4764 2961 4805 reversus
2983 4756 3102 4805 est:
3131 4763 3255 4802 nam
3292 4751 3476 4803 hiems
3503 4763 3687 4803 acces-

2111 4848 2277 4895 serat.

2182 4935 2344 4984 Anno
2375 4931 2584 5001 imperii
2611 4932 2934 4988 Constantis
2973 4933 3008 4987 8
3034 4932 3202 4986 movit
3240 4929 3500 4985 Mauhias
3523 4947 3682 4988 exer-

2107 5022 2277 5078 citum
2304 5023 2551 5078 valenter
2596 5023 2860 5078 adversus
2915 5024 3154 5078 Aradum
3206 5022 3582 5091 praeliaturus,
3629 5035 3683 5077 et

2107 5115 2250 5168 hanc
2289 5115 2528 5170 obtinuit
2557 5115 2725 5170 verbo
2751 5115 2819 5169 ad
2868 5115 3283 5169 inhabitandam
3345 5115 3505 5171 cives
3557 5115 3680 5169 ubi-

2105 5221 2324 5277 cunque
2373 5206 2699 5262 voluissent.
2731 5207 3018 5262 Civitatem
3050 5221 3176 5260 vero
3213 5205 3395 5261 muris
3443 5207 3681 5262 dissolu-

2103 5299 2176 5354 tis
2199 5298 2464 5364 incendit,
2488 5310 2539 5355 et
2566 5299 2800 5355 insulam
2826 5315 3005 5370 usque
3043 5300 3097 5352 in
3118 5313 3364 5368 praesens
3413 5299 3681 5354 inhabita-

2101 5385 2264 5443 bilctn
2317 5390 2532 5444 statuit.
2584 5389 2784 5443 Eodem
2825 5404 2970 5444 anno
3013 5388 3151 5443 facta
3181 5396 3267 5442 est
3301 5386 3494 5444 Romae
3527 5404 3680 5460 syno-

2099 5478 2203 5534 dus
2225 5493 2257 5534 a
2294 5478 2529 5534 Ilartino
2563 5494 2704 5550 papa
2735 5487 2928 5534 contra
2963 5478 3384 5534 monothelitas.

2164 5567 2324 5623 Anno
2353 5569 2568 5639 imperii
2593 5568 2916 5627 Constantis
2947 5570 2982 5626 9
3013 5569 3190 5624 Busur
3221 5569 3484 5640 princeps
3531 5584 3677 5626 excr-

2093 5657 2236 5714 citus
2281 5675 2388 5714 una
2433 5676 2556 5716 cum
2613 5660 2888 5718 Arabibus
2939 5661 3090 5716 acies
3130 5659 3334 5715 direxit
3418 5662 3674 5716 adversus
