3950 6234
357 249 496 314 1325

1172 257 1537 317 HISTORIA
1572 254 2147 320 ECCLESIASTICA
2177 259 2276 319 EX
2307 259 2790 323 THEOPIIANE.

3470 265 3605 330 ηπ

3095 327 3106 348 ι

353 365 644 428 Isauriam,
672 371 725 417 et
753 364 954 418 occisis
1002 366 1190 421 multis
1233 381 1358 422 cum
1414 369 1660 440 quinque
1691 371 1936 425 millibus
1967 377 2009 431 Α
2045 380 2323 441 arreptum
2356 371 2492 425 etin
2515 369 2679 425 aliam
2708 371 2890 427 navim
2923 373 3299 427 transductnm
3331 374 3610 446 iunpinate

351 456 692 526 captivorum
726 470 984 512 reversus
1021 465 1128 513 est.
1181 457 1348 513 Mittit
1404 473 1587 515 autem
1639 463 1935 530 imperator

347 549 626 603 Constans
657 547 982 619 Procopium
1021 553 1313 621 quemdam
1355 551 1422 606 ad
1455 552 1723 606 Mauhiam
1749 591 1764 614 ,
1789 567 1935 622 quiaa-

352 655 480 695 rens
508 654 694 708 pacem
742 640 919 709 ;quod
969 649 1024 695 et
1075 641 1280 697 factum
1340 652 1426 699 est
1482 646 1642 699 annis
1692 646 1932 713 duobus,

349 731 674 802 Gregorium
730 731 898 785 ﬁlium
948 730 1220 788 Theodori
1282 745 1534 792 sumente
1567 737 1782 792 Mauhia
1815 739 1934 794 loco

351 823 592 893 pignoris
618 823 670 877 in
707 821 1055 879 Damascum.

425 915 583 966 Anno
624 911 842 982 imperii
872 914 1193 971 Constantis
1231 915 1294 971 i0
1326 918 1665 972 simultatem
1728 919 1935 973 excita-

355 1005 431 1058 vit
484 1003 806 1074 imperatori
861 1003 1233 1076 Pnsagnathes
1317 1009 1702 1062 Armeniorum
1765 1010 1934 1080 patri-

355 1098 498 1161 cius,
526 1104 582 1150 et
634 1095 840 1150 foedera
891 1097 1099 1168 pepigit
1137 1113 1262 1152 cum
1326 1099 1567 1164 Mauhia,
1604 1101 1744 1157 dans
1793 1100 1841 1158 ei
1880 1111 1935 1157 et

357 1186 526 1240 tilium
559 1202 740 1240 suum.
787 1185 908 1252 Quo
965 1190 1154 1244 audito
1206 1190 1508 1260 imperator
1567 1193 1714 1246 venit
1759 1209 1933 1263 usque

355 1278 662 1333 Caesaream
714 1279 1075 1350 Cappadociae
1096 1321 1113 1347 ,
1147 1290 1200 1336 et
1226 1281 1550 1352 desperatus
1575 1284 1643 1338 ab
1674 1284 1931 1340 Armenia

355 1367 543 1424 rediit.

424 1459 610 1513 Mundi
639 1474 785 1516 anno
841 1459 1013 1529 6144,
1063 1462 1269 1518 divinas
1320 1465 1724 1522 incarnationis
1783 1480 1930 1520 anno

353 1546 482 1613 644,
515 1565 660 1604 anno
689 1566 819 1606 vero
849 1552 1063 1622 imperii
1105 1554 1420 1609 Constantis
1457 1557 1543 1620 tl,
1581 1558 1725 1612 cinis
1751 1572 1781 1612 e
1812 1573 1930 1612 co:-

358 1643 416 1696 lo
454 1642 758 1707 descendit,
789 1654 843 1700 et
876 1648 1044 1701 timor
1083 1663 1314 1719 magnus
1349 1664 1514 1718 super
1542 1650 1791 1704 homines
1839 1666 1929 1704 cc-

2037 462 2292 516 salvavit.
2334 460 2510 515 Porro
2559 461 2677 530 ipse
2713 459 3052 515 fortissimus
3086 461 3320 516 viriliter
3345 464 3610 522 insistens

2038 553 2406 623 imperatoriae
2429 553 2551 607 navi
2578 554 2780 608 multos
2792 553 3014 617 occi'dit,
3040 565 3211 609 semet
3231 557 3394 609 morti
3429 559 3609 628 ipsum

2037 658 2136 712 pro
2169 645 2500 714 imperatore
2527 643 2878 698 contradens.
2924 644 3082 700 Hunc
3118 652 3381 714 praeterea
3417 647 3606 707 hostes

2037 734 2446 789 circunnlantes
2496 744 2553 788 et
2613 735 2668 788 in
2723 735 2901 789 medio
2971 735 3271 791 retinentes
3343 740 3612 808 putabant

2038 826 2216 895 ipsum
2244 842 2368 882 esse
2400 827 2801 896 imperatorem.
2839 826 3136 897 Postquam
3168 838 3351 884 autem
3409 831 3613 887 multos

2038 916 2434 971 interfecerunt
2465 916 2672 980 hostes,
2701 917 3024 972 occiderunt
3054 926 3110 973 et
3143 920 3320 990 ipsum
3351 938 3461 978 una
3485 941 3611 980 cum

2030 1024 2102 1064 eo
2127 1010 2222 1078 qui
2250 1009 2505 1078 portabat
2535 1019 2740 1064 vestem
2777 1009 3213 1079 imperatoriam.
3242 1012 3342 1069 Ast
3375 1015 3613 1085 impera-

2037 1110 2123 1156 tor
2147 1102 2330 1157 taliter
2375 1103 2429 1156 in
2478 1101 2662 1173 fugam
2693 1117 2891 1159 versus
2945 1105 3214 1170 salvatur,
3246 1118 3299 1161 et
3330 1109 3613 1165 derelictis

2035 1193 2290 1248 omnibus
2313 1193 3153 1264 navigavitConstantinopolim.

2104 1291 2266 1340 Anno
2300 1288 2521 1357 imperii
2570 1287 2894 1344 Constantis
2940 1290 3006 1344 14
3067 1291 3195 1345 dolo
3235 1301 3467 1348 necatus
3526 1280 3614 1350 est

2033 1377 2313 1434 Huthman
2363 1379 2604 1434 Arabum
2641 1381 2769 1446 dux,
2825 1398 2948 1436 cum
2993 1383 3202 1439 amiras
3248 1386 3435 1440 decem
3469 1384 3614 1441 fuis-

2033 1482 2114 1525 set
2133 1471 2311 1525 annis.
2333 1469 2420 1524 Fit
2448 1471 2652 1526 interea
2690 1473 2993 1543 perduellio
3031 1475 3084 1528 in
3115 1476 3296 1531 medio
3325 1478 3567 1546 ipsorum
3593 1495 3609 1532 :

2034 1570 2279 1632 quoquot
2307 1563 2453 1616 enim
2497 1577 2663 1632 penes
2713 1579 2960 1620 eretuum
3010 1573 3190 1628 erant,
3236 1566 3320 1619 Ali
3359 1567 3615 1622 volebant

2031 1654 2446 1718 consobrinum,
2480 1669 2736 1724 generum
2759 1657 3113 1713 exsistentem
3144 1658 3421 1727 quondam
3467 1659 3613 1712 Maa-

357 1733 508 1790 cidit.
552 1733 722 1789 Paulo
743 1751 963 1807 quoque
1022 1739 1262 1794 obeunte
1314 1739 1555 1811 Pyrrhus
1613 1743 1926 1796 restituitur
1963 1729 2005 1783 Β
2038 1749 2206 1801 metit.
2242 1746 2305 1801 lli
2357 1762 2486 1801 vero
2534 1749 2712 1817 quiin
2750 1746 2909 1819 Syria
2952 1757 3007 1802 et
3038 1748 3298 1820 Egypto,
3337 1749 3610 1804 Mauhiam

357 1826 638 1883 mensibus
665 1840 902 1897 quatuor
941 1842 997 1883 et
1019 1831 1216 1885 diebus
1251 1833 1337 1885 9.5.

427 1919 585 1972 Anno
648 1919 864 1989 imperii
919 1921 1236 1977 Constantis
1293 1925 1358 1977 1?.
1408 1923 1655 1980 Mauitias
1678 1924 1931 1980 Rhodum

358 2010 549 2064 adiens
578 2012 850 2065 destruxit
890 2015 1170 2070 colossum
1202 2016 1344 2084 ejus,
1378 2023 1500 2084 post
1550 2016 1688 2069 (560
1729 2017 1934 2070 stabili-

359 2099 492 2152 tatis
523 2099 697 2168 ipsius
746 2115 958 2168 annos;
1003 2117 1166 2171 quem
1234 2118 1360 2156 cum
1422 2100 1642 2157 Judaens
1712 2107 1932 2174 quidam

361 2190 650 2247 Emesinus
691 2194 1002 2262 negotiator
1029 2195 1405 2261 emisset,90t)
1429 2198 1667 2251 camelos
1699 2213 1765 2250 ex
1813 2197 1933 2264 ejus

355 2298 465 2337 tere
489 2283 761 2338 oneravit.

431 2373 634 2428 Eodem
683 2388 828 2430 anno
886 2375 1099 2430 Abidus
1129 2375 1372 2430 Arabum
1419 2387 1628 2446 praetor
1669 2377 1933 2432 adversus

359 2467 672 2523 Armeniam
707 2467 1010 2523 exercitum
1033 2470 1224 2535 movit,
1272 2469 1366 2540 qui
1416 2481 1751 2525 consecutus
1785 2470 1936 2523 Mau-

360 2561 574 2615 rianmn
599 2568 881 2630 praetorem
907 2561 1185 2616 insecutus
1213 2571 1298 2616 est
1329 2577 1453 2616 eum
1487 2578 1663 2631 usque
1691 2563 1758 2616 ad
1793 2561 1935 2616 Cau-

359 2666 550 2706 caseos
584 2662 823 2715 montes,
852 2661 908 2704 et
939 2651 1218 2723 regionem
1245 2653 1594 2721 depraedatus
1617 2667 1722 2706 est.

429 2742 588 2795 Anno
646 2742 862 2811 imperii
891 2741 1213 2798 Constantis
1272 2745 1336 2798 15
1384 2745 1641 2814 praecepit
1682 2744 1934 2800 Mauhias

355 2841 698 2888 armaturam
731 2833 847 2887 lteri
890 2835 1106 2888 navium
1145 2849 1419 2904 magnam,
1457 2853 1567 2905 quo
1611 2839 1935 2892 ascenderet

369 2929 562 2984 urbem
598 2929 800 2999 regiam
831 2929 1032 2983 classis
1079 2943 1293 2983 eorum.
1326 2928 1518 2983 Omnis
1551 2940 1731 2985 autem
1760 2945 1932 3000 appa-

2035 1840 2352 1908 cupiebant,
2381 1839 2473 1908 qui
2509 1847 2562 1893 et
2595 1839 2726 1892 vicit
2755 1847 2810 1894 et
2837 1840 3078 1894 obtinuit
3113 1842 3276 1895 annis
3303 1841 3395 1895 24.

2105 1933 2265 1986 Anno
2295 1932 2513 2001 imperii
2568 1933 2889 1987 Constantis
2945 1934 3012 1988 15
3066 1935 3305 1989 Arabum
3353 1934 3613 2004 princeps

2038 2020 2286 2076 Mauhias
2315 2021 2570 2085 habetur.
2597 2022 2686 2090 qui
2715 2031 2770 2076 et
2806 2023 3115 2078 exercitum
3143 2025 3313 2078 movit
3337 2025 3612 2079 adversus
3691 2067 3700 2078 .

2038 2110 2241 2173 Halim,
2294 2122 2351 2166 et
2385 2123 2793 2194 congregantur
2841 2114 3002 2170 ambo
3053 2118 3194 2170 inter
3237 2116 3612 2174 Barbalissum

2033 2205 2192 2274 juxta
2226 2203 2583 2274 Euphratem.
2618 2206 2682 2258 "t
2711 2221 2840 2262 vero
2871 2207 2964 2276 qui
2989 2217 3149 2262 erant
3189 2207 3444 2270 Matthiae,
3484 2224 3610 2264 cum

2035 2307 2220 2352 essent
2246 2296 2772 2367 validiores,aquatn
2797 2300 3174 2358 obtinuerunt.
3209 2299 3362 2355 Unde
3389 2302 3442 2355 in
3463 2303 3612 2356 sitim

2041 2391 2332 2446 venientes
2362 2389 2415 2443 hi
2469 2393 2758 2461 quierant
2811 2391 3010 2458 Halim,
3065 2394 3403 2450 deiecerunt.
3444 2394 3614 2450 Porro

2038 2478 2284 2534 Matthias
2302 2480 2501 2535 bellare
2514 2482 2708 2546 noluit,
2724 2482 2816 2536 sed
2835 2483 3151 2538 sinelaborc
3167 2484 3450 2539 victoriam
3468 2486 3612 2539 tulit.

2104 2569 2264 2625 Anno
2293 2568 2501 2635 imperii
2531 2568 2852 2625 Constantis
2881 2571 2942 2623 l6
2968 2573 3272 2626 exercitum
3317 2575 3486 2627 movit
3510 2575 3614 2627 itii-

2034 2666 2255 2729 perator
2281 2667 2471 2709 contra
2503 2652 2862 2721 Sclaviniam,
2894 2668 2949 2713 et
2989 2660 3236 2728 captivos
3267 2662 3422 2715 duxit
3445 2662 3616 2732 pluri-

2038 2762 2156 2802 mos
2185 2755 2239 2800 et
2268 2746 2506 2818 subegit.
2540 2745 2742 2803 Eodem
2768 2763 2915 2804 anno
2945 2757 2998 2804 et
3030 2751 3119 2804 illa
3150 2763 3302 2822 gesta
3344 2764 3473 2807 sunt
3494 2768 3617 2821 quae

2031 2850 2227 2893 contra
2251 2839 2304 2892 S.
2337 2837 2635 2893 Maximum
2665 2847 2720 2895 et
2749 2840 3054 2910 discipulos
3085 2842 3259 2912 ipsius
3306 2851 3436 2898 sunt
3468 2852 3614 2909 acta,

2035 2932 2117 2986 eis
2157 2947 2256 3001 pro
2294 2933 2524 2987 veritate
2580 2944 2770 2988 contra
2811 2936 3209 2992 monotbelitas
3272 2938 3620 3007 agonizanti.

357 3029 516 3074 ratus
542 3019 689 3090 apud
719 3017 987 3089 Tripolim
1012 3019 1308 3074 thnicize
1335 3021 1696 3075 consistebat.
1728 3019 1931 3074 Verum
1959 3061 2005 3118 ο
2040 3023 2178 3086 bus;
2231 3039 2372 3093 quos
2415 3024 2688 3091 Constans
2716 3027 2783 3079 ad
2835 3041 3058 3096 pravam
3096 3029 3410 3098 opinionem
3459 3045 3617 3085 suam

360 3113 466 3166 hoc
501 3111 622 3164 viso
645 3111 754 3166 duo
779 3110 981 3166 fratres
1020 3113 1240 3180 quidem
1273 3109 1479 3166 Christi
1512 3111 1699 3176 amici,
1725 3111 1934 3180 Tripoli

360 3207 666 3263 manentes,
704 3199 799 3253 lilii
857 3199 1234 3254 buecinatoris
1279 3200 1568 3268 cujusdam
1598 3240 1612 3265 ,
1677 3202 1797 3254 zelo
1845 3199 1940 3255 Dei

362 3295 593 3351 sanciati
621 3297 686 3349 ad
711 3309 992 3350 carcerem
1024 3297 1262 3350 civitatis
1279 3310 1405 3350 cum
1431 3296 1636 3366 impetu
1657 3294 1936 3350 abierunt.

364 3385 607 3440 Habebat
637 3394 818 3440 autem
853 3387 1258 3441 multitudinem
1286 3385 1658 3441 Romanorum
1686 3387 1939 3441 vincula-

364 3485 565 3543 torutn,
594 3489 648 3531 et
671 3477 906 3546 diruptis
933 3479 1110 3546 portis
1146 3479 1455 3547 vinclisque
1487 3480 1686 3534 solutis
1716 3481 1768 3532 in
1803 3480 1941 3532 ami-

361 3586 481 3626 ratn
537 3573 841 3625 i-rrnerunt.
871 3569 992 3636 Quo
1040 3578 1320 3640 perempto
1377 3585 1484 3622 una
1545 3586 1669 3624 cum
1724 3570 1810 3624 his
1845 3569 1938 3636 qui

361 3679 492 3718 cum
528 3678 596 3717 eo
627 3672 808 3726 erant,
838 3672 1330 3732 praeparatumque
1378 3662 1529 3714 omni
1564 3661 1676 3730 igni
1713 3661 1941 3712 manda-

359 3762 438 3816 ta,
481 3754 535 3807 in
577 3751 904 3806 Romaniam
954 3751 1172 3820 navigio
1224 3750 1588 3804 transierunt.
1645 3748 1940 3803 Verumta-

364 3863 487 3901 men
517 3861 616 3902 nec
646 3846 727 3900 sic
766 3845 842 3898 illi
873 3845 942 3899 ab
963 3833 1150 3898 eade'm
1173 3852 1546 3914 praeparatum
1571 3842 1939 3897 construenda

289 3965 308 3988 ε
361 3947 746 3992 cessaverunt.
785 3935 891 3991 Sed
940 3935 1190 3991 Haubias
1219 3935 1442 4005 quidem
1497 3935 1696 3988 militat
1743 3941 1936 3988 contra

357 4030 666 4083 Caesaream
713 4025 1090 4096 Cappadociae,
1155 4026 1464 4081 Abulathar
1520 4040 1650 4079 vero
1718 4025 1934 4080 fabrum

361 4120 574 4173 navalis
614 4125 914 4173 structurae
941 4119 1250 4182 constituit,
1278 4120 1373 4189 qui
1402 4120 1628 4173 veniens
1665 4119 1718 4172 in
1753 4119 1936 4172 locum

362 4209 629 4264 vocabulo
655 4210 930 4263 anieent
962 4207 1161 4280 Lyciae,
1190 4211 1280 4265 ubi
1306 4220 1424 4265 erat
1461 4210 1740 4265 Constans
1761 4215 1936 4279 impe»

364 4313 513 4357 rator
543 4312 708 4372 atque
765 4301 1058 4355 Itomaicus
1109 4302 1307 4363 stolas,
1369 4303 1636 4354 navaliter
1683 4317 1807 4354 cum
1869 4315 1936 4354 eo

2045 3113 2345 3170 transferre
2371 3130 2481 3169 non
2516 3118 2727 3181 valens,
2762 3117 3033 3174 divinitus
3060 3120 3362 3188 sapientem
3395 3130 3450 3177 et
3472 3123 3618 3192 peri-

2043 3205 2312 3261 tissimam
2356 3207 2595 3278 linguam
2628 3223 2752 3263 cum
2783 3211 3006 3265 dextera
3041 3227 3205 3266 manu
3258 3211 3379 3283 ejus
3431 3215 3618 3269 absci-

2043 3297 2142 3362 dit,
2187 3313 2253 3352 eo
2303 3299 2446 3368 quod
2493 3300 2788 3368 plurimum
2853 3310 3042 3354 contra
3091 3301 3423 3372 impietatem
3458 3321 3613 3359 suum

2045 3403 2150 3441 una
2212 3403 2333 3441 cum
2391 3385 2682 3458 discipulis
2748 3387 2866 3442 suis
2925 3389 3237 3444 Anastasiis
3307 3391 3615 3460 Stti‘ipsel'il.

2041 3492 2274 3548 quaeque
2310 3493 2408 3546 per
2443 3479 2697 3532 ordinem
2734 3478 2822 3532 isti
2850 3479 3252 3548 conscripsisse
3285 3481 3613 3550 probantur,

2043 3569 2186 3621 sicut
2214 3569 2378 3621 amici
2415 3567 2662 3621 discendi
2705 3584 2814 3623 non
2850 3571 3129 3625 nesciunt.

2113 3658 2271 3712 Anno
2312 3659 2526 3724 imperii
2559 3659 2883 3714 Constantis
2920 3663 2983 3715 l7
3018 3665 3312 3719 conventio
3350 3665 3492 3720 facta
3532 3676 3618 3720 est

2044 3749 2185 3802 inter
2209 3747 2487 3802 Romanos
2515 3756 2569 3802 et
2590 3748 2820 3815 Arabes,
2858 3750 3072 3804 Mauhia
3104 3754 3429 3819 legationem
3490 3759 3617 3811 init-

2044 3847 2192 3896 tent’e
2230 3840 2301 3894 ob
2331 3840 2712 3906 rebellionem,
2746 3851 2802 3894 ut
2828 3842 3072 3896 tribuant
3107 3845 3374 3901 [tertianis
3401 3848 3612 3903 Arabes

2042 3949 2138 4002 per
2165 3933 2413 4002 singulos
2434 3933 2551 3988 dies
2580 3935 2910 3988 numismata
2939 3937 3089 3990 mille
3115 3946 3167 3991 et
3192 3953 3394 4007 equum
3425 3950 3476 3994 ct
3507 3957 3617 3995 ser-

2041 4042 2188 4081 vum.
2228 4025 2425 4080 Eodem
2459 4043 2585 4081 vero
2616 4041 2762 4080 anno
2791 4028 2985 4082 exsilio
3011 4030 3209 4085 ductus
3234 4041 3318 4084 est
3350 4030 3615 4087 Martinus

2040 4119 2426 4174 sanctissimus
2456 4134 2592 4189 papa
2636 4117 2943 4185 Romanus,
2978 4136 3078 4190 pro
3115 4123 3346 4178 veritate
3397 4124 3616 4178 fortiter

2041 4214 2430 4285 agonizaus,et
2456 4213 2742 4268 confessor
2775 4213 2953 4270 factas
2986 4215 3038 4268 in
3062 4215 3381 4273 climatibus
3419 4215 3617 4272 Orien-

2045 4305 2114 4360 tis
2139 4306 2430 4361 defunctus
2466 4317 2568 4362 est.

364 4397 914 4470 pugnavit.Cumque
931 4395 1179 4449 futurum
1213 4404 1363 4450 esset
1390 4404 1451 4448 ut
1487 4395 1790 4465 imperator
1811 4411 1934 4452 cum
1970 4389 2014 4443 Ι)
2111 4397 2298 4452 Mundi
2319 4413 2464 4453 anno
2482 4397 2860 4465 6|5|,divina:
2894 4398 3291 4455 incnrnationis
3324 4417 3470 4454 anno
3488 4400 3615 4465 651,

361 4491 483 4561 ipso
506 4491 722 4560 navigio
739 4487 1100 4559 praeliaretur,
1119 4487 1524 4556 contemplatur
1555 4496 1716 4542 nocte
1749 4487 1838 4540 illa
1854 4486 1939 4540 vi-

365 4599 509 4648 sum,
542 4599 665 4640 esse
691 4581 942 4638 videlicet
972 4583 1116 4651 apud
1135 4580 1586 4636 Thessalonicen.
1617 4580 1792 4636 Porro
1808 4596 1941 4635 nar-

364 4677 503 4730 ravit
531 4675 746 4728 cuidam
794 4674 1093 4744 coniectori
1137 4673 1473 4728 somniorum
1514 4675 1937 4743 expergefactus

367 4764 653 4829 visionem,
683 4764 776 4833 qui
810 4765 918 4819 ait:
957 4761 1279 4832 Imperator,
1313 4766 1519 4817 utinam
1542 4780 1632 4817 nec
1655 4765 1942 4818 dormisse:

366 4870 459 4908 nec
489 4857 748 4909 somnium
794 4859 1091 4923 aspexisse:
1141 4872 1158 4910 :
1201 4873 1324 4909 nam
1378 4873 1491 4911 esse
1546 4857 1938 4912 Thessalonice

365 4945 456 5009 Θὲς
494 4946 638 5016 ἄλλῳ
670 4946 827 5017 νίκην
881 4948 1088 5011 innuit,
1130 4949 1267 5018 quod
1324 4951 1702 5018 interpretatur
1731 4993 1748 5018 ,
1807 4967 1940 5016 pone

363 5037 464 5091 alii
495 5037 790 5104 victoriam,
848 5039 905 5091 id
963 5049 1064 5104 est,
1094 5039 1171 5099 ad
1211 5041 1487 5094 inimicum
1522 5053 1670 5095 tuum
1713 5044 1935 5098 victoria

364 5129 601 5183 vertitur.
636 5129 779 5185 Sane
809 5131 1106 5201 imperator
1157 5132 1290 5186 nihil
1329 5135 1614 5189 inveniens
1679 5135 1747 5190 ad
1801 5151 1942 5206 pra:-

365 5223 496 5278 lintn
562 5224 771 5278 navalis
829 5237 1061 5294 pugnas,
1119 5224 1490 5280 Romanorum
1543 5227 1748 5283 classes
1804 5245 1944 5299 prae-

363 5317 567 5372 struxit
646 5317 712 5370 ad
789 5315 1014 5371 bellum.
1072 5315 1284 5384 Quibus
1355 5319 1410 5374 in
1480 5319 1797 5375 alterutram
1865 5323 1941 5376 ir-

365 5410 649 5466 ruentibus
679 5417 1012 5481 superantur
1063 5409 1320 5476 Bomani,
1359 5421 1414 5467 et
1443 5411 1787 5467 commistum
1821 5413 1938 5468 eiii-

364 5503 509 5555 citur
558 5517 706 5556 mare
752 5503 1020 5572 sanguine
1070 5501 1469 5558 Romanorum.
1525 5501 1705 5557 Induit
1756 5512 1936 5561 autem

365 5595 661 5662 imperator
691 5594 860 5647 alium
903 5605 1052 5650 veste
1081 5610 1177 5650 sua
1198 5636 1215 5660 ,
1245 5605 1300 5650 et
1326 5593 1576 5649 insiliens
1637 5593 1935 5665 praedictus

364 5687 510 5739 tilius
528 5685 974 5741 buccinatorisin
1007 5689 1212 5758 regiam
1255 5684 1515 5756 scapham
1546 5683 1930 5756 imperatorem

2043 4506 2189 4546 anno
2229 4492 2442 4563 imperii
2469 4492 2552 4546 sui
2591 4492 2653 4546 18
2694 4491 2972 4546 Constans
3003 4493 3208 4547 occidit
3242 4491 3616 4547 Theodosium

2046 4583 2328 4652 proprium
2382 4582 2606 4636 fratrem
2639 4597 2821 4636 suum.
2847 4581 2980 4635 Ctnu
3001 4591 3182 4637 autem
3200 4592 3386 4638 essent
3409 4582 3617 4637 Arabes

2045 4675 2188 4745 apud
2229 4676 2457 4746 Saphin,
2489 4675 2617 4729 dolo
2650 4686 2878 4730 necatus
2934 4687 3018 4730 est
3077 4675 3372 4744 praedictus
3412 4675 3614 4740 lialim,

2044 4777 2100 4824 et
2133 4769 2484 4840 singulariter
2530 4767 2764 4835 imperat
2817 4766 3090 4831 Mauhias,
3128 4767 3274 4836 regio
3305 4783 3454 4822 more
3510 4769 3617 4821 Dn-

2043 4876 2287 4914 mascnm
2325 4859 2636 4913 inhabitans
2667 4869 2720 4912 et
2752 4859 3111 4928 pecuniarum
3155 4859 3267 4915 illic
3322 4860 3615 4915 thesauros

2042 4951 2369 5006 recondens.

2114 5043 2273 5096 Anno
2303 5040 2517 5112 imperii
2577 5039 2899 5096 Constantis
2952 5042 3020 5096 i9
3074 5043 3330 5115 apparuit
3387 5043 3616 5098 literesis

2044 5137 2308 5200 Arabum,
2348 5150 2538 5190 eorum
2578 5134 2829 5188 videliCt-t
2858 5136 2950 5206 qui
3002 5134 3264 5190 dicuntur
3309 5134 3616 5203 Charurgi-

2042 5240 2128 5284 tae.
2183 5228 2430 5282 Mauhias
2483 5236 2661 5280 autem
2693 5227 2794 5281 hos
2831 5242 3150 5298 aggressus,
3178 5244 3274 5282 eos
3321 5227 3414 5295 qui
3457 5235 3618 5279 erant

2042 5324 2096 5376 in
2150 5320 2371 5377 Perside
2405 5319 2732 5384 lnnuiliavit,
2773 5336 2869 5375 eos
2906 5335 3036 5375 vero
3067 5321 3158 5389 qui
3189 5323 3242 5373 in
3273 5318 3430 5389 Syria
3459 5331 3618 5374 erant

2043 5413 2321 5477 exaltavit,
2352 5420 2406 5468 et
2443 5412 2582 5468 alios
2614 5412 2832 5483 quidem
2874 5412 3090 5468 vocavit
3121 5411 3442 5476 llisaniitas,
3474 5413 3614 5466 alios

2040 5515 2222 5562 autem
2268 5504 2597 5574 lleraclitas,
2629 5516 2682 5560 et
2729 5505 3119 5561 liisamitarum
3173 5504 3394 5573 quidem
3441 5506 3613 5559 dona-

2040 5599 2151 5654 tiva
2181 5599 2496 5654 sublituavit
2523 5615 2698 5670 usque
2720 5600 2784 5653 ad
2811 5598 3045 5654 ducenta
3066 5598 3420 5663 nutnistmta,
3445 5612 3614 5669 porro

2038 5689 2432 5750 Heraclitarum
2469 5692 2723 5763 deposuit
2777 5708 2949 5761 usque
2995 5691 3062 5746 ad
3097 5691 3327 5746 tricena.
