3950 6234
424 218 441 275 1
460 216 562 279 327

1558 225 1958 286 ANASTASII
1992 226 2619 291 BIBLIOTIIECARII

3548 232 3706 297 1328

490 335 647 386 Auno
678 332 993 401 imperiisui
1030 333 1099 386 20
1129 334 1406 390 Constans
1426 335 1688 391 derelicta
1724 337 2073 402 Consra:r-.A
2099 340 2194 393 tibi
2225 341 2409 409 fuerit,
2452 359 2565 412 age.
2617 343 2682 398 Et
2712 342 2798 398 his
2840 342 3005 399 dictis
3052 342 3303 399 Andreas
3360 346 3555 399 tacuit.
3615 348 3699 402 At

419 426 649 495 ttnopoli
703 426 833 478 abiit
866 422 1219 494 Syracusam,
1254 428 1530 481 civitatem
1560 426 1780 495 Sicilize,
1815 432 2001 485 volens

418 518 706 585 imperium
738 517 792 569 in
828 517 1018 571 urbem
1047 517 1275 572 Romam
1298 518 1620 582 transferre,
1650 532 1704 575 et
1732 523 1900 575 mittit
1930 521 1997 575 ad

388 609 784 665 adducendam
808 623 1031 663 uxorem
1072 626 1227 665 suam
1266 621 1321 665 et
1360 617 1474 666 tres
1504 612 1681 677 ﬁlios,
1718 612 1997 667 Constan-

412 702 611 765 tinum,
636 698 971 767 Ileraclium,
996 709 1048 756 et
1080 699 1379 756 Tiberium.
1407 699 1577 757 Porro
1606 701 1852 774 Byzantii
1886 719 1992 757 ltUll

390 786 737 845 dimiserunt
783 806 899 846 eos.

479 909 641 959 Anno
676 905 890 974 imperii
919 903 1238 961 Constantis
1270 906 1334 959 21
1370 906 1672 961 exercitum
1700 917 1992 962 moverunt

404 999 614 1052 Arabes
668 1007 876 1052 contra
938 997 1284 1065 Romaniam,
1331 1011 1385 1055 et
1447 1002 1649 1057 multos
1692 1001 1988 1071 depraadati

402 1098 555 1154 sunt,
590 1099 644 1143 et
682 1091 797 1143 loca
842 1092 1103 1145 nonnulla
1154 1093 1490 1162 depopulati.

471 1201 629 1254 Anno
666 1202 875 1271 imperii
928 1203 1246 1261 Constantis
1284 1206 1355 1259 22
1379 1209 1571 1277 praeda:
1604 1211 1782 1279 patuit
1836 1208 1977 1265 Sici-

394 1284 500 1339 Jia:
534 1301 684 1353 pars.
748 1294 803 1339 et
825 1286 1212 1342 ltabitaverunt
1238 1289 1796 1349 Damasci'voluntate
1857 1309 1980 1348 sua.

475 1378 635 1430 Anno
705 1379 916 1441 imperii
966 1379 1287 1438 ConStantis
1317 1383 1388 1437 25
1452 1385 1635 1439 factus
1686 1396 1769 1441 est
1805 1401 1983 1441 error

397 1468 781 1539 jejuniorum,
835 1481 890 1524 et
952 1475 1255 1527 exercitum
1330 1477 1502 1531 movit
1566 1477 1979 1535 Abderacbman

386 1561 629 1616 Chaledi
696 1562 1346 1629 adversusRontaniam,
1382 1576 1436 1621 et
1464 1568 1517 1622 in
1586 1583 1649 1623 ea
1682 1570 1976 1634 hiemavit,

395 1662 453 1711 et
501 1657 701 1712 multas
732 1659 1030 1715 demolitus
1061 1668 1144 1714 est
1176 1662 1450 1731 regiones.
1492 1661 1666 1716 Porro
1726 1663 1973 1718 Sclavini
2004 1678 2052 1737 Β

391 1747 472 1800 «οιί
515 1749 661 1802 hunc
715 1749 1055 1805 conﬂuentes
1105 1765 1241 1805 cum
1290 1754 1408 1821 ipso
1460 1753 1863 1809 descenderunt
1916 1755 1971 1807 in

398 1840 635 1911 Syriam,
677 1856 907 1896 numero
970 1844 1214 1913 quinque
1245 1844 1441 1909 millia,
1483 1854 1538 1899 et
1589 1846 1973 1902 habitaverunt

386 1930 451 1985 in
498 1932 911 2002 Apamieusium
966 1935 1187 2004 regione
1236 1936 1288 1988 in
1334 1938 1560 1991 castello
1594 1938 1970 1994 Seleucobori.

446 2027 606 2077 Anno
664 2026 878 2094 imperii
916 2026 1236 2081 Constantis
1272 2028 1345 2082 24
1400 2027 1643 2084 Thomas
1694 2030 1969 2085 Constan-

392 2114 785 2183 tinopolitanus
813 2116 1043 2169 habetur
1069 2119 1318 2172 antistes.
1376 2118 1555 2174 Busur
1586 2129 1764 2174 autem
1806 2134 1968 2175 exer-

383 2205 561 2259 citum
596 2205 647 2257 in
689 2204 1013 2260 liomaniam
1051 2211 1244 2273 movit,
1277 2218 1331 2264 et
1354 2220 1608 2266 mortuus
1656 2220 1741 2265 est
1788 2210 1970 2267 Thauo

395 2300 641 2351 maricus
701 2300 998 2367 episcoltus
1030 2301 1289 2370 Apamite,
1320 2312 1373 2356 et
1418 2304 1678 2360 incensus
1710 2315 1809 2361 est
1858 2307 1969 2376 cpi-

386 2405 596 2459 sc0pus
626 2390 937 2447 Emisenus.

392 2526 395 2527 ν
461 2503 647 2557 Mundi
684 2519 834 2559 anno
868 2505 1073 2573 '6l58,
1125 2507 1323 2563 divinae
1391 2511 1788 2569 incarnationis
1853 2529 1955 2568 an-

390 2609 460 2648 no
490 2593 615 2656 658,
652 2610 799 2649 anno
826 2612 969 2651 'vcl'o
1020 2599 1234 2668 imperii
1278 2599 1594 2658 Constantis
1623 2602 1695 2657 25
1751 2606 1963 2657 exerci-

388 2694 501 2739 tum
542 2702 734 2741 rursus
789 2690 1022 2744 armavit
1056 2689 1236 2745 Busur
1294 2701 1487 2746 contra
1534 2692 1961 2760 Romaniam,et

384 2778 773 2833 exterminavit
806 2790 993 2850 partes
1031 2780 1377 2853 Hexapoleos
1422 2793 1477 2840 et
1511 2784 1786 2852 Pbadalae,
1814 2789 1961 2844 illic-

386 2887 491 2940 que
524 2871 800 2929 hiemavit.

457 2967 615 3019 Anno
645 2965 857 3036 imperii
887 2966 1201 3024 Constantis
1234 2968 1304 3024 26
1334 2971 1786 3027 Armeniacorum
1818 2989 1957 3044 prae-

387 3068 475 3114 tor
506 3059 791 3124 Saborius,
819 3059 985 3116 Persa
1017 3077 1232 3133 genere,
1264 3065 1629 3121 tumultuatus
1657 3076 1741 3122 est
1766 3077 1958 3122 contra

383 3153 733 3207 Constantem
772 3153 1161 3222 imperatorem
1223 3156 1498 3227 mittitque
1555 3156 1623 3210 ad
1681 3157 1957 3214 Mauhiam

385 3242 639 3311 Sergium
697 3246 1031 3315 magistrum
1085 3246 1343 3311 militum,
1411 3249 1672 3317 pollicens
1727 3250 1959 3306 Maultite

380 3337 672 3407 subjugare
690 3337 1030 3405 Romaniam,
1052 3340 1100 3395 si
1119 3339 1235 3409 ipse
1257 3341 1360 3396 sibi
1378 3344 1745 3398 auxiliaretur
1769 3346 1958 3399 adver-

380 3444 475 3480 sus
506 3430 913 3496 imperatorem.
934 3427 1052 3494 Quo
1075 3442 1355 3500 comperto
1385 3433 1776 3491 Constantinus
1810 3437 1953 3493 ﬁlius

380 3516 742 3586 imperatoris
779 3519 945 3572 mittit
973 3528 1026 3574 et
1057 3522 1172 3590 ipse
1229 3523 1295 3576 ad
1345 3522 1619 3579 Mauhiam
1673 3527 1949 3582 Andream

376 3611 776 3664 cubiculariunt
832 3627 956 3665 cum
992 3614 1330 3680 muneribus,
1363 3632 1432 3671 ne
1486 3619 1673 3673 rebelli
1706 3623 1947 3676 cederet.

374 3698 623 3771 Cumque
662 3702 898 3757 venisset
925 3702 1174 3759 Andreas
1207 3705 1550 3775 Damascum,
1582 3714 1784 3781 reperit
1814 3713 1948 3768 Ser-

373 3796 523 3867 gium
575 3795 933 3863 praevertisse.
966 3798 1035 3850 At
1090 3813 1223 3854 vero
1279 3799 1526 3858 Manhias
1581 3806 1947 3863 simulabatur

372 3885 690 3953 imperatori
752 3889 988 3957 eompati
1015 3888 1151 3961 (62).
1192 3885 1427 3947 Sedebat
1493 3906 1675 3951 autem
1714 3898 1941 3969 Sergius

370 3988 495 4030 ante
530 3976 827 4041 Mauhiam,
855 3988 1055 4033 etcum
1099 3982 1382 4053 ingressus
1429 3984 1625 4042 fuisset
1674 3990 1942 4060 Andreas,

370 4069 598 4126 intuitus
644 4086 768 4125 eum
827 4070 1054 4142 Sergius
1084 4076 1345 4132 surrexit.
1396 4076 1467 4131 At
1512 4094 1641 4135 vero
1695 4082 1942 4140 Maubias

370 4159 620 4232 Sergium
679 4163 1050 4231 reprehendit,
1111 4164 1302 4222 dicens
1341 4167 1521 4235 :Quid
1574 4170 1944 4240 formidasti?

367 4244 470 4315 Qui
504 4252 785 4320 respondit
822 4269 883 4308 se
920 4251 1076 4322 juxta
1111 4272 1320 4312 morem
1368 4259 1586 4317 fecisse.
1616 4263 1935 4324 Conversus

2107 447 2235 487 vero
2264 432 2507 490 Mauhias
2537 435 2614 489 ait
2640 452 2654 490 :
2712 435 2980 490 .Tractabo
3011 452 3165 503 super
3200 438 3318 502 hoc,
3350 444 3406 492 et
3461 446 3700 492 utrum-

2102 539 2208 592 que
2253 525 2418 593 jussit
2487 528 2658 581 exire.
2735 526 2907 581 Porro
2972 526 3237 581 advocato
3284 528 3477 599 Sergio
3534 530 3693 585 dixit

2098 615 2146 669 ei
2187 632 2200 668 :
2252 614 2335 669 Ne
2378 618 2601 672 ulterius
2639 618 2828 673 adores
2876 620 3145 673 Andream
3193 636 3212 673 .'
3261 620 3499 690 alioquin
3544 623 3692 676 nihil

2088 707 2364 775 proﬁcies.
2422 709 2481 763 In
2511 714 2815 766 crastinum
2852 713 3035 781 itaque
3066 715 3406 783 praeveniens
3443 715 3687 786 Sergius

2094 798 2367 854 Andream
2399 816 2583 855 coram
2616 804 2839 857 Mauhia
2887 805 3133 869 sedebat,
3166 813 3223 859 ct
3263 807 3516 876 ingresso
3562 811 3685 861 An-

2093 888 2223 944 drea
2266 906 2373 946 non
2408 895 2457 947 ei
2493 894 2799 949 assurrexit
2844 903 2905 949 ut
2944 895 3059 950 lteri
3092 911 3106 949 :
3139 894 3388 951 Andreas
3420 914 3553 953 vero
3591 900 3682 952 in-

2095 981 2263 1036 tuitus
2295 983 2547 1052 Serginm
2584 986 2732 1040 hunc
2764 986 3030 1041 conviciis
3062 987 3322 1041 laceravit
3344 1000 3398 1043 et
3430 992 3676 1045 commi—

2090 1078 2255 1125 natus
2292 1081 2399 1136 est,
2441 1073 2629 1129 dicens
2651 1092 2671 1127 ε
2708 1074 2769 1129 Si
2791 1077 2989 1139 vixero,
3016 1076 3386 1131 demonstrabo
3424 1080 3521 1131 tibi
3550 1083 3675 1148 quis

2088 1166 2209 1218 sim.
2257 1167 2355 1221 Cui
2397 1166 2622 1239 Sergius
2659 1187 2673 1223 :
2711 1169 2854 1235 Non,
2890 1170 3105 1241 inquit,
3135 1188 3357 1242 assurgo
3390 1174 3511 1236 tibi,
3542 1176 3674 1244 quia

2087 1275 2190 1313 non
2214 1276 2267 1314 es
2313 1262 2392 1314 vir
2425 1278 2586 1332 neque
2612 1264 2833 1332 femina.
2870 1263 3041 1319 Porro
3086 1265 3334 1320 Mauhias
3366 1276 3672 1337 utrumque

2085 1368 2440 1422 compescens
2476 1355 2708 1411 Andreae
2760 1357 2897 1410 dixit
2930 1358 3203 1411 assentire
3234 1358 3367 1412 dare
3400 1362 3674 1427 quemad-

2084 1442 2307 1495 modum
2346 1441 2573 1513 Sergius
2600 1444 2714 1498 dat.
2758 1442 2825 1496 Et
2846 1455 3102 1514 quantum
3125 1446 3251 1498 est?
3283 1446 3360 1498 ait
3387 1446 3666 1502 Andreas.

2085 1532 2301 1588 Maubia
2339 1551 2472 1590 vero
2521 1536 2820 1591 illationem
2857 1536 3197 1605 publicorum
3224 1538 3475 1606 praebere
3524 1540 3667 1593 Ara-

2084 1624 2261 1681 bibus.
2295 1627 2395 1681 Ast
2423 1628 2669 1683 Andreas
2707 1642 2721 1679 :
2766 1626 2854 1681 Vre
2884 1628 2999 1691 tibi,
3044 1631 3153 1693 ait,
3186 1627 3433 1686 Mauhia.
3466 1629 3666 1685 Consi-

2084 1719 2212 1770 lium
2237 1720 2427 1795 tribuis
2449 1736 2634 1787 corpus
2655 1719 2823 1773 dandi
2844 1731 2892 1774 et
2910 1721 3346 1776 solamumbram
3372 1726 3663 1779 retinendi.

2084 1810 2563 1881 Quomodocunque
2608 1814 2857 1877 volueris,
2907 1830 3027 1866 cum
3062 1813 3246 1884 Sergio
3277 1820 3495 1871 conveni
3517 1834 3539 1871 :
3567 1835 3664 1888 ego

2072 1903 2211 1954 enim
2242 1902 2339 1957 hoc
2372 1904 2587 1958 minime
2613 1906 2776 1974 facio.
2829 1906 3199 1961 Verumtamen
3239 1919 3286 1963 te
3315 1909 3534 1963 dimisso
3589 1913 3663 1963 ad

2073 1990 2262 2057 Deum,
2294 1995 2383 2064 qui
2415 2006 2464 2048 te
2507 1998 2771 2064 potentior
2798 2008 2899 2059 est,
2951 2009 3008 2051 ut
3067 1997 3321 2053 Romanis
3357 2003 3663 2067 opituletur

2070 2084 2425 2153 confugimus,
2455 2095 2502 2139 et
2546 2087 2603 2141 in
2653 2104 2712 2142 eo
2754 2104 2897 2157 spem
2928 2102 3165 2143 nostram
3217 2091 3515 2153 posuimus.
3556 2092 3654 2152 His

2069 2174 2232 2230 dictis
2255 2176 2484 2232 blauliize
2516 2180 2636 2233 inlit
2662 2181 2834 2247 salve,
2865 2193 2917 2237 et
2939 2184 3109 2237 exivit
3141 2200 3170 2238 a
3198 2183 3646 2243 Damascensium

2069 2268 2308 2332 civitate,
2337 2279 2390 2325 et
2413 2272 2547 2343 abiit.
2582 2272 2908 2338 Melitenem,
2942 2291 3006 2331 eo
3032 2278 3177 2346 quod
3211 2288 3481 2349 tyrannus
3502 2290 3650 2336 esset

2071 2360 2122 2413 in
2158 2364 2408 2430 partibus
2462 2365 2591 2429 illis,
2628 2368 2693 2420 ad
2731 2384 2869 2436 quas
2921 2380 2975 2423 et
3017 2368 3243 2439 Sergius
3290 2385 3409 2428 erat
3441 2376 3651 2430 iturus.

2066 2449 2315 2521 Cumque
2355 2454 2583 2511 adiisset
2637 2458 3000 2524 Arabessum,
3065 2461 3297 2517 incurrit
3351 2466 3651 2521 clausura-

2064 2559 2186 2598 rum
2234 2549 2515 2605 custodem
2548 2569 2565 2607 :
2600 2569 2709 2607 non
2740 2555 2887 2609 enim
2920 2556 3212 2611 cohibebat
3239 2560 3348 2628 (65)
3380 2571 3653 2631 tyranno.

2067 2635 2205 2691 lluic
2246 2655 2377 2708 ergo
2402 2645 2660 2712 praecepit
2688 2647 2980 2702 observare
3009 2648 3250 2719 Sergium
3285 2659 3651 2717 redeuntem,

2065 2737 2124 2780 ut
2166 2729 2464 2786 adduceret
2494 2734 2644 2788 illum
2676 2737 2741 2789 ad
2769 2753 2848 2792 se.
2887 2740 3007 2807 ipse
3037 2756 3161 2794 vero
3195 2757 3302 2796 non
3340 2743 3653 2799 immemor

2061 2820 2344 2889 pergebat,
2407 2820 2659 2894 Sergium
2718 2830 3087 2896 praestolans;
3144 2847 3263 2899 quin
3309 2848 3441 2887 vero
3488 2846 3645 2903 gesta

2062 2920 2215 2975 sunt,
2269 2914 2549 2969 nuntiavit
2595 2917 2932 2987 imperatori.
2981 2922 3187 2977 Interea
3240 2922 3467 2993 Sergius
3515 2943 3639 2981 cum

2064 2999 2321 3070 Mauhia,
2379 3010 2500 3073 Quae
2548 3008 2663 3063 visa
2707 3008 2920 3066 fuerant
2968 3015 3211 3082 peractis
3260 3015 3412 3087 (σε),
3481 3034 3642 3072 acce-

2065 3087 2142 3157 pit
2180 3087 2474 3145 Phaladam
2512 3104 2794 3163 praetorem
2831 3100 3071 3155 Arabum
3116 3119 3248 3157 cum
3299 3122 3399 3174 ope
3435 3107 3637 3161 barba-

2064 3181 2177 3234 rica
2208 3194 2663 3241 concertaturum
2715 3198 2768 3243 et
2815 3194 3216 3250 anxiliaturum
3260 3197 3445 3253 Sabor.
3478 3201 3630 3255 Cum

2060 3284 2242 3328 autem
2286 3277 2619 3344 prarcederet
2672 3281 2896 3351 Sergius
2932 3284 3231 3341 Phadalatn
3264 3298 3314 3343 et
3344 3290 3406 3343 ad
3436 3288 3625 3345 Sabor

2057 3366 2403 3435 gratulanter
2434 3370 2633 3433 abiret,
2675 3373 2894 3429 devenit
2922 3377 2989 3431 ad
3021 3378 3311 3434 clausuras
3332 3389 3385 3435 et
3427 3382 3631 3437 incutit

2055 3455 2110 3510 in
2147 3459 2378 3515 Andreae
2414 3466 2624 3532 turbas,
2658 3475 2713 3523 et
2752 3470 2898 3524 hunc
2942 3472 3241 3529 retinentes
3277 3475 3513 3529 vinctum
3561 3479 3636 3532 ad

2052 3549 2324 3606 Andream
2358 3554 2655 3611 adducunt.
2690 3560 2758 3613 At
2798 3576 2930 3617 vero
2981 3562 3210 3634 Sergius
3242 3566 3360 3620 viso
3409 3567 3637 3623 Andrea

2048 3639 2216 3709 jactat
2247 3655 2419 3700 semet
2444 3647 2509 3700 ad
2544 3650 2719 3718 pedes
2751 3652 2894 3719 ejus,
2926 3654 3223 3711 obsecrans
3243 3672 3470 3725 parcere
3502 3661 3637 3714 sibi.

2051 3730 2146 3786 llle
2175 3742 2357 3789 autetn
2414 3738 2479 3792 ad
2525 3755 2650 3794 eum
2684 3760 2697 3796 :
2737 3740 2840 3807 Tu,
2880 3744 3078 3814 inquit.
3133 3762 3187 3801 es
3241 3746 3483 3817 Sergius,
3542 3752 3639 3820 qui

2046 3823 2367 3893 gloriabaris
2404 3830 2457 3882 in
2488 3833 2727 3888 virilibus
2779 3851 2962 3889 coram
3004 3836 3245 3901 Man/ria.
3282 3857 3462 3909 meque
3509 3860 3634 3895 sna-

2048 3914 2321 3971 lierculam
2354 3921 2678 3988 appellabas.
2707 3923 2840 3980 Ecce
2868 3928 3059 3981 amodo
3078 3930 3190 3999 (65)
3218 3932 3395 3985 virilia
3419 3946 3510 3985 tua
3532 3937 3634 3989 tibi

2047 4007 2181 4061 nihil
2205 4012 2521 4076 proderunt,
2548 4015 2684 4084 quin
2713 4016 2891 4085 potius
2936 4026 2989 4071 et
3037 4030 3203 4073 morte
3228 4022 3495 4090 ofﬁcient.
3533 4024 3635 4081 llis

2046 4096 2214 4154 dictis
2258 4103 2515 4173 praecepit
2570 4105 2749 4159 virilia
2785 4107 2907 4176 ejus
2963 4109 3196 4175 abscidi,
3228 4125 3283 4168 et
3328 4120 3633 4185 suspendit

2044 4204 2165 4244 cum
2194 4191 2248 4245 in
2277 4193 2441 4263 ligno.
2472 4194 2874 4255 Constantinus
2900 4210 3082 4256 autem
3111 4204 3298 4258 audito
3323 4204 3633 4262 Phadaidis

2044 4281 2281 4338 adventu
2316 4285 2369 4339 in
2404 4286 2631 4343 Saboris
2657 4290 2921 4344 auxilium
2980 4290 3349 4363 Nicephorum
3381 4297 3637 4352 destinat

364 4352 628 4411 praetcrea
651 4342 896 4399 Mauhias
944 4345 1079 4400 dicit
1101 4346 1367 4404 Andreae:
1405 4350 1546 4418 Quid
1577 4360 1768 4425 quieris
1786 4361 1812 4414 ?
1834 4359 1938 4426 Qui

2618 4342 2621 4343 ν
2981 4342 3349 4363 _,--_r----_---
3384 4342 3631 4352 --_---....

2066 4374 2337 4429 iatricium
2370 4392 2493 4433 cum
2526 4379 2771 4435 Romana
2800 4383 3000 4437 virtute
3035 4387 3329 4442 resistendi
3362 4386 3631 4444 Saborio.

364 4434 441 4487 ait
464 4452 477 4488 :
513 4432 580 4488 Ut
609 4436 698 4489 des
717 4437 978 4491 auxilium
996 4449 1181 4494 contra
1203 4442 1465 4500 rebellem.
1492 4446 1673 4503 Atille
1702 4468 1715 4505 :
1740 4452 1928 4519 Ambo,

363 4526 560 4596 inquit,
591 4527 791 4581 inimici
820 4530 967 4596 estis,
1021 4530 1111 4584 sed
1137 4549 1231 4603 ego
1255 4534 1302 4587 ei
1331 4537 1421 4606 qui
1474 4538 1594 4607 plus
1650 4544 1932 4610 prcebuerit

361 4616 520 4672 dabo.
554 4618 617 4672 Et
643 4620 891 4678 Andreas
917 4622 983 4677 ad
1006 4639 1129 4677 eum
1163 4643 1176 4678 :
1216 4623 1298 4680 Ne
1327 4628 1587 4699 ambigas,
1625 4633 1764 4701 iniit,
1796 4639 1933 4692 ami-

361 4724 444 4773 ra,
481 4714 730 4779 quoniam
792 4729 964 4782 pauca
1019 4714 1112 4769 tibi
1143 4717 1479 4786 imperatoris
1533 4725 1754 4781 meliora
1813 4740 1937 4785 sunt

357 4816 515 4868 quam
563 4801 721 4871 plura
772 4806 997 4860 rebellis.
1034 4805 1424 4873 Verumtamen,
1456 4814 1594 4876 quod
1649 4819 1935 4876 amabilius

2044 4463 2175 4518 Erat
2229 4476 2407 4522 autem
2450 4469 2628 4526 Sabor
2664 4471 3059 4546 Hadrianopoli
3096 4477 3341 4545 degens,
3393 4491 3448 4533 et
3494 4496 3629 4535 eum

2043 4554 2410 4626 Nicephorum
2445 4562 2510 4615 ad
2565 4578 2624 4618 se
2669 4565 2859 4620 venire
2912 4572 3297 4638 comperisset,
3325 4574 3635 4628 exercebat

2044 4656 2219 4703 semet
2257 4650 2321 4703 ad
2365 4654 2636 4720 prmlium.
2696 4655 2895 4713 Verum
2954 4658 3044 4714 die
3102 4662 3339 4731 quadam
3388 4667 3634 4733 cmitigit

2045 4739 2191 4795 hunc
2240 4747 2537 4800 secundum
2572 4752 3024 4806 consuetudinem
3072 4770 3229 4809 suam
3279 4753 3346 4809 de
3392 4757 3634 4813 civitate

2045 4848 2209 4904 super
2232 4852 2432 4907 equum
2484 4840 2761 4897 sedentem
2798 4844 2970 4899 exire.
3003 4845 3251 4917 Cumque
3283 4860 3455 4917 porta
3479 4850 3632 4904 civi-

1847 4935 2073 4999 NOTAE.

431 5008 543 5079 (62)
574 5008 839 5092 Campati.
867 5011 1205 5092 Glossarium
1230 5032 1244 5070 :
1268 5018 1919 5092 capuaoijcompatior.

356 5080 509 5158 liciti,
558 5084 888 5158 compatitur
948 5088 1281 5158 ᾳυμπᾴᾳχει.
1321 5080 1683 5157 Flodoardus,
1717 5080 1917 5158 ἡμξόξ

358 5168 378 5201 ι
414 5149 775 5234 .Compatiens
802 5149 1244 5234 tnbulatigmibiis
1282 5158 1474 5226 ipsius.
1515 5178 1532 5211 ι
1564 5149 1919 5234 Οοιίιρειίίἒέί

354 5221 731 5276 misericordia
771 5224 997 5277 moveri.
1033 5222 1197 5280 ΕΔΜ.

428 5290 541 5362 (65)
579 5291 885 5363 Cobibebat.
928 5294 1133 5350 Auctor
1186 5294 1461 5362 Miscellre,
1512 5303 1914 5363 consentiebat.

355 5359 647 5446 facundus
681 5362 1111 5446 lle-rmianensis,
1143 5364 1185 5422 Ι.
1217 5367 1307 5446 ,ε
1346 5386 1365 5446 t
1394 5359 1597 5446 sancta
1626 5374 1717 5426 illa
1747 5359 1912 5446 syno;

352 5431 454 5483 dus
508 5432 702 5487 btet-esi
748 5434 1083 5489 Nestorianae
1146 5439 1415 5492 cohibuit.
1452 5458 1471 5489 ι
1511 5441 1573 5493 Et
1601 5431 1913 5500 cohibentia

352 5500 494 5567 apud
526 5503 775 5580 eumdem
816 5506 1032 5580 passiur
1073 5509 1334 5562 occurrit.
1398 5507 1624 5580 Gregor.
1670 5511 1804 5567 Tur.
1840 5517 1909 5571 H.

378 5588 445 5641 ξχς
486 5590 501 5617 ι
554 5571 826 5628 Ilabentes
871 5576 1300 5632 conniventiam.
1346 5598 1364 5631 ι
1395 5571 1905 5641 Ms.vcoltibentiam.

348 5634 554 5692 Glosste
585 5642 817 5697 Dosithci
864 5662 875 5697 :
927 5648 1182 5713 conibere,
1238 5653 1549 5719 consentire,
1588 5634 1905 5723 cohibentia,

2029 5054 2331 5095 consensus.
2367 5040 2692 5101 Hincmarus
2732 5047 2926 5103 Rhem.
2950 5049 3023 5104 De
3062 5049 3377 5105 Prwdestin.
3413 5067 3427 5101 :

3461 5072 3479 5103 ε
3522 5051 3627 5109 Tia

2037 5124 2253 5190 meone
2282 5115 2591 5190 conbibere
2608 5118 2814 5190 sitJtoc
2848 5128 3047 5175 tacere.
3084 5140 3102 5171 ι
3144 5123 3223 5176 In.

2098 5178 2215 5302 364)
2275 5180 2538 5238 Peractis.
2571 5178 2721 5257 Lege
2760 5200 2967 5256 pactus.
3004 5191 3246 5261 Στοιχείν
3276 5204 3361 5247 est
3385 5193 3618 5259 pacisci.

2134 5268 2164 5302 tt
2206 5252 2464 5302 lectiones
2488 5253 2863 5302 Tllnnnrilit'nc
2898 5260 3205 5302 Caeanhnni
3234 5279 3262 5302 ρ
3316 5263 3381 5302 tn
3436 5260 3589 5302 Fusus

2134 5268 2164 5303 (τ
2206 5252 2464 5309 lectiones
2488 5252 2863 5313 Theocriticas
2898 5252 3206 5315 Casaubohi
3234 5279 3282 5316 c.
3316 5252 3402 5316 1οξ
3436 5260 3615 5319 Fsan.

2099 5319 2212 5403 (ϐξ)
2244 5322 2467 5403 Amodo.
2502 5325 2803 5403 Gregorius
2841 5328 2977 5384 Tur.
3008 5328 3075 5385 ﬂ.
3109 5346 3192 5395 Ill,
3223 5332 3257 5385 5
3292 5350 3304 5383 :
3355 5351 3372 5383 ι
3401 5332 3617 5403 Plange

2023 5389 2247 5472 amodo,
2283 5393 2502 5472 qui_per
2523 5389 2814 5472 ceiisilhnn
2858 5415 3088 5467 nequam
3126 5389 3302 5458 lactus
3339 5418 3400 5457 es
3429 5389 3618 5472 parili?

2031 5458 2151 5528 cida
2188 5458 2550 5519 saevissimus.
2615 5485 2634 5518 ι
2695 5458 3070 5524 Οηοηιαείὶσοη
3108 5486 3125 5525 :
3162 5490 3179 5523 ι
3228 5458 3446 5528 Δηιοόὸ
3496 5474 3614 5527 ἀπὸ

2019 5527 2237 5649 isti-sou.
2278 5530 2459 5588 Utitur
2486 5537 2757 5608 interpres
2786 5539 2904 5596 Vet.
2940 5538 3272 5598 Testamenti
3300 5552 3353 5598 et
3376 5543 3536 5598 Novi.
3582 5561 3605 5597 ι

2604 5805 2608 5808 .
2617 5801 2683 5812 -κ
3030 5806 3061 5814 .-
