3950 6234
270 328 406 393 1329

1075 329 1438 392 HISTORiA
1466 332 2039 394 ECCL'ES'IASTICA
2076 331 2180 390 EX
2212 327 2693 390 THEUPIIANE.

3367 323 3502 388 1330

268 438 400 491 tatis
440 433 982 504 appropinquasset,
1017 447 1219 504 equum
1268 434 1482 508 ﬂagello
1514 439 1836 508 percussit;
1869 425 1912 498 Α
1941 445 2056 492 tum
2114 437 2170 491 itt
2227 437 2490 502 Africam,
2539 444 2594 492 et
2649 433 2861 504 captiva
2895 432 3165 489 duxerunt
3236 435 3428 504 millia,
3457 451 3512 492 ut

267 527 364 597 qtti
395 525 668 596 iactanter
695 523 900 579 saliens
927 531 980 579 et
1005 525 1126 595 ejus
1159 536 1322 596 caput
1356 529 1410 581 in
1455 536 1670 598 portam
1720 529 1838 582 alli-

267 620 426 674 dens.
453 617 598 672 hunc
635 615 777 670 male
821 616 934 670 vita
996 620 1252 687 privavit,
1279 627 1334 674 et
1363 621 1444 675 sic
1475 620 1620 677 Deus
1667 621 1841 692 impe-

267 709 444 765 ratori
474 707 758 762 victoriam
792 708 1047 763 contulit.
1081 707 1353 766 Phadalas
1397 719 1578 768 autem
1613 713 1842 769 veniens

268 802 326 856 in
356 800 636 870 Exapolim
667 808 721 853 et
751 799 866 853 haec
903 802 1086 856 omnia
1117 801 1340 858 discens
1369 804 1626 860 turbatus
1655 813 1761 868 est,
1787 813 1841 860 et

269 890 423 946 misit
457 891 526 942 ad
579 887 856 943 Mauhiam
888 891 1182 959 postulans
1213 893 1569 961 adjutorium,
1597 909 1662 947 eo
1695 893 1840 962 quod

269 981 499 1037 Romani
537 980 604 1033 ad
628 980 982 1034 concordiam
1020 985 1432 1038 convenissent.
1465 984 1630 1038 Mittit
1654 993 1840 1040 autem

267 1072 319 1126 ei
372 1070 624 1126 Mauhias
658 1071 832 1125 lilium
875 1086 1035 1126 suum
1072 1071 1250 1137 Hirid,
1282 1087 1503 1128 armans
1543 1091 1667 1129 eum
1714 1089 1840 1129 cum

271 1159 622 1216 multitudine
651 1160 1048 1216 Romanorum.
1079 1163 1469 1218 (ionvenerunt
1498 1173 1680 1220 autem
1704 1167 1844 1220 utri-

269 1269 380 1324 que
401 1252 540 1323 apud
577 1252 1002 1318 Chalcedonam,
1032 1262 1085 1308 et
1122 1255 1672 1324 captivos-duxerunt
1705 1259 1842 1312 mul-

272 1355 360 1400 tos
415 1362 430 1398 :
481 1353 748 1413 ceperunt
812 1355 994 1399 autem
1040 1355 1094 1400 et
1131 1347 1416 1401 Amor-ium
1471 1346 1738 1420 Phrygiae,
1787 1361 1842 1405 et

268 1437 514 1506 quinque
547 1435 798 1490 millibus
830 1446 1171 1492 armatorum
1206 1439 1449 1493 virorum
1479 1440 1725 1496 dimissis
1781 1443 1837 1497 in

273 1527 582 1582 custodiam
613 1527 737 1596 ejus
765 1527 1120 1583 diverterunts
1143 1529 1196 1583 in
1233 1528 1467 1600 Syriam.
1496 1531 1630 1585 Cum
1659 1541 1836 1588 autem

270 1619 447 1673 hiems
485 1619 831 1682 accessisset,
872 1620 1038 1674 mittit
1090 1620 1392 1690 imperator
1433 1623 1684 1678 eumdem
1727 1625 1839 1678 Λη-

269 1710 459 1765 dream
505 1710 951 1778 cubicularium;
1010 1719 1064 1766 et
1121 1727 1247 1766 cum
1300 1715 1395 1768 nix
1445 1725 1592 1770 esset
1645 1718 1835 1783 multa,

1948 529 2172 596 ferunt,
2227 529 2564 598 octuaginta.
2635 527 2813 582 Porro
2881 527 2934 580 hi
3000 526 3092 596 qui
3150 525 3507 584 Orientalium

1945 633 2104 678 erant
2137 623 2568 694 provinciarum,
2599 619 2981 692 Chrysopolim
3010 628 3282 675 venerunt
3323 622 3511 677 dicen-

1944 721 2027 769 tes
2055 731 2068 767 :
2108 714 2168 769 Si
2207 716 2259 767 in
2293 713 2610 767 Trinitatem
2663 713 2945 774 credimus,
2979 721 3082 766 tres
3108 713 3267 766 etiam
3300 731 3516 770 corone-

1943 819 2080 858 mus.
2117 803 2388 857 Turbatus
2411 817 2538 872 ergo
2577 811 2657 856 est
2689 801 3086 857 Constantinus
3107 817 3173 857 eo
3199 804 3346 872 quod
3400 805 3515 872 ipse

1944 895 2097 949 solus
2133 894 2421 949 redimitus
2452 901 2630 958 esset;
2664 893 2862 948 fratres
2911 905 3091 948 autem
3139 893 3258 964 ejus
3311 897 3513 952 nullam

1942 983 2266 1054 dignitatem
2317 983 2610 1038 habebant.
2648 983 2712 1036 Et
2758 983 2925 1038 misso
2957 983 3248 1039 Theodoro
3284 987 3516 1055 patricio

1941 1075 2186 1131 Coloniae
2241 1075 2512 1144 mitigavit
2558 1073 2674 1138 eos,
2727 1075 3126 1146 superlaudans
3161 1077 3302 1143 illos,
3347 1088 3399 1134 et
3429 1093 3517 1134 as-

1939 1165 2172 1235 sumptis
2217 1181 2284 1221 ex
2314 1167 2394 1220 eis
2417 1164 2718 1235 majoribus
2756 1176 2906 1230 natu,
2946 1172 3008 1220 ut
3039 1165 3226 1220 urbem
3267 1167 3518 1236 ingrede-

1943 1263 2139 1310 rentur
2165 1262 2219 1310 et
2260 1271 2383 1310 cum
2426 1264 2621 1310 senatu
2675 1254 3234 1320 inirent-consilium,
3276 1266 3335 1311 ut
3366 1257 3518 1312 fleret

1942 1346 2203 1402 voluntas
2253 1362 2469 1401 eorum.
2528 1347 2829 1416 Imperator
2873 1347 3054 1400 taliter
3104 1346 3203 1402 h‘os
3259 1347 3518 1418 deceptos

1942 1434 2236 1491 confestim
2284 1436 2339 1490 in
2381 1436 2638 1506 patibulo
2681 1436 2989 1506 suspendit,
3040 1445 3194 1492 trans
3229 1435 3427 1491 fretum
3461 1437 3515 1491 in

1947 1524 2141 1598 Syces.
2195 1528 2265 1580 At
2318 1527 2394 1580 iHi
2448 1527 2552 1582 hoc
2584 1528 2701 1582 viso
2731 1527 2945 1582 confusi
2973 1528 3227 1583 abierunt
3267 1528 3519 1583 dolenter

1947 1619 2014 1672 ad
2045 1620 2270 1690 propria
2299 1638 2312 1674 :
2348 1620 2650 1690 imperator
2682 1631 2862 1675 autem
2891 1619 3120 1676 fratrum
3144 1636 3368 1676 suorum
3398 1638 3521 1678 con-

1939 1710 2094 1766 tinuo
2133 1726 2301 1767 nasos
2341 1712 2597 1767 abscidit.
2653 1776 2666 1786 ί

271 1810 437 1857 noctu
470 1805 641 1867 venit,
673 1811 726 1857 et
763 1819 858 1873 per
893 1804 1100 1875 lignum
1151 1807 1454 1861 ascendunt
1499 1809 1554 1863 in
1600 1827 1839 1877 murum,
1875 1775 1918 1829 Β
2026 1802 2187 1859 Anno
2243 1805 2456 1874 imperii
2505 1805 2848 1859 Constantini
2911 1805 3152 1861 secundo
3220 1812 3520 1874 tempestas

271 1905 326 1949 et
363 1895 752 1964 ingrediuntur
798 1895 1079 1950 Amorium
1111 1937 1127 1962 ,
1179 1907 1234 1952 et
1285 1914 1476 1955 omnes
1509 1902 1843 1960 interficiunt

273 1984 504 2050 Arabes,
541 1985 614 2039 ita
663 1995 731 2039 ut
750 2001 817 2039 ex
845 1986 1088 2057 quinque
1120 1988 1367 2045 millibus
1395 1991 1507 2046 illic
1533 1993 1719 2047 nullus
1748 2009 1843 2064 pe-

278 2075 429 2130 nitus
454 2085 788 2132 remaneret.

348 2165 536 2222 lttndi
575 2183 722 2224 anno
783 2168 946 2235 6l60,
997 2171 1198 2226 divina:
1252 2173 1650 2234 incarnationis
1700 2195 1845 2234 anno

273 2255 399 2322 660,
428 2273 572 2312 anno
593 2275 721 2315 vero
744 2263 954 2332 imperii
981 2264 1174 2329 sui27,
1206 2263 1482 2323 Constans
1511 2270 1728 2326 occisus
1761 2278 1846 2328 est

274 2351 404 2408 dolo
430 2352 484 2406 in
519 2353 710 2408 Sicilia
741 2357 884 2425 apud
919 2354 1250 2422 Syracusam
1283 2361 1336 2413 in
1367 2361 1585 2428 balneo,
1614 2363 1700 2416 cui
1747 2379 1847 2417 no-

278 2459 401 2498 men
450 2453 571 2499 erat
607 2447 830 2517 Daphne
865 2464 880 2500 :
912 2447 1089 2503 funerat
1121 2458 1300 2505 autem
1332 2467 1496 2507 causa
1553 2454 1684 2509 haec.
1718 2457 1848 2512 Post

275 2535 751 2607 interemptionem
795 2538 1091 2595 Theodosii
1146 2542 1337 2597 fratris
1374 2545 1548 2613 ipsius
1590 2547 1720 2600 odio
1752 2548 1847 2600 hac

277 2629 426 2684 bitus
455 2640 538 2684 est
571 2649 598 2683 a
639 2629 938 2701 Byzantiis,
959 2640 1012 2686 et
1041 2635 1276 2688 maxime
1311 2635 1436 2703 quia
1466 2646 1518 2689 et
1551 2635 1844 2691 Martinum

277 2723 694 2778 sanctissimum
737 2739 928 2793 papam
962 2723 1270 2780 Romanum
1308 2728 1672 2798 ignominiose
1697 2729 1845 2784 Con-

277 2815 691 2883 stantiuopolim
716 2815 869 2869 duxit
898 2823 949 2869 et
973 2816 1164 2871 exsilio
1202 2820 1460 2889 relegavit
1486 2837 1652 2890 penes
1680 2821 1849 2878 Cher-

275 2905 432 2960 sonis
463 2906 709 2971 climata,
750 2913 802 2959 et
857 2905 1076 2960 Maximi
1119 2910 1508 2977 sapientissimi
1550 2922 1603 2967 et
1630 2916 1849 2971 confes-

276 2996 423 3051 soris
473 2996 721 3066 linguam
756 3012 1085 3067 manumque
1111 3001 1404 3065 truncavit,
1435 3012 1488 3058 et
1524 3005 1724 3061 multos
1754 3023 1850 3060 or-

1944 1908 2142 1965 magna
2170 1894 2364 1949 eﬂ‘ecta
2389 1904 2493 1963 est,
2529 1904 2584 1948 et
2622 1896 2779 1949 multi
2808 1895 3095 1964 periclitati
3129 1904 3258 1950 sunt
3283 1905 3390 1950 tam
3419 1895 3518 1948 bo.

1945 1986 2118 2040 mines
2158 2001 2320 2056 quam
2359 1985 2563 2042 bcstim.
2595 1985 2863 2043 Phadalas
2889 1995 3072 2042 autem
3111 1986 3343 2042 hiemem
3375 1987 3536 2057 apud”

1944 2076 2201 2147 Cyzicum
2242 2077 2392 2131 fecit.

2015 2167 2174 2220 Anno
2208 2165 2423 2236 imperii
2453 2165 2800 2222 Constantini
2833 2167 2996 2223 tertio
3037 2167 3216 2223 Busur
3251 2183 3377 2222 cum
3418 2169 3520 2224 ho-

1947 2257 2058 2312 stili
2097 2257 2375 2328 profcctus
2420 2265 2506 2314 est
2557 2267 2845 2329 apparatu,
2901 2268 2956 2314 et
3001 2259 3258 2330 plurimis
3290 2260 3522 2331 captivis

1947 2351 2130 2406 ductis
2162 2365 2414 2406 reversus
2441 2357 2548 2406 est.

2018 2440 2204 2496 Mundi
2267 2456 2412 2496 anno
2471 2441 2635 2507 6164,
2671 2441 2868 2496 divinas
2921 2441 3318 2498 incarnationis
3376 2457 3520 2496 anno

1949 2531 2073 2596 664,
2113 2547 2259 2588 anno
2289 2548 2417 2587 vero
2441 2533 2661 2603 imperii
2705 2532 3053 2588 Constantini
3110 2543 3306 2604 quarto
3353 2548 3524 2603 appa-

1950 2623 2063 2676 ruit
2099 2623 2202 2678 lris
2227 2623 2281 2676 in
2331 2623 2475 2679 coelo
2518 2638 2706 2680 mense
2740 2621 2956 2687 Martio,
2991 2633 3046 2680 et
3077 2624 3302 2678 tremuit
3344 2623 3522 2680 omnis

1949 2727 2104 2779 caro,
2157 2714 2231 2767 ita
2297 2721 2359 2767 ut
2412 2713 2661 2769 dicerent
2712 2728 2904 2769 omnes
2946 2713 3090 2784 quod
3123 2713 3524 2769 consummatio

1947 2811 2055 2860 est.
2088 2803 2288 2858 Eodem
2310 2819 2455 2859 anno
2487 2805 2631 2860 stolo
2654 2819 2854 2874 magno
2880 2813 3201 2860 constructo
3234 2811 3522 2873 negatores

1950 2892 2157 2948 Christi
2187 2892 2440 2949 Muamed
2491 2904 2547 2949 et
2599 2893 2798 2949 Caisus
2846 2893 3244 2963 navigaverunt
3290 2894 3344 2945 in
3388 2891 3521 2946 Cili-

1950 2983 2114 3048 ciam,
2139 2992 2195 3037 et
2224 2985 2603 3038 hietnaverunt
2645 2999 2813 3052 penes
2849 2985 3161 3054 Smyrnam,
3189 2983 3434 3039 Ciliciam
3469 2989 3523 3036 et

277 3084 663 3139 thodoxorum.
698 3085 1026 3142 verberibus
1061 3096 1116 3142 et
1147 3089 1361 3142 exsiliis
1410 3100 1465 3145 et
1501 3096 1850 3162 proscriptio-

1955 3071 2196 3144 Lyciam,
2231 3083 2285 3128 et
2321 3073 2461 3128 facta
2490 3081 2575 3130 est
2609 3074 2919 3129 mortalitas
2948 3076 3004 3129 in
3032 3075 3519 3150 Egypto.,Missus

274 3176 462 3241 nibus,
505 3192 572 3230 eo
624 3177 770 3245 quod
807 3179 997 3232 heresi
1030 3193 1143 3233 suae
1189 3180 1500 3238 nullatenus
1529 3187 1849 3255 acquiesce-

279 3277 423 3327 rent,
460 3268 884 3332 condemnavit;
938 3270 1071 3338 quin
1100 3278 1155 3324 et
1189 3270 1327 3326 duos
1374 3273 1715 3342 Anastasios,
1754 3279 1848 3348 qui

281 3359 534 3428 discipuli
569 3359 786 3414 fuerant
828 3359 1048 3416 Maximi
1081 3363 1420 3421 confessoris
1468 3376 1523 3422 et
1569 3372 1844 3441 martyris,

279 3453 568 3506 tormentis
602 3461 656 3508 ct
705 3453 917 3508 exsiliis
976 3454 1222 3510 tradidit.
1274 3457 1499 3527 Propter
1540 3461 1667 3515 talia
1717 3477 1850 3532 ergo

282 3557 483 3598 exosus
508 3545 723 3600 cunctis
755 3544 991 3601 effectus
1017 3555 1120 3600 est.
1153 3546 1288 3602 Cttm
1321 3559 1500 3604 autem
1548 3553 1703 3608 valde
1734 3570 1849 3610 me-

282 3646 482 3703 tueret,
509 3638 681 3693 voluit
727 3638 1017 3707 imperium
1074 3639 1128 3692 in
1174 3639 1360 3694 urbem
1404 3641 1631 3696 Romam
1670 3654 1851 3701 trans-

281 3727 462 3791 ferre,
500 3730 648 3785 nnde
691 3738 757 3784 et-
790 3730 1195 3798 imperatricem
1252 3740 1477 3801 tresque
1530 3734 1669 3790 filios
1722 3752 1851 3795 suos

281 3820 472 3876 tollere
499 3835 529 3874 a
563 3820 828 3892 Byzantio
881 3821 1073 3885 voluit,
1135 3823 1242 3877 nisi
1277 3825 1524 3880 Andreas
1567 3827 1852 3882 cubicula-

285 3911 422 3966 rius.
458 3919 514 3967 et
552 3911 874 3969 Theodorus
908 3912 1150 3968 Coloniae
1209 3915 1374 3984 hujus
1445 3918 1852 3986 prohibuissent

283 4003 603 4058 consilium.
651 4003 798 4059 Sane
857 4004 911 4058 in
953 4003 1141 4060 Sicilia
1179 4005 1309 4062 iecit
1358 4023 1534 4065 annos
1561 4024 1675 4064 sex—.
1715 4009 1849 4065 Cum

284 4101 470 4148 autem
522 4095 842 4164 praedictum
884 4097 1141 4152 balneum
1184 4099 1466 4170 ingressus
1503 4099 1717 4166 fuisset,
1768 4103 1853 4157 itt-

284 4185 628 4240 troivit-cum
660 4202 725 4242 eo
765 4186 984 4256 quidam
1012 4189 1259 4244 Andreas
1291 4190 1435 4246 ﬁlius
1462 4190 1655 4260 Troili,
1689 4194 1853 4249 obse-

282 4277 530 4333 cundans
562 4278 674 4344 illi;
720 4289 776 4334 et
811 4295 935 4334 cum
977 4282 1237 4351 coepisset
1267 4298 1472 4354 sapone
1499 4287 1710 4342 Calliro
1736 4287 1848 4358 (66)

285 4365 526 4432 deliniri,
551 4383 776 4423 sumens
808 4367 1054 4423 Andreas
1080 4370 1304 4424 situlam
1333 4371 1479 4426 dedit
1509 4388 1628 4428 eam
1655 4375 1706 4428 in
1734 4390 1849 4428 ver-

1954 3174 2133 3218 autem
2168 3174 2251 3220 est
2285 3181 2462 3221 sazvus
2489 3166 2730 3221 amireus
2760 3181 2885 3222 cum
2912 3167 3019 3222 alio
3052 3182 3269 3239 quoque
3295 3168 3435 3223 stolo
3463 3167 3546 3227 in.

1951 3256 2215 3311 auxilium
2233 3257 2501 3326 ipsorum,
2520 3265 2709 3328 utpote
2723 3259 3259 3328 congruentissimns
3273 3266 3327 3312 et
3341 3259 3519 3317 audax

1952 3350 2020 3404 ad
2075 3351 2342 3420 praelium.
2371 3351 2443 3404 A-t
2473 3367 2606 3406 vero
2634 3351 2903 3422 lprazlatus
2944 3350 3380 3416 Constantinus,
3415 3351 3524 3405 hu-

1947 3441 2187 3511 jusmodi
2221 3442 2411 3498 Deum
2440 3443 2876 3515 itnpug-nantium
2922 3443 3190 3498 adversus
3237 3439 3552 3497 Constan-.

1954 3533 2242 3602 tinopelim
2271 3541 2420 3588 motu
2475 3542 2783 3602 comperto,
2814 3533 3127 3588 construxit
3168 3539 3222 3585 et
3256 3533 3374 3602 ipse
3406 3534 3527 3590 bie-

1954 3639 2041 3679 res
2093 3625 2249 3678 mira:
2311 3623 2732 3694 magnitudinis,
2787 3625 2965 3695 ignem
3018 3625 3297 3686 ferentes,
3359 3632 3550 3696 atque-

1955 3713 2268 3769 dromones.

2024 3805 2184 3860 Anno
2261 3805 2473 3874 imperii
2555 3805 2902 3861 Constantini
2973 3807 3167 3877 quinto
3222 3810 3550 3880 praedictus.

1956 3894 2126 3950 Deum
2161 3897 2599 3967 impugnantium
2633 3898 2807 3953 stolus
2840 3901 3144 3956 ascendens
3170 3902 3436 3972 applicuit
3468 3903 3521 3956 in

1955 3987 2365 4044 Thraceusibus
2429 3989 2680 4059 partibus
2719 4031 2734 4053 ,
2806 4006 2834 4044 a
2881 3994 3197 4048 summitate
3270 3995 3550 4053 videlicet.

1957 4081 2208 4152 Septimi,
2247 4099 2368 4153 qua:
2394 4084 2568 4153 vergit
2596 4084 2662 4138 ad
2685 4083 3046 4151 occidentem,
3075 4085 3126 4140 id
3156 4096 3260 4151 est,
3301 4102 3330 4140 a
3361 4086 3552 4143 domo-

1955 4189 2081 4244 quze
2120 4173 2415 4242 Maguaura
2443 4171 2666 4239 dicitur,
2704 4182 2757 4229 et
2789 4190 2984 4232 rursus
3013 4191 3188 4247 usque
3229 4177 3297 4232 ad
3345 4193 3546 4234 arcent-

1957 4281 2121 4338 quatn
2148 4264 2467 4336 Cyt-lohium
2487 4263 2700 4327 dicunt,
2727 4281 2960 4336 quaeque
2996 4277 3208 4338 spectat
3237 4269 3303 4323 ad
3334 4267 3528 4326 Orien-

1957 4367 2093 4414 tem.
2147 4357 2248 4411 Per
2314 4366 2485 4410 totum
2545 4359 2727 4428 itaque
2789 4358 2933 4414 diem
3014 4363 3333 4433 congressio
3402 4363 3556 4420 belli-

282 4456 445 4510 ticem
474 4461 843 4528 imperatoris,
870 4469 924 4514 et
953 4460 1204 4530 protinus
1234 4462 1391 4530 fugit.
1424 4462 1520 4516 Ast
1555 4463 1855 4533 imperator

1959 4450 2268 4515 tenebatur,
2300 4449 2353 4502 id
2379 4459 2466 4504 est
2507 4464 2536 4501 a
2594 4464 2754 4504 mane
2806 4465 2981 4520 usque
3030 4451 3094 4506 ad
3154 4467 3460 4522 vesperam,
3497 4467 3555 4508 a.

286 4562 410 4601 cum
446 4549 761 4606 tardarctur
814 4552 866 4605 in
911 4551 1107 4607 balneo
1137 4592 1151 4614 ,
1194 4553 1446 4607 insiliunt
1502 4553 1557 4607 h'i
1593 4555 1682 4624 qui
1718 4554 1851 4610 foris

285 4648 482 4703 erant,
533 4649 587 4693 et
640 4640 928 4710 reperiunt
979 4641 1364 4710 imperatorem
1405 4642 1675 4698 occisum.
1732 4646 1853 4710 Quo

285 4729 500 4797 sepulto
527 4729 747 4785 Mizium
793 4732 1080 4797 quemdam
1112 4732 1431 4787 Armenium
1469 4731 1849 4803 imperatorem

289 4819 559 4886 fecerunt,
611 4824 663 4876 vi
704 4830 962 4892 cogentes
1006 4822 1154 4878 hunc
1187 4831 1349 4878 :erat
1381 4825 1526 4879 enim
1567 4826 1722 4878 valde
1753 4827 1852 4880 de-

285 4928 464 4969 curus.
481 4921 538 4969 et
573 4915 878 4984 speciosus.
903 4915 1104 4970 Audito
1145 4925 1411 4986 praeterea
1449 4916 1850 4973 Constantinus

289 5006 468 5072 patris
498 5007 651 5061 obitu
686 5021 811 5060 cum
857 5007 1028 5061 multo
1062 5008 1280 5078 navigio
1311 5009 1368 5063 in
1402 5007 1648 5064 Siciliam
1685 5009 1852 5075 venit,

286 5103 352 5149 ct
382 5111 675 5167 aggressus
706 5096 923 5150 Minium
958 5097 1102 5153 hunc
1135 5098 1410 5154 interfecit
1435 5114 1560 5154 cum
1605 5099 1854 5155 occciso-

287 5189 444 5241 ribus
469 5189 640 5258 patris
681 5189 788 5256 sui,
821 5196 875 5243 et
913 5189 1182 5245 ordinatis
1225 5188 1505 5261 Hesperiis
1535 5191 1854 5246 Constanti-

288 5281 528 5346 nopolim
556 5282 737 5348 rediit,
777 5289 832 5336 et
883 5281 1148 5338 Romanis
1193 5299 1302 5337 una
1352 5298 1475 5337 cum
1533 5282 1753 5338 Tiberio
1801 5290 1856 5337 et

285 5369 540 5428 Heraclio
571 5372 833 5428 fratribus
864 5373 1116 5443 imperat.

358 5463 518 5519 Anno
552 5465 728 5535 primo
779 5465 994 5536 imperii
1038 5465 1383 5521 Constantini
1435 5465 1624 5522 decem
1673 5477 1729 5522 et
1775 5482 1856 5524 se-

288 5563 436 5624 ptem
465 5557 625 5612 annis
654 5557 977 5626 imperantis
1008 5565 1297 5612 moverunt
1341 5557 1598 5612 Saraceni
1646 5561 1854 5615 exerci-

1959 4539 2270 4594 Brachialio
2305 4554 2482 4593 aurea:
2528 4549 2698 4609 portae
2743 4555 2918 4610 usque
2960 4541 3028 4595 ad
3069 4541 3407 4614 Cyclobium,
3444 4544 3554 4599 iri--

1959 4633 2134 4686 vicem
2187 4641 2416 4700 utraque
2470 4639 2626 4700 parte
2683 4647 2830 4686 nunc
2884 4631 3116 4702 impulsa
3156 4649 3303 4688 nunc
3340 4634 3530 4704 impele

1959 4721 2125 4775 lente.
2184 4721 2240 4773 In
2295 4720 2380 4774 his
2437 4719 2606 4790 igitur
2646 4717 2954 4788 deguerunt
3007 4719 3078 4775 ab
3128 4721 3300 4792 Aprili
3345 4739 3536 4780 mense.

1961 4827 2136 4882 usque
2193 4811 2258 4866 ad
2311 4809 2740 4880 Septembrium,
2767 4817 2825 4865 et
2865 4811 3068 4866 reversi
3112 4811 3370 4884 Cyzicum
3408 4829 3549 4885 per-

1961 4917 2118 4978 gunt,
2150 4914 2204 4961 et
2240 4905 2344 4959 hac
2372 4904 2773 4974 comprehensa
2810 4903 2921 4959 illic
2946 4904 3279 4972 hiemabant,
3297 4919 3349 4962 et
3378 4910 3546 4964 omni.

1959 5014 2088 5053 vere
2118 4995 2420 5053 ascendens
2448 4995 2701 5050 similiter
2730 5011 2828 5064 per
2869 5011 3018 5051 mare
3050 4999 3362 5058 conﬂictum
3383 5015 3523 5057 cum

1960 5089 2289 5146 Christianis
2342 5086 2599 5142 habebat.
2652 5084 2757 5140 Per
2815 5095 3020 5158 septem
3053 5105 3184 5144 sane
3233 5091 3525 5148 annosltis

1959 5185 2164 5240 eisdem
2219 5181 2412 5252 gestis,
2459 5187 2514 5233 et
2574 5179 2759 5234 divina
2815 5177 3020 5250 Deique
3070 5181 3364 5237 Genitricis
3425 5197 3527 5252 ope

1960 5274 2312 5334 multitudine
2343 5271 2589 5325 virorum
2638 5271 3028 5327 bellicosorum
3058 5274 3284 5337 amissa,
3315 5281 3366 5326 et
3387 5273 3528 5333 ~vul-

1963 5370 2248 5427 neratione
2299 5365 2535 5419 maxima
2589 5364 2644 5418 in
2682 5365 2762 5419 eis
2802 5365 3023 5429 effecta,
3055 5365 3273 5420 confusi
3321 5363 3526 5420 reversi

1963 5473 2091 5522 sunt
2119 5478 2241 5518 cuin
2269 5458 2473 5531 ingenti
2507 5456 2786 5511 maestitia.
2811 5455 2946 5510 Cum
2969 5467 3151 5514 autem
3180 5455 3531 5510 discessisset

1961 5558 2104 5614 idem
2133 5549 2530 5625 demergendus
2579 5560 2610 5599 a
2647 5544 2753 5600 Deo
2782 5550 2977 5614 stolus,
3011 5549 3079 5603 ab
3125 5547 3342 5603 hiemali
3391 5557 3526 5603 tBSltl

1781 5669 2012 5729 NOTAE.

358 5760 471 5832 (66)
511 5763 745 5833 Saponis
799 5762 1015 5830 Gallici,
1050 5778 1158 5834 quo
1191 5762 1489 5820 utebantur
1517 5762 1571 5818 in
1617 5763 1848 5834 balneis,
1891 5761 2572 5824 meminit'l'heomncstus
2619 5757 2890 5829 Hippiatr.
2940 5771 2978 5823 1,
3018 5756 3108 5811 20.
3148 5755 3311 5813 Μελ.
