3960 6228
490 291 620 358 1331

1542 290 1943 351 ANASTASII
1982 291 2612 353 BIBLIOTHECARII

3610 291 3768 357 1333

486 418 541 461 et
571 405 767 476 Spiritu
814 402 1176 476 procellarum
1234 402 1381 457 circa
1436 408 1623 473 partes
1684 401 1865 474 Syllzci
1904 416 2055 457 com-
2083 404 2132 460 A
2159 416 2349 458 mosus
2371 404 2454 457 vir
2483 402 2551 457 ad
2580 403 2964 473 imperatorem
3006 416 3133 456 cum
3165 401 3489 456 muneribus
3513 417 3761 472 quoque

487 498 865 570 prehenditur,
900 505 955 551 et
995 497 1265 553 contritus
1299 504 1448 551 totus
1494 495 1826 551 omnimodis
1875 494 2054 565 periit.

493 590 759 661 Supbiam
817 597 997 642 autem
1064 589 1206 643 ﬁlius
1262 587 1480 657 Hauph,
1533 587 1810 643 secundus
1862 586 2055 651 frater,

484 681 762 737 commisit
798 681 996 736 bellum
1030 696 1154 734 cum
1178 678 1339 735 Floro
1368 690 1418 735 et
1446 678 1679 735 Petrona
1701 688 1755 734 et
1785 678 2058 750 Cypriane

484 772 820 828 habentibus
890 773 1150 826 virtutem
1210 770 1569 837 Romaicam,
1618 780 1673 826 et
1725 771 2059 825 occiduntur

481 861 723 916 Arabum
767 861 987 932 triginta
1045 860 1236 914 millia.
1300 858 1456 914 Tunc
1515 859 1817 914 Callinicus
1874 859 2058 913 arcbi-

484 963 664 1010 tectus
710 952 778 1007 ab
812 952 1081 1023 lleliopoli
1127 951 1299 1023 Syria
1356 951 1423 1005 ad
1475 950 1753 1007 Romanos
1794 954 2060 1022 profugus

484 1046 671 1111 venit,
723 1046 817 1116 qui
876 1046 1089 1100 marino
1146 1045 1271 1114 igne
1316 1043 1567 1099 conlecto
1632 1059 1760 1098 vasa
1813 1044 2057 1100 Arabum

487 1138 700 1194 exussit
724 1146 779 1193 et
809 1153 914 1192 una
944 1151 1067 1192 cum
1094 1136 1382 1192 animabus
1417 1151 1643 1207 prorsus
1675 1137 1941 1191 incendit.
1982 1136 2059 1192 Ita

487 1229 720 1286 Romani
753 1245 879 1285 cum
920 1229 1197 1299 triumpho
1245 1232 1449 1284 reversi
1507 1236 1673 1294 sunt,
1728 1228 1851 1299 igne
1901 1229 2058 1284 adin-

488 1330 654 1378 vento
694 1321 931 1378 marino.

554 1410 740 1466 Mundi
804 1426 951 1467 anno
1008 1410 1169 1477 6l66,
1196 1411 1398 1466 divinae
1450 1411 1858 1466 incarnationis
1915 1425 2061 1466 anno

486 1503 609 1567 666,
644 1519 790 1559 anno
840 1520 970 1559 vero
1032 1503 1247 1575 imperii
1301 1504 1649 1560 Constantini
1709 1514 1866 1561 sexto
1912 1504 2060 1561 Con-

486 1592 760 1649 stantinus
814 1592 1084 1657 habetur,
1143 1594 1238 1663 qui
1295 1594 1922 1665 Constantinopolitanae
1966 1609 2064 1664 per

487 1685 626 1740 duos
648 1699 823 1739 annos
852 1684 1108 1740 Ecclesia:
1132 1685 1233 1740 fuit
1260 1687 1520 1752 antistes;
1540 1686 1892 1756 Abdelasque
1918 1686 2065 1741 ﬁlius

2162 494 2351 550 multis
2383 508 2639 551 reversus
2666 502 2773 550 est.
2803 492 2940 548 Cum
2967 500 3148 547 autem
3180 493 3293 547 haec
3320 492 3679 547 didicissent
3702 496 3760 547 hi

2161 588 2254 656 qui
2283 586 2576 656 Hesperias
2602 594 2787 658 partes
2815 584 3151 645 inhabitant,
3171 592 3284 637 tam
3316 584 3574 639 videlicet
3602 586 3759 639 cha~

2159 690 2334 745 ganns
2362 677 2602 729 Avarum
2642 682 2697 730 et
2720 674 3011 730 ulteriores
3047 690 3202 743 reges
3229 690 3393 743 quam
3426 675 3673 729 exarchi
3703 684 3761 729 et

2158 764 2413 829 castaldi,
2450 780 2549 819 nec
2588 780 2695 819 non
2726 772 2781 820 et
2813 764 3088 833 principes
3116 764 3397 819 nationum
3432 766 3499 818 ad
3537 765 3759 819 Orien-

2160 864 2266 912 tem
2309 857 2564 920 sitarum,
2623 871 2720 925 per
2779 855 2991 926 legatos
3041 856 3360 910 muneribus
3419 856 3763 924 imperatori

2168 949 2510 1004 transmissis
2542 948 2827 1018 paciﬁcum
2872 962 3000 1017 erga
3066 963 3126 1003 se
3172 947 3525 1003 dilectionem
3566 962 3761 1018 popo-

2161 1056 2313 1097 scere
2346 1041 2690 1095 ﬁrmandam.
2716 1042 2982 1096 Annuens
3009 1040 3193 1110 itaque
3215 1042 3519 1110 imperator
3552 1054 3759 1110 postu-

2163 1133 2463 1189 lationibus
2516 1148 2709 1189 eorum
2736 1174 2751 1197 ,
2786 1133 3139 1190 conﬁrmavit
3180 1137 3346 1187 etiam
3395 1136 3549 1188 circa
3621 1135 3760 1189 illos

2164 1225 2510 1281 donatoriam
2549 1240 2774 1296 pacem;
2810 1234 2867 1280 et
2894 1225 3037 1279 facta
3086 1235 3171 1280 est
3217 1226 3490 1280 securitas
3545 1242 3757 1296 magna

2164 1317 2220 1371 in
2252 1318 2506 1383 Oriente,
2550 1333 2653 1373 ne“.
2685 1332 2797 1386 non
2830 1317 2885 1371 in
2930 1314 3248 1371 Occidente.

2236 1410 2397 1464 Anno
2450 1410 2662 1479 imperii
2718 1408 3068 1465 Constantini
3139 1408 3355 1462 decimo
3424 1409 3617 1464 factus
3664 1422 3758 1465 est

2162 1509 2326 1556 terra:
2369 1512 2552 1556 motus
2596 1514 2824 1569 magnus
2851 1514 2946 1570 per
2980 1499 3452 1571 Mesopotamiam,
3485 1518 3605 1571 quo
3640 1504 3758 1557 ruit

2165 1592 2493 1649 Hedessenre
2545 1606 2813 1647 ascensus
2869 1599 2924 1645 et
2965 1591 3165 1646 trullus
3191 1591 3475 1655 ecclesiae;
3510 1603 3571 1647 ct
3615 1610 3757 1649 con-

2167 1685 2370 1739 struxit
2411 1699 2532 1739 eam
2583 1681 2831 1738 Manhias
2865 1682 3051 1738 studio
3095 1683 3566 1738 Christianorum.

494 1776 641 1829 Caisi
670 1784 724 1829 et
748 1775 1013 1831 Pbadalas
1047 1776 1226 1831 bieme
1258 1778 1399 1847 apud
1438 1776 1651 1832 Cretam
1683 1778 1874 1832 morati
1911 1786 2060 1833 sunt.
2094 1761 2138 1816 Β
2236 1774 2396 1830 Anno
2427 1775 2643 1844 imperii
2668 1773 3020 1829 Constantini
3054 1774 3345 1829 undecimo
3371 1786 3636 1831 mortuus
3666 1790 3756 1831 est

568 1865 727 1921 Anno
764 1865 976 1935 imperii
1032 1865 1379 1921 Constantini
1427 1867 1662 1936 septimo
1700 1867 1956 1939 apparuit
1986 1869 2060 1923 εἰ-

486 1973 653 2029 gnum
694 1958 746 2009 in
785 1957 927 2011 coelo
969 1957 1058 2010 die
1091 1955 1354 2012 Sabbato.

558 2048 718 2101 Anno
786 2047 1001 2117 imperii
1058 2046 1409 2103 Constantini
1478 2056 1673 2106 octavo
1737 2049 2063 2107 Theodorus

484 2138 1120 2207 Constantinopolitanus
1150 2140 1383 2195 habetur
1410 2141 1662 2205 antistes,
1706 2145 1796 2214 qui
1844 2146 2061 2198 duobus

485 2227 647 2280 annis
668 2224 928 2281 Ecclesia:
957 2228 1190 2296 praefuit.
1220 2230 1339 2296 Quo
1365 2245 1511 2285 anno
1539 2231 1680 2285 facta
1720 2243 1805 2288 est
1846 2234 2058 2287 locusta

487 2332 684 2385 magna
718 2333 812 2387 per
841 2316 1051 2389 Syriam
1084 2327 1138 2374 et
1166 2321 1641 2391 Me50p0tamiam.

558 2412 719 2462 Anno
781 2409 995 2480 imperii
1069 2411 1419 2467 Constantini
1461 2431 1604 2469 nono
1662 2417 1893 2485 ingressi
1934 2425 2063 2472 sunt

485 2496 763 2553 Mardaitae
792 2498 1084 2564 Libanum,
1135 2512 1190 2556 et
1223 2512 1521 2559 tenuerunt
1570 2520 1599 2558 a
1637 2504 1825 2561 Mauro
1878 2517 2063 2562 monte

488 2600 662 2654 usque
692 2587 758 2639 ad
790 2596 1037 2641 sanctam
1070 2592 1364 2658 civitatem,
1392 2602 1445 2646 et
1476 2604 1742 2662 ceperunt
1773 2597 2061 2650 cacumina

489 2673 705 2741 Libani,
738 2686 790 2730 et
819 2678 974 2729 multi
1002 2679 1145 2732 servi
1168 2687 1222 2733 et
1242 2681 1441 2749 captivi
1476 2684 1685 2751 pariter
1709 2694 1763 2739 et
1794 2686 2063 2756 indigena:

486 2768 854 2837 confugerunt
886 2770 952 2824 ad
989 2784 1106 2833 eos,
1144 2772 1218 2826 ita
1259 2781 1318 2826 ut
1369 2775 1424 2829 in
1486 2776 1636 2831 brevi
1696 2788 1943 2846 tempore
2005 2778 2060 2832 in

489 2861 660 2915 multa
697 2861 865 2915 millia
898 2864 1113 2918 ﬁerent.
1152 2863 1363 2931 Quibus
1394 2869 1691 2937 compertis
1728 2868 1975 2925 Mauhias
2009 2877 2063 2923 et

487 2950 791 3005 consiliarii
850 2950 973 3020 ejus
1013 2953 1317 3008 timuerunt
1347 2954 1526 3019 valde,
1568 2956 1885 3026 colligentes
1918 2958 2063 3027 quod

486 3045 779 3114 imperium
850 3045 1216 3102 Romanorum
1274 3046 1542 3103 divinitus
1611 3050 1939 3105 muniretur.
1998 3049 2064 3103 Et

488 3137 676 3208 dirigit
714 3138 924 3208 legatos
948 3141 1013 3193 ad
1048 3140 1353 3210 principem
1394 3140 1839 3204 Constantinum,
1870 3151 2063 3211 postu-

487 3230 609 3286 lans
650 3245 872 3299 pacem,
936 3241 991 3285 et
1037 3232 1311 3299 pollicitus
1343 3233 1601 3287 annualia
1652 3249 1713 3289 se
1744 3234 2059 3303 imperatori

488 3329 645 3390 pacta
674 3321 937 3375 laturum.
988 3323 1086 3377 Ast
1119 3323 1418 3391 imperator
1462 3323 1839 3392 hujuscemodi
1872 3325 2062 3393 legatis

488 3411 785 3480 susceptis,
817 3426 1119 3479 eorumque
1160 3412 1422 3480 petitione
1480 3414 1666 3469 audita
1692 3455 1709 3480 ,
1764 3416 2061 3470 destinavit

488 3516 614 3555 cum
665 3504 747 3557 eis
790 3504 843 3556 in
898 3502 1113 3573 Syriam
1172 3502 1438 3559 Joannem
1485 3506 1803 3575 patricium,
1856 3521 2061 3578 cogno-

492 3600 676 3646 mento
713 3589 1081 3663 Pitzigandin,
1116 3605 1375 3664 tanquam
1416 3598 1656 3665 antiquae
1684 3601 1951 3677 prosapi/ae
1983 3599 2059 3654 rei

488 3684 722 3753 publica:
754 3686 929 3739 virum
958 3695 1013 3742 et
1040 3689 1381 3757 negotiorum
1418 3692 1713 3745 inirltornm
1752 3701 2061 3762 expertum.

489 3786 655 3848 atquc
694 3793 945 3849 magnam
978 3790 1337 3837 consecutum
1383 3785 1732 3853 prudentiam
1780 3786 1846 3840 ad
1876 3787 2064 3855 dispu-

489 3869 715 3921 tandum
773 3869 1058 3938 aptissime
1099 3889 1224 3927 cum
1274 3873 1575 3940 Arabibus,
1627 3884 1682 3930 et
1733 3892 1855 3946 qum
1912 3879 2065 3948 pacis

491 3970 915 4016 suntconsona:
942 3965 1400 4033 praestruendum.
1436 3966 1541 4033 Qui
1584 3984 1707 4021 rum
1741 3969 1982 4025 venisset
2009 3971 2062 4024 in

490 4052 726 4123 Syriam,
760 4057 1175 4114 coacervatione
1229 4056 1479 4114 Mauhias
1538 4069 1647 4114 tam
1703 4062 2063 4116 Aminearum

489 4160 654 4229 quam
688 4144 1078 4203 Corasinorum
1124 4149 1316 4207 ell‘ecta
1365 4153 1610 4222 suscepit
1637 4168 1764 4207 eum
1804 4168 1926 4207 cum
1962 4154 2062 4209 bo-

489 4252 625 4292 nore
656 4252 879 4308 magno.
913 4238 1098 4295 Multis
1136 4257 1268 4313 ergo
1314 4242 1459 4298 inter
1482 4258 1576 4299 eos
1604 4243 1847 4313 paciﬁcis
1882 4245 2063 4300 verbis

487 4328 706 4395 edictis,
740 4332 998 4385 convenit
1033 4332 1174 4387 inter
1225 4341 1490 4404 utrosque
1546 4336 1601 4389 in
1662 4335 1886 4405 scriptis
1942 4336 2058 4391 ﬁeri

2090 3091 2132 3149 C

2163 1866 2412 1921 Mauhias
2478 1865 2876 1921 Saracenorum
2930 1864 3414 1936 protosymbolus,
3471 1869 3570 1937 qui
3645 1870 3754 1923 luit

2167 1969 2370 2032 praetor
2404 1960 2566 2015 annis
2594 1958 2665 2013 20
2693 1966 2747 2014 et
2776 1958 2965 2012 amirae
2996 1957 3218 2012 functus
3240 1957 3418 2013 oﬂicio
3450 1959 3621 2013 annis
3644 1959 3751 2022 24;

2162 2061 2217 2108 et
2250 2052 2550 2123 principari
2597 2051 2767 2121 cmpit
2813 2049 2969 2103 Hirid
3015 2049 3160 2104 ﬁlius
3199 2050 3341 2120 ejus.
3372 2049 3487 2105 Hoc
3520 2066 3752 2121 quoque

2163 2159 2308 2200 anno
2341 2141 2637 2213 Vulgarum
2670 2157 2804 2212 gens
2832 2140 3149 2209 supervenit
3188 2140 3240 2193 in
3285 2139 3600 2194 Thraciam.
3641 2140 3751 2196 Ve-

2165 2254 2285 2294 rum
2331 2237 2475 2292 inter
2514 2237 2630 2292 haec
2688 2234 3061 2290 necessarium
3100 2243 3185 2289 est
3237 2234 3420 2289 dicere
3478 2236 3546 2290 de
3603 2238 3749 2291 anti-

2164 2330 2373 2399 quitate
2403 2342 2621 2399 quoque
2652 2325 3208 2395 Onogundurensium
3256 2325 3458 2395 angar
3494 2337 3548 2381 et
3584 2329 3740 2384 Con-

2164 2433 2303 2486 trag.
2336 2420 2393 2473 In
2428 2417 2955 2488 septentrionalibus
2996 2431 3232 2485 namque
3259 2417 3509 2484 partibus
3540 2418 3747 2474 Euxini

2163 2512 2349 2573 Potiti,
2380 2526 2503 2580 quae
2542 2509 2805 2565 meabiles
2840 2517 2993 2572 sunt,
3053 2509 3111 2563 in
3164 2508 3453 2577 paludibus
3486 2526 3619 2579 qua:
3664 2514 3751 2565 die

2165 2616 2364 2659 emitur
2391 2602 2691 2661 Maeotides.
2728 2602 2782 2655 in
2826 2615 2966 2671 quas
2994 2600 3244 2655 videlicet
3273 2601 3605 2656 immittitur
3646 2603 3754 2658 ﬂu-

2164 2695 2289 2749 vius
2320 2694 2592 2748 maximus
2624 2693 2690 2746 ab
2720 2694 2939 2747 Oceano
2993 2706 3088 2762 per
3113 2689 3483 2746 Sarmatarum
3529 2703 3753 2749 terram

2164 2785 2441 2856 delapsus,
2491 2784 2712 2839 nomine
2764 2783 2906 2848 Atel,
2941 2782 3137 2839 Tanais
3193 2786 3369 2839 amnis
3420 2794 3479 2840 et
3518 2786 3655 2855 ipse
3686 2788 3756 2841 ab

2165 2876 2439 2932 Hibericis
2472 2877 2643 2946 portis
2681 2876 2894 2940 exiens,
2946 2889 3067 2944 qua:
3113 2876 3169 2929 in
3200 2875 3505 2931 Caucaseis
3537 2879 3752 2932 monti-

2166 2966 2267 3022 bus
2292 2981 2414 3022 esse
2452 2965 2723 3030 feruntur,
2756 2964 2811 3019 in
2842 2965 3095 3020 eumdem
3125 2966 3243 3020 Atel
3273 2964 3453 3019 ﬂuens
3485 2966 3746 3020 infertur.

2164 3058 2210 3111 A
2263 3058 2494 3114 mistura
2539 3072 2668 3112 vero
2705 3056 2972 3112 Tanaidis
3002 3057 3073 3126 {et
3118 3057 3263 3122 Atei,
3316 3073 3438 3127 qua:
3484 3058 3543 3111 ﬁt
3572 3072 3744 3127 supra

2162 3149 2274 3219 jam
2307 3150 2488 3206 dictas
2518 3148 2796 3204 Maaotides
2837 3148 3089 3219 paludes,
3124 3149 3255 3204 dum
3296 3150 3569 3205 scinditur
3589 3150 3742 3218 Atel,

2165 3242 2318 3296 venit
2375 3241 2422 3297 is
2470 3241 2564 3310 qui
2623 3240 2826 3294 dicitur
2857 3241 3095 3296 Cucbeis
3127 3241 3323 3295 ﬂuvius
3359 3241 3412 3294 in
3444 3239 3745 3295 Mareotides

2167 3332 2416 3402 paludes,
2444 3339 2496 3386 ct
2532 3331 2674 3386 redit
2714 3332 2767 3385 in
2801 3331 3097 3385 terminum
3137 3331 3337 3386 Pontici
3367 3331 3531 3385 maris
3564 3331 3738 3399 juxta

2166 3419 2468 3491 Necropyla
2503 3420 2556 3472 in
2590 3433 2832 3482 acroma,
2881 3419 3031 3488 quod
3075 3420 3280 3475 dicitur
3308 3419 3487 3474 arietis
3533 3418 3738 3473 iacies.

2167 3512 2211 3564 A
2240 3512 2587 3581 praesignalis
2632 3526 2761 3565 vero
2793 3510 3085 3579 paludibus
3116 3512 3299 3567 simile
3343 3511 3549 3566 ﬂumini
3580 3526 3746 3567 mare

2165 3612 2269 3669 est,
2322 3614 2375 3658 et
2427 3603 2601 3657 fertur
2650 3602 2703 3656 in
2752 3601 2948 3657 Euxini
2990 3602 3145 3658 Ponti
3196 3618 3347 3658 mare
3406 3619 3502 3673 per
3539 3615 3742 3658 terram

2167 3693 2430 3763 Bosphori
2458 3692 2758 3755 Cimmerii,
2789 3708 2852 3747 ex
2878 3708 2988 3762 quo
3018 3692 3248 3750 ﬂumine
3273 3697 3495 3764 capitur
3517 3695 3567 3749 id
3598 3693 3741 3763 quod

2168 3786 2369 3842 dicitur
2424 3785 2697 3840 Murzulin
2752 3796 2807 3840 et
2858 3786 2992 3840 huic
3044 3786 3267 3851 similia,
3302 3796 3359 3841 et
3396 3786 3454 3840 in
3501 3788 3741 3853 partibus

2167 3875 2388 3946 quidem
2426 3874 2793 3944 adjacentium
2860 3875 3117 3945 paludum
3152 3913 3169 3939 ,
3218 3890 3342 3944 qua:
3378 3883 3639 3943 Spectant
3678 3874 3741 3927 ad

2166 3967 2445 4021 Orientem
2481 3982 2660 4036 usque
2707 3966 2773 4021 ad
2818 3965 3153 4021 Phanoriam
3190 3982 3288 4022 seu
3326 3966 3614 4031 Hebraeos,
3650 3968 3739 4036 qui

2170 4058 2370 4113 ibidem
2405 4068 2553 4121 sunt,
2606 4060 2856 4128 plurima:
2886 4059 3139 4114 nationes
3171 4060 3509 4115 consistunt.
3534 4060 3622 4113 Ab
3644 4062 3747 4114 eis-

2169 4151 2290 4206 dem
2324 4160 2503 4204 autem
2531 4149 2825 4220 paludibus
2867 4165 3043 4220 usque
3078 4151 3132 4204 in
3168 4166 3386 4205 amnem
3417 4150 3513 4218 qui
3547 4150 3748 4204 dicitur

2167 4238 2394 4309 Cuphis.
2455 4239 2546 4293 ubi
2613 4238 2806 4293 Xistus
2864 4239 3123 4308 capitur,
3166 4240 3257 4310 qui
3313 4249 3398 4295 est
3459 4240 3747 4310 Vulgarius

2166 4331 2335 4401 piscis
2372 4329 2507 4399 (67),
2539 4331 2845 4400 antiquitus
2890 4329 3151 4400 Vulgaria
3188 4342 3270 4388 est
3315 4347 3517 4401 magna
3541 4372 3561 4394 ,
3598 4342 3656 4387 et
3696 4332 3746 4385 lii

484 4420 641 4486 pacis
698 4436 821 4475 cum
873 4421 1243 4493 jurejurando
1298 4439 1609 4480 sermonem
1660 4442 1825 4498 super
1860 4444 2059 4483 conso-
2096 4429 2142 4487 Ι)
2169 4422 2263 4492 qui
2303 4421 2564 4477 dicuntur
2594 4420 2879 4489 Contragi,
2913 4421 3167 4489 ejusdem
3199 4422 3361 4489 cujus
3391 4433 3447 4476 et
3493 4423 3606 4491 ipsi
3649 4423 3747 4475 tri-

487 4513 677 4567 nantia
739 4515 908 4570 annui
964 4518 1134 4587 pacti,
1174 4517 1449 4588 praebendi
1488 4519 1742 4575 videlicet
1801 4520 2064 4577 Romana:

484 4605 567 4660 rei
611 4606 847 4677 publicae
876 4607 947 4663 ab
980 4609 1248 4680 Agarenis
1278 4612 1395 4666 auri
1433 4611 1697 4668 librarum
1736 4614 1842 4668 tria
1871 4614 2061 4681 millia,

485 4696 636 4753 viros
666 4697 916 4768 captivos
937 4699 1357 4771 quinquaginta,
1387 4710 1443 4756 et
1470 4716 1641 4771 equos
1668 4703 1875 4759 nobiles
1906 4705 2065 4773 quin-

490 4788 777 4860 quaginta.
815 4789 912 4847 His
940 4809 1005 4848 ex
1040 4795 1319 4848 communi
1354 4794 1557 4864 placito
1600 4796 1747 4850 inter
1774 4803 2065 4866 utramque

488 4889 702 4949 partem
753 4882 1024 4948 ﬁrmatis.
1080 4893 1134 4941 et
1186 4885 1242 4942 in
1296 4887 1518 4957 triginta
1566 4889 1727 4944 annis
1776 4888 2067 4944 servandis

489 4982 682 5026 mutuo
722 4975 1099 5043 repromissis,
1147 4976 1482 5046 amplissima
1536 4992 1641 5047 pax
1682 4979 1828 5034 inter
1866 4977 2066 5033 Roma-

490 5077 594 5119 nos
630 5070 684 5118 et
704 5063 912 5120 Arabes
945 5075 1030 5122 cst
1058 5068 1289 5134 eﬂ'ecta;
1325 5069 1513 5138 sicque
1550 5071 1895 5140 generalibus
1924 5070 2061 5125 duo-

490 5152 596 5208 bus
648 5153 930 5225 inscriptis
981 5157 1162 5212 verbis
1223 5162 1289 5212 ad
1313 5160 1662 5227 {alterutrum
1695 5179 1817 5218 cum
1849 5164 2058 5235 jureju-

492 5244 667 5299 rando
697 5247 931 5315 patratis
958 5259 1011 5302 et
1041 5248 1273 5304 invicem
1321 5250 1560 5316 traditis,
1597 5267 1739 5322 saepe
1767 5254 1951 5308 dictus
1982 5256 2060 5307 fa-

2172 4515 2276 4570 bus
2309 4515 2602 4570 exsistunt.
2635 4513 3004 4583 Temporibus
3038 4520 3221 4567 autem
3250 4514 3630 4578 Constantini,
3661 4512 3749 4581 qui

2170 4609 2225 4663 in
2261 4606 2557 4661 Occidente
2591 4608 2862 4677 regnavit,
2897 4621 3019 4660 cum
3044 4606 3318 4661 Crobatus
3347 4606 3618 4661 dominus
3643 4609 3747 4673 jam

2168 4700 2329 4754 dictae
2364 4697 2633 4768 Vulgariae
2683 4713 2779 4752 seu
2836 4698 3242 4767 Contragorum
3284 4699 3453 4752 vitam
3498 4713 3749 4754 commn-

2164 4799 2327 4855 taret,
2353 4804 2417 4845 ac
2452 4790 2591 4844 lilios
2614 4792 2859 4860 quinque
2896 4790 3250 4857 relinqueret,
3282 4797 3525 4846 testatus
3569 4798 3660 4845 est
3691 4802 3751 4841 ne

2169 4885 2277 4939 ullo
2335 4885 2497 4938 modo
2555 4899 2585 4936 a
2645 4894 2831 4938 tuntua
2886 4881 3297 4937 cobabitatione
3330 4894 3748 4950 separarentur,

2168 4983 2390 5047 propter
2442 4976 2587 5042 quod
2640 4974 2987 5029 universitati
3043 4974 3470 5029 dominarentur
3543 4975 3749 5044 ipsique

2168 5071 2304 5125 nulli
2358 5071 2513 5125 alteri
2564 5069 2771 5123 nationi
2823 5068 3118 5123 servirent.
3173 5068 3299 5122 Post
3347 5068 3521 5122 breve
3576 5080 3748 5122 autem

2170 5173 2386 5231 tempus
2445 5164 2641 5216 mortis
2722 5162 2871 5215 illius
2934 5162 2988 5216 in
3058 5160 3387 5216 divisionem
3465 5163 3750 5216 venientes

2170 5255 2415 5325 quinque
2449 5254 2543 5308 ﬁlii
2580 5254 2700 5323 ejns
2730 5254 3066 5309 altrinsecus
3097 5254 3207 5324 (68)
3246 5255 3591 5321 sequestrati
3633 5263 3747 5306 sunt

1998 5394 2230 5451 NOTAE.

562 5509 675 5583 (67)
708 5512 906 5590 Piscis.
961 5514 1183 5590 Ὀψᾲριν
1223 5533 1320 5587 pro
1350 5517 1591 5590 ὀψάριονἐ
1648 5517 1819 5590 llodie
1858 5518 2045 5590 ψάριν,

488 5581 685 5655 ῲ-ᾁριον
719 5585 807 5655 vel
829 5585 979 5655 φάρη
1032 5581 1246 5640 dicunt:
1295 5581 1503 5643 Auctor
1550 5581 2052 5644 Graeco-Barbarus

491 5648 630 5712 erat;
660 5654 746 5733 ’τὴ
781 5648 982 5733 ψᾶρίγί
1022 5655 1168 5733 ldetn
1214 5659 1306 5733 regi
1364 5658 1509 5733 μέγαἶ
1548 5658 1913 5733 λύκον-ἔχετε.
1954 5661 2048 5728 χά-

494 5734 614 5770 σκει
645 5722 791 5773 eos,
827 5724 887 5801 to
915 5723 1083 5793 φάρη.
1111 5722 1682 5789 Cvrillusbatriarcha
1713 5722 1817 5785 CF.
1855 5722 2053 5784 Contra

2154 5518 2372 5592 {udwos
2408 5538 2426 5574 :
2469 5517 2553 5571 Νὰ
2582 5518 2812 5589 χωρεύει
2842 5520 2875 5590 ἡ
2910 5519 3155 5574 θάλασσα
3190 5520 3259 5592 μὲ
3287 5522 3356 5573 τὰ
3408 5520 3599 5590 ᾠάρια
3629 5519 3748 5585 τῆς.

2162 5588 2325 5641 Fann.

2233 5660 2347 5725 (68)
2378 5658 2731 5729 Altrinsecus.
2769 5659 3060 5729 Dositbens
3086 5660 3343 5729 magister
3369 5676 3382 5711 :
3415 5678 3435 5711 α
3467 5659 3727 5713 Altrinsc

2167 5746 2288 5797 cus,
2321 5728 2387 5783 ad
2425 5728 2677 5784 invicem.
2716 5749 2736 5783 ι
2768 5728 2843 5785 lu.
