3978 6212
268 309 409 374 1333

1094 310 1473 375 HISTORIA
1508 314 2094 378 ECCLESMSTICA
2127 318 2229 379 EX
2255 310 2725 379 THEOPHANE

3407 320 3548 388 1335i

262 438 379 479 Iura
402 429 531 479 cum
570 438 797 494 popino.
830 440 994 496 quem
1020 430 1410 498 unusquisque
1444 429 1693 499 ipsorum
1736 443 1850 483 sua:
1878 426 1928 490 Λ
1955 436 2061 498 que
2121 427 2459 483 Danubium.
2511 429 2686 495 Quem
2743 435 3120 497 transeuntes,
3157 438 3208 485 et
3258 432 3542 491 venientes

260 517 461 574 ditioni
498 517 739 574 habebat
763 518 1081 577 subactum.
1109 518 1174 574 Et
1204 522 1418 591 primus
1449 521 1671 592 quidem
1702 522 1850 577 ﬁlius

259 610 409 681 ejus,
460 611 558 680 qui
616 612 906 669 dicebatur
959 613 1246 680 Bathaias,
1279 614 1599 671 mandatum
1639 615 1849 687 proprii

257 706 588 761 custodimus
634 707 812 776 patris
856 708 913 763 in
969 708 1385 780 progenitorum
1434 720 1666 766 suorum
1702 719 1848 766 terra

258 800 570 867 permansit
605 812 782 869 usque
808 800 860 855 in
901 815 1168 871 praesens.
1199 801 1492 859 Secundus
1520 818 1652 860 vero
1682 803 1848 875 hujus

256 889 455 957 frater,
500 890 731 947 nomine
762 876 1101 963 Contragus,
1127 891 1379 948 Tauahin
1415 895 1697 952 transiens
1725 912 1847 952 am-

252 997 387 1037 nem
414 998 485 1037 ex
520 983 757 1039 adverso
789 984 968 1055 primo
1002 986 1271 1041 habitavit
1298 988 1479 1045 fratri.
1501 987 1714 1055 Quarto
1745 1004 1846 1046 au-

251 1087 365 1130 tem
396 1084 456 1130 et
501 1077 701 1144 quinto
742 1075 1012 1143 Histrum,
1046 1078 1098 1132 id
1127 1088 1212 1135 est
1249 1079 1582 1142 Danubium,
1616 1079 1845 1136 ﬂuvium

250 1169 759 1234 transmeantibus,
787 1171 927 1225 alter
962 1184 1153 1226 eorum
1192 1172 1248 1225 in
1286 1172 1501 1228 Avariae
1532 1170 1842 1240 Pannonia,

250 1260 511 1329 cbagano
568 1258 815 1317 Avarum
868 1272 929 1318 se
985 1265 1252 1326 subdens,
1310 1267 1511 1321 mansit
1561 1264 1673 1323 illic
1717 1284 1841 1323 cum

248 1362 545 1421 potentatu
595 1371 721 1421 suo,
774 1354 914 1413 alter
967 1372 1096 1413 vero
1139 1358 1283 1412 haud
1347 1360 1535 1428 procul
1589 1360 1658 1414 ab
1708 1364 1847 1416 urbe

252 1443 519 1500 Ravenna
551 1445 607 1501 in
642 1445 983 1518 Pentapolim
1006 1448 1232 1504 veniens
1262 1449 1368 1504 sub
1397 1448 1841 1507 Christianorum

250 1538 490 1607 imperio
523 1537 706 1596 factus
758 1550 862 1596 est.
921 1542 1127 1598 Deinde
1171 1544 1369 1599 borum
1407 1546 1628 1609 tertius,
1672 1545 1844 1613 Aspa-

248 1630 393 1685 rncb
435 1632 658 1696 dictus,
695 1633 973 1705 Danaprin
1027 1642 1082 1690 et
1134 1636 1427 1692 Danastrin
1483 1638 1763 1694 transiens
1790 1647 1843 1695 et

247 1723 469 1792 Dnglon
492 1724 704 1791 adiens,
756 1727 960 1783 borcos
1010 1728 1303 1785 interiores
1349 1726 1596 1785 Danubio
1618 1730 1837 1797 ﬂuvios,

246 1812 397 1867 inter
451 1813 597 1869 hunc
638 1823 693 1870 et
736 1816 863 1872 illos
917 1817 1209 1883 habitavit,
1267 1826 1446 1874 tutum
1482 1829 1538 1874 et
1567 1819 1839 1876 diliicilem

246 1903 316 1958 ad
353 1905 778 1977 expugnandum
833 1907 1014 1963 locum
1048 1909 1200 1963 hinc
1262 1909 1390 1965 inde
1433 1911 1781 1981 conspiciens
1824 1928 1837 1964 :

248 1996 385 2050 dum
402 1997 549 2052 enim
569 2006 719 2054 esset
742 1999 1031 2069 palustris,
1053 2010 1108 2057 et
1127 2002 1253 2058 hinc
1265 2013 1563 2060 coronatus
1581 2005 1844 2076 illincque

248 2086 596 2154 ﬂuminibus,
632 2092 912 2162 copiosam
954 2094 1102 2165 genti
1136 2105 1360 2166 propter
1393 2096 1635 2153 hostium
1672 2098 1843 2169 parti-

250 2180 462 2235 tionem
492 2180 803 2239 humilitate
824 2185 1124 2254 praestabat
1146 2186 1414 2257 quietem.
1439 2184 1535 2246 liis
1556 2196 1740 2245 autem
1769 2189 1842 2246 ita

249 2272 310 2324 in
350 2273 595 2342 quinque
621 2273 817 2331 divisis
855 2286 910 2332 et
942 2276 1008 2333 ad
1029 2279 1367 2349 paucitatem
1393 2279 1839 2348 devenientibus,

244 2362 424 2418 exivit
443 2378 639 2433 magna
662 2381 801 2436 gens
812 2368 1186 2426 Cbazarorum
1202 2386 1268 2425 ex
1293 2370 1544 2427 interiori
1566 2372 1842 2442 profundo

248 2450 500 2508 Berziliae
537 2456 727 2525 primae
759 2455 1085 2525 Sarmatiae,
1136 2469 1188 2515 et
1224 2460 1514 2515 dominata
1561 2470 1646 2516 est
1690 2463 1843 2516 etttui

251 2547 455 2617 penite
478 2555 641 2603 terra:
681 2564 857 2620 usque
888 2551 955 2606 ad
991 2563 1146 2606 mare
1179 2550 1490 2617 Ponticum,
1514 2562 1567 2607 et
1601 2555 1841 2625 primum

249 2641 479 2695 fratrem
570 2640 856 2697 Batltaiam
913 2644 1124 2714 Eprium
1202 2640 1477 2715 Vulgariat
1536 2647 1840 2716 principem

250 2733 565 2801 substituit,
593 2735 865 2791 ordinatis
893 2736 1279 2805 vectigalibus,
1313 2753 1434 2808 qua:
1472 2736 1543 2793 ab
1581 2754 1648 2794 eo
1696 2739 1845 2795 deie-

250 2835 455 2881 runtur
503 2842 683 2898 usque
750 2843 919 2884 nunc.
956 2831 1058 2885 Ast
1095 2831 1397 2900 imperator
1430 2832 1841 2887 (lonsmntinus

246 2929 538 2988 comperto
570 2920 719 2990 quod
749 2922 1023 2991 extemplo
1040 2936 1179 2991 gens
1204 2923 1430 2978 sordida
1458 2932 1513 2978 et
1544 2924 1842 2978 immunda

244 3012 398 3064 ultra
442 3009 752 3066 Danubium
811 3011 957 3082 apud
1001 3010 1213 3083 llnglon
1255 3015 1673 3069 tabernaculum
1704 3015 1840 3071 iise-

248 3102 324 3154 rit
361 3105 415 3152 et
459 3101 959 3170 appropinquantis
1008 3096 1260 3156 Danubio
1287 3102 1592 3170 discurrat,
1650 3103 1703 3157 id
1759 3111 1840 3159 est
1869 3134 1916 3197 ε

250 3190 529 3261 regionem
561 3206 686 3258 qua:
731 3207 879 3248 nunc
903 3200 1127 3250 tenetur
1153 3194 1225 3250 ab
1252 3196 1362 3251 illis
1385 3211 1617 3267 qumque
1653 3205 1782 3252 tunc
1815 3208 1844 3251 a

250 3281 587 3342 Christianis
632 3287 1040 3356 possidebatur,
1090 3289 1345 3345 tristatus
1406 3298 1491 3345 est
1552 3291 1845 3346 vehemen-

250 3389 359 3447 ter,
391 3392 444 3436 et
472 3379 629 3451 jubet
661 3385 907 3440 transire
933 3402 1125 3441 omnes
1154 3386 1430 3444 exercitus
1459 3388 1514 3442 in
1551 3387 1842 3452 Thracem,

249 3484 306 3530 ει
342 3486 673 3532 construens
724 3477 959 3535 classem
995 3488 1104 3533 tant
1162 3495 1259 3549 per
1291 3490 1491 3535 terram
1535 3497 1698 3552 quam
1748 3498 1846 3553 per

253 3580 406 3623 mare
450 3578 642 3624 contra
712 3586 808 3627 eos
884 3579 1067 3627 motus
1100 3581 1217 3636 est,
1266 3573 1370 3628 hos
1410 3573 1555 3628 bello
1591 3575 1844 3644 persequi

247 3664 485 3724 volens,
530 3671 585 3717 et
634 3673 825 3718 contra
880 3662 1089 3737 lloglon
1148 3674 1314 3735 atque
1381 3665 1687 3721 Danubium
1751 3685 1846 3737 per

250 3752 518 3825 ﬂepirum
552 3758 765 3825 pedites
806 3758 861 3812 in
887 3758 1063 3813 aciem
1105 3756 1370 3831 dirigens,
1408 3767 1462 3813 et
1490 3774 1585 3828 per
1647 3775 1845 3828 appro-

245 3848 530 3916 pinquans
575 3850 731 3905 littus
798 3865 990 3905 navem
1041 3854 1235 3907 adesse
1279 3851 1627 3922 prmeipiens.
1672 3848 1845 3906 Porro

249 3937 520 4007 Vulgares
537 3940 640 3995 hac
663 3941 945 3997 celeritate
967 3958 1063 3997 seu
1087 3943 1326 3997 maxima
1353 3942 1704 3998 multitudine
1728 3944 1843 3999 visa

246 4048 422 4103 super
452 4034 629 4089 salute
652 4050 750 4088 sua
775 4034 1073 4105 desperati,
1095 4034 1160 4091 ad
1188 4035 1505 4105 praedictum
1526 4034 1841 4107 praesidium

245 4123 599 4196 confugiunt,
617 4134 672 4182 et
696 4143 820 4183 sese
839 4128 1278 4199 circumquaque
1304 4127 1581 4184 muniunt.
1617 4126 1843 4185 Pertres

245 4229 435 4274 autem
460 4229 514 4274 et
563 4228 801 4291 quatuor
832 4221 951 4278 dies
981 4238 1046 4276 ex
1084 4221 1467 4293 hujuscemodi
1531 4222 1843 4278 munitione

252 4319 362 4359 nec
390 4303 503 4359 illis
524 4306 678 4361 exire
701 4304 1059 4372 audentibus,
1082 4321 1183 4361 nec
1203 4304 1469 4362 Romanis
1492 4317 1717 4378 prepter
1744 4305 1841 4361 ad-

240 4399 547 4465 iacentium
575 4398 836 4469 paludum
861 4399 1213 4455 occasionem
1252 4398 1497 4469 praelium
1517 4409 1843 4455 οοηεινιιριιο

1869 1783 1917 1843 Β

1956 532 2128 591 usque
2166 522 2234 576 ad
2284 534 2406 576 eam
2459 532 2584 591 quae
2624 519 2830 575 dicitur
2891 519 3106 575 Barnan
3140 562 3154 586 ,
3200 521 3350 578 circa
3404 526 3543 581 lines

1952 614 2172 686 Odyssi,
2206 623 2262 669 et
2294 613 2705 669 mediterraneo
2736 608 2852 668 illic
2874 613 3056 685 posito
3083 613 3204 669 loco
3229 624 3540 686 perspecto,

1955 708 2099 778 quod
2132 707 2189 763 in
2221 707 2391 761 multa
2426 706 2641 763 cautela
2667 706 3020 775 consisteret,
3058 707 3113 762 in
3145 708 3542 777 posterioribus

1950 800 2170 869 quidem
2204 808 2430 872 propter
2454 799 2763 856 Danubium
2796 798 3045 865 ﬂuvium,
3077 800 3131 855 in
3171 800 3542 859 anterioribus

1951 900 2138 949 autem
2187 902 2243 949 et
2288 904 2357 949 ex
2418 890 2684 949 lateribus
2722 892 2794 947 ob
2843 893 3131 949 clausdras
3157 902 3211 948 et
3254 895 3540 950 Ponticum

1948 1002 2120 1053 mare,
2150 986 2451 1059 praesertim
2474 1000 2600 1041 cum
2627 984 3047 1040 dominarentur
3070 995 3125 1039 et
3159 986 3533 1055 adiacentium

1950 1078 2328 1134 Sclavinorum
2389 1076 2857 1149 generationibus,
2907 1093 3030 1149 qua:
3089 1078 3421 1134 dicebantur
3456 1094 3543 1135 sc-

1949 1175 2094 1237 ptem
2131 1208 2147 1232 ,
2189 1168 2424 1225 Severes
2485 1169 2707 1239 quidem
2768 1170 3087 1226 locaverunt
3142 1171 3209 1226 ab
3261 1174 3541 1229 anteriore

1947 1256 2209 1315 clausura
2260 1252 2672 1330 Veregaborum
2733 1263 2799 1316 ad
2854 1269 3042 1332 partes
3083 1261 3433 1327 Orientales,
3484 1266 3543 1318 in

1948 1356 2083 1410 locis
2116 1364 2297 1410 autem
2337 1372 2460 1427 qua:
2491 1362 2624 1411 sunt
2655 1354 2720 1409 ad
2755 1354 3045 1411 meridiem
3088 1367 3143 1411 et
3193 1356 3539 1413 occidentem

1947 1460 2123 1517 usque
2149 1446 2215 1501 ad
2250 1446 2505 1503 Avariam
2529 1490 2542 1513 ,
2571 1449 2826 1504 residuas
2872 1456 3080 1518 septem
3126 1450 3536 1516 generationes.

1945 1553 2067 1608 quae
2094 1539 2198 1596 sub
2239 1550 2401 1610 pacto
2448 1549 2626 1595 erant.
2653 1539 2796 1612 Ergo
2832 1555 2961 1594 cum
3006 1540 3060 1594 in
3091 1541 3176 1595 his
3210 1540 3375 1595 delati
3405 1540 3542 1597 fuis-

1946 1642 2090 1699 sent,
2120 1632 2246 1688 elati
2275 1642 2426 1696 sunt,
2456 1642 2507 1687 et
2541 1644 2840 1702 coeperunt
2880 1648 2943 1688 ca
2980 1648 3103 1704 qua:
3131 1633 3234 1690 sub
3295 1631 3547 1688 Rouuana

1947 1720 2227 1794 republica
2258 1733 2417 1782 erant
2452 1734 2635 1781 castra
2663 1740 2762 1781 seu
2814 1726 3001 1796 pradia
3031 1725 3316 1782 destruere
3362 1733 3532 1796 atque

1946 1815 2201 1888 praedari.
2237 1816 2393 1874 Unde
2439 1818 2490 1873 vi
2536 1829 2760 1874 coactus
2811 1819 3112 1890 imperator
3170 1833 3362 1889 pacem
3416 1817 3545 1875 fecit

1943 1892 2070 1963 cum
2120 1907 2227 1976 eis,
2260 1923 2444 1964 annua
2510 1910 2624 1966 illis
2665 1910 2912 1981 praebere
2947 1919 3107 1979 pacta
3176 1908 3457 1979 pollicitus
3486 1910 3541 1965 in

1944 2001 2329 2057 confusionem
2358 2000 2733 2058 Romanorum
2758 2002 2829 2058 ob
2861 2001 3273 2058 multitudinem
3301 2001 3538 2058 delicto-

1945 2106 2087 2148 rum.
2117 2090 2364 2149 Mirabile
2389 2093 2592 2164 quippe
2615 2095 2735 2165 ipso
2775 2094 2968 2150 auditu
2998 2103 3117 2150 erat
3160 2095 3250 2150 bis
3290 2095 3386 2166 qui
3416 2095 3540 2151 lon»

1943 2196 2009 2255 ge
2025 2193 2079 2239 et
2103 2183 2194 2240 bis
2215 2187 2305 2255 qui
2326 2200 2500 2255 prope
2521 2185 2817 2256 degebant,
2847 2187 2995 2256 quod
3018 2185 3067 2241 is
3094 2187 3189 2256 qui
3210 2200 3404 2241 onmes
3437 2187 3540 2239 tri-

1944 2276 2199 2333 butarios
2252 2277 2359 2332 sibi
2414 2284 2710 2345 statuerat,
2771 2285 2881 2332 tam
2931 2277 3151 2333 scilicet
3199 2293 3295 2334 eos
3332 2278 3425 2349 qui
3472 2280 3544 2333 ad

1945 2383 2106 2425 ecum
2141 2376 2195 2424 et
2230 2382 2490 2425 occasum
2538 2383 2704 2439 quam
2754 2363 2880 2424 illos
2945 2369 3037 2439 qui
3095 2371 3161 2425 ad
3212 2376 3431 2424 aretum
3481 2382 3539 2424 et

1947 2459 2230 2517 meridiem
2258 2461 2770 2526 commorabantur,
2803 2462 2875 2518 ab
2901 2462 3007 2519 ista
3032 2463 3349 2520 detestabili
3379 2472 3542 2536 gente

1947 2549 2113 2609 fuerit
2165 2559 2480 2621 superatus.
2518 2548 2722 2605 Verum
2781 2551 3082 2623 imperator
3113 2553 3186 2608 ita
3217 2553 3442 2624 quidem
3485 2562 3549 2610 et

1947 2642 2295 2714 providentia
2326 2642 2421 2699 Dei
2451 2642 2556 2698 hoc
2581 2641 2920 2700 Christianis
2948 2645 3249 2715 contigisse
3286 2642 3543 2711 credens,

1945 2735 2266 2805 evangelice
2296 2743 2548 2791 tractans
2597 2746 2786 2806 pacem
2825 2735 2972 2803 fecit,
3029 2745 3083 2793 et
3124 2737 3227 2792 fuit
3260 2753 3438 2807 usque
3470 2739 3540 2793 a‘d

1948 2827 2161 2881 obitum
2195 2843 2356 2882 suum
2386 2828 2609 2898 quietus
2646 2844 2675 2883 a
2734 2828 2952 2885 eductis
2983 2827 3262 2896 hostibus,
3295 2831 3540 2887 studium

1949 2919 2158 2975 habens
2188 2921 2531 2990 prwcipttuttt
2558 2921 2782 2975 nniendi
2815 2922 3108 2977 universas
3135 2920 3416 2977 Ecclesias
3446 2921 3541 2977 Dei

1948 3028 2072 3081 quae
2128 3012 2328 3082 ubique
2366 3012 2558 3067 divisa:
2596 3011 2815 3067 fuerant
2849 3024 2881 3066 a
2920 3013 3262 3082 temporibus
3296 3013 3545 3068 lleraclii

1950 3101 2221 3173 principis
2250 3104 2438 3172 proavi
2470 3101 2557 3157 sui
2588 3110 2643 3155 et
2667 3100 2848 3172 Sergii
2882 3100 3069 3156 vesani
3099 3116 3165 3157 ac
3188 3100 3408 3174 Pyrrhi,
3445 3104 3536 3173 qui

1950 3192 2176 3266 indigne
2197 3193 2397 3249 throno
2413 3193 2974 3264 Constantinopoleos
2999 3192 3354 3265 praefuerunt,
3373 3209 3551 3248 unam

1949 3285 2289 3341 vbinrttatem
2319 3291 2375 3341 et
2395 3300 2562 3340 unam
2586 3287 2966 3356 operationem
2999 3287 3056 3340 in
3078 3283 3310 3341 Domino
3337 3285 3449 3341 Deo
3475 3299 3540 3340 ac

1949 3377 2240 3435 Salvatore
2264 3385 2459 3433 nostro
2487 3377 3002 3448 dogmatizantium.
3029 3376 3275 3444 Quorum
3306 3390 3543 3445 nequam

1948 3468 2266 3538 opinionem
2299 3467 2623 3524 subvertere
2657 3476 2918 3540 satagens
2947 3466 3092 3521 idem
3121 3464 3540 3522 Christianissi-

1948 3570 2072 3614 mus
2100 3561 2399 3629 imperator
2424 3560 2661 3614 cnncilio
2679 3559 2981 3615 universali
2998 3556 3547 3628 Constantinopolim-

1948 3660 2254 3706 convncato
2281 3649 2388 3706 289
2414 3651 2832 3721 episcoporum,
2903 3658 3017 3703 tam
3051 3650 3304 3720 dogmata
3330 3664 3451 3719 qua-
3483 3647 3537 3702 in

1948 3741 2397 3797 antecedentibus
2440 3741 2690 3812 quinque
2741 3742 2951 3796 sanctis
3006 3748 3061 3794 et
3120 3739 3536 3795 universalﬂms

1950 3829 2204 3885 conciliis
2279 3831 2500 3884 fuerant
2578 3828 2900 3884 confirmata
2974 3829 3294 3892 roboravit,
3369 3844 3534 3899 quam

1948 3923 2096 3994 pium
2127 3921 2361 3976 duarum
2393 3922 2737 3976 voluntatum
2790 3930 2845 3976 et
2879 3921 3264 3991 operationum
3297 3922 3537 3990 promub

1947 4018 2063 4087 gari
2100 4016 2300 4086 dogma
2331 4011 2575 4068 decrevit
2614 4027 2711 4084 per
2748 4012 2998 4068 eamdem
3032 4020 3283 4067 sanctam
3319 4010 3534 4066 ρας-θυι).

1948 4110 2254 4164 tilissimam
2284 4106 2616 4163 universalis
2656 4106 2874 4162 concilii
2921 4105 3231 4178 synodum;
3282 4106 3369 4160 cui
3400 4120 3539 4176 prae-

1946 4206 2104 4256 erant
2159 4208 2269 4253 tam
2301 4199 2420 4270 ipse
2445 4200 2733 4269 piissimus
2788 4198 3090 4271 imperator
3135 4198 3536 4254 Constantinus

1947 4309 2111 4365 quam
2168 4293 2239 4365 pii
2276 4293 2553 4363 principes
2593 4292 2967 4348 sacerdotum.
3022 4290 3195 4347 Porro
3228 4307 3324 4361 per
3390 4291 3536 4346 idem

1946 4396 2164 4459 tempus
2212 4384 2348 4441 Azid
2385 4386 2551 4458 carpit
2612 4403 2738 4443 esse
2796 4385 3037 4442 Arabum
3095 4387 3371 4457 princeps,
3433 4386 3545 4456 qui.

243 4490 424 4554 tibus,
458 4491 906 4546 anintadvcrtens
935 4491 1143 4562 polluta
1181 4506 1314 4564 gens
1343 4493 1607 4549 remissos
1630 4490 1834 4547 Roma-
1869 4478 1912 4538 ο
1945 4480 2124 4535 tribus
2153 4478 2238 4535 his
2267 4477 2486 4549 Ρτωῖυῖι
2518 4480 2701 4535 “Mis-

245 4596 449 4637 norutn
482 4582 697 4639 animos
724 4591 972 4639 recreata
1000 4594 1054 4639 et
1086 4584 1326 4639 alacrior
1362 4584 1508 4640 facta
1534 4595 1637 4641 est.
1664 4585 1834 4641 Porro

242 4691 376 4731 cum
404 4677 704 4747 imperator
734 4677 932 4748 pedum
957 4675 1202 4733 dolorem
1233 4678 1437 4733 acriter
1468 4689 1762 4748 pateretur,
1782 4687 1837 4734 et

239 4767 312 4819 :nl
348 4766 633 4823 meridiem
670 4778 960 4841 cogeretur
1010 4768 1083 4824 ob
1114 4768 1294 4823 balnei
1324 4785 1488 4825 usum
1550 4785 1659 4824 una
1708 4785 1833 4824 cum

239 4860 495 4929 quinque
549 4861 912 4917 dromonibus
944 4870 1000 4918 et
1052 4861 1291 4931 propriis
1345 4861 1664 4918 hominibus
1719 4864 1836 4918 suis

239 4949 477 5014 reverti,
512 4950 767 5006 deseruit
817 4950 1181 5022 magistratus
1219 4960 1274 5006 et
1329 4953 1610 5022 populum,
1636 4953 1837 5022 jubeus

235 5056 375 5096 cum
410 5039 991 5096 lanceisvibrantibus
1023 5040 1343 5107 exercitari,
1368 5051 1425 5097 et
1467 5042 1730 5111 impetum
1776 5042 1831 5096 in

234 5149 344 5189 eos
388 5131 591 5195 facere.
632 5141 692 5188 et
727 5143 849 5203 post
880 5148 940 5190 se
967 5132 1094 5189 illos
1124 5132 1405 5188 attrahere
1434 5148 1465 5187 a
1498 5133 1828 5196 munitione,

235 5237 299 5283 et
330 5226 536 5283 bellum
569 5228 622 5282 in
650 5243 749 5283 eos
779 5242 1023 5291 movere.
1065 5228 1111 5283 si
1155 5225 1416 5283 fortassis
1438 5229 1656 5284 exirent
1684 5249 1697 5283 :
1746 5228 1832 5283 sin

236 5327 457 5384 autem,
497 5320 576 5375 vel
600 5320 918 5376 obsiderent
947 5335 1044 5376 eos
1075 5329 1130 5376 et
1158 5321 1538 5377 observarent
1564 5320 1618 5375 in
1653 5321 1836 5375 inuni-

238 5410 515 5467 tionibus.
551 5413 618 5467 At
653 5429 784 5468 vero
810 5412 867 5467 hi
899 5415 992 5483 qui
1047 5424 1207 5468 erant
1266 5415 1551 5485 equestris.
1601 5415 1833 5479 militiae,

236 5511 635 5574 imperatorem
668 5506 877 5579 fugisse
904 5506 1252 5564 diil'amantes
1272 5516 1533 5579 metuque
1563 5510 1833 5578 oppressi,

233 5595 438 5650 eadem
476 5597 932 5667 tergiversatione
984 5600 1141 5653 abusi
1197 5608 1350 5665 sunt,
1385 5600 1607 5655 nemine
1657 5615 1836 5670 perse-

233 5699 471 5754 quente.
519 5689 691 5746 Porro
749 5691 1016 5762 Vulgares
1060 5696 1165 5748 hoc
1228 5695 1345 5749 viso
1405 5693 1838 5762 insequebantur

236 5789 370 5849 post
403 5790 557 5852 terga
594 5781 865 5852 ipsorum,
890 5791 945 5837 et
995 5783 1182 5851 plures
1209 5782 1431 5853 quidem
1474 5780 1657 5852 gladio
1712 5796 1839 5850 per-

236 5890 456 5941 emerc,
492 5876 698 5932 multos
724 5890 849 5933 vero
880 5875 1264 5945 vulneravere,
1286 5874 1563 5945 persecuti
1599 5889 1696 5931 eos
1744 5890 1833 5929 us-

2010 4573 2169 4629 Anno
2191 4574 2408 4644 imperii
2436 4570 2789 4630 Constantini
2824 4571 3154 4628 duodecimo
3182 4569 3415 4626 collecta
3449 4580 3538 4625 est

1941 4672 2129 4721 sancta
2164 4672 2218 4720 et
2246 4665 2584 4719 universalis
2640 4670 2795 4718 sexta
2826 4661 3073 4733 synodus
3127 4660 3530 4715 Constantino-

1941 4758 2052 4827 poli
2088 4755 2451 4813 ducentorum
2499 4755 2782 4826 octoginta
2828 4766 3024 4810 novem
3075 4760 3391 4809 sanctorum
3425 4750 3532 4808 Pa-

1940 4858 2110 4915 trum,
2140 4848 2501 4918 przeceptioue
2537 4845 2608 4916 pii
2650 4845 2917 4916 principis
2943 4843 3319 4899 Constantini.

2012 4938 2200 4996 Mundi
2264 4953 2409 4995 anno
2454 4938 2617 5005 6175,
2672 4935 2875 4992 divina}
2923 4935 3326 4992 incarnationis
3382 4951 3544 4992 antio-

1940 5034 2069 5095 673,
2120 5048 2265 5087 anno
2310 5046 2441 5086 vero
2476 5029 2695 5100 imperii
2748 5029 2834 5083 sui
2868 5029 2955 5090 15.
2995 5029 3202 5098 repulit
3249 5027 3528 5083 Constan-

1942 5130 2093 5184 tinus
2153 5125 2223 5180 ab
2258 5124 2492 5195 imperio
2533 5122 2738 5179 fratres
2761 5136 2897 5178 suos
2931 5120 3243 5177 lieraclium
3282 5129 3337 5175 et
3368 5116 3532 5173 Tibe-

1946 5220 2109 5286 rium,
2142 5226 2198 5274 et
2226 5218 2381 5273 solus
2405 5218 2659 5288 regnavit
2685 5231 2810 5271 cum
2842 5214 3073 5270 Tiberio
3104 5213 3369 5267 liliosuo.

2012 5310 2398 5380 Annoimperii
2417 5309 2767 5366 Constantini
2786 5310 2848 5365 14
2863 5308 3124 5363 Muchtar
3146 5305 3381 5359 inendax
3397 5303 3526 5355 dum

1941 5401 2288 5475 tyrannidem
2311 5402 2677 5466 exercuisset,
2696 5400 2935 5457 obtinuit
2954 5396 3259 5453 Persidem.
3284 5391 3526 5449 Voeabat

1940 5503 2119 5551 autem
2138 5509 2198 5549 se
2217 5493 2393 5564 ipsum
2409 5488 3150 5562 prophetam,etconturbati
3164 5494 3292 5542 sunt
3308 5485 3534 5557 Arabes.

2014 5592 2178 5644 Anno
2227 5588 2445 5658 imperii
2497 5584 2849 5642 Constantini
2898 5584 2968 5639 15
2994 5583 3235 5638 Arabum
3268 5582 3528 5650 princeps

1943 5681 2211 5739 Maruban
2240 5696 2389 5736 anno
2424 5693 2536 5735 uno
2562 5680 2856 5752 prefectth
2888 5685 2993 5745 est,
3026 5675 3298 5747 siquidem
3329 5669 3529 5728 defun-

1944 5783 2033 5830 cto
2086 5776 2222 5830 ΑιῙά
2270 5774 2474 5830 turbati
2516 5772 2727 5828 Arabes
2786 5768 3026 5828 Etbribi
3084 5770 3524 5830 insurrexerunt,

1943 5869 2347 5926 constituentes
2378 5870 2572 5927 ducem
2612 5866 2717 5923 sibi
2745 5866 3004 5924 Abdelam
3031 5864 3321 5939 quemdam
3356 5859 3527 5914 lilium
