  <div class='ocr_page' id='page_1' title='image "/cluster/home/n/w/nwhite01/storage/ocr_20150623/108/hvd.32044073502320/673.png"; bbox 0 0 3978 6212; ppageno 0'>
   <div class='ocr_carea' id='block_1_1' title="bbox 420 268 619 333">
    <p class='ocr_par' dir='ltr' id='par_1_1' title="bbox 420 268 619 333">
     <span class='ocr_line' id='line_1_1' title="bbox 420 268 619 333; baseline 0.02 -4"><span class='ocrx_word' id='word_1_1' title='bbox 420 313 425 321; x_wconf 88' lang='grc'><em>.</em></span> <span class='ocrx_word' id='word_1_2' title='bbox 487 268 619 333; x_wconf 74' lang='grc'><strong>1335</strong></span> 
     </span>
    </p>
   </div>
   <div class='ocr_carea' id='block_1_2' title="bbox 1542 267 2626 335">
    <p class='ocr_par' dir='ltr' id='par_1_2' title="bbox 1542 267 2626 335">
     <span class='ocr_line' id='line_1_2' title="bbox 1542 267 2626 335; baseline -0.002 -2"><span class='ocrx_word' id='word_1_3' title='bbox 1542 272 1941 335; x_wconf 79' lang='lat' dir='ltr'><strong>ANASTASII</strong></span> <span class='ocrx_word' id='word_1_4' title='bbox 2002 267 2626 333; x_wconf 72' lang='lat' dir='ltr'><strong>BlBLlOTHECARll</strong></span> 
     </span>
    </p>
   </div>
   <div class='ocr_carea' id='block_1_3' title="bbox 3571 278 3670 341">
    <p class='ocr_par' dir='ltr' id='par_1_3' title="bbox 3571 278 3670 341">
     <span class='ocr_line' id='line_1_3' title="bbox 3571 278 3670 341; baseline 0 0"><span class='ocrx_word' id='word_1_5' title='bbox 3571 278 3670 341; x_wconf 70' lang='lat'><strong>1335</strong></span> 
     </span>
    </p>
   </div>
   <div class='ocr_carea' id='block_1_4' title="bbox 483 376 3676 457">
    <p class='ocr_par' dir='ltr' id='par_1_4' title="bbox 483 376 3676 457">
     <span class='ocr_line' id='line_1_4' title="bbox 483 376 3676 457; baseline 0.004 -27"><span class='ocrx_word' id='word_1_6' title='bbox 483 377 683 444; x_wconf 73' lang='lat' dir='ltr'><strong>&#39;lebur,</strong></span> <span class='ocrx_word' id='word_1_7' title='bbox 732 386 785 434; x_wconf 90' lang='lat' dir='ltr'><strong>et</strong></span> <span class='ocrx_word' id='word_1_8' title='bbox 839 380 1151 451; x_wconf 90' lang='lat' dir='ltr'><strong>congregati</strong></span> <span class='ocrx_word' id='word_1_9' title='bbox 1212 378 1506 437; x_wconf 75' lang='lat' dir='ltr'><strong>thnices</strong></span> <span class='ocrx_word' id='word_1_10' title='bbox 1548 391 1603 437; x_wconf 89' lang='lat' dir='ltr'><strong>et</strong></span> <span class='ocrx_word' id='word_1_11' title='bbox 1646 380 1922 437; x_wconf 62' lang='lat' dir='ltr'><strong>Palaestini</strong></span> <span class='ocrx_word' id='word_1_12' title='bbox 1961 377 2059 432; x_wconf 85' lang='lat' dir='ltr'><strong>Da-</strong></span> <span class='ocrx_word' id='word_1_13' title='bbox 2085 382 2135 439; x_wconf 82' lang='grc' dir='ltr'><strong>Δ</strong></span> <span class='ocrx_word' id='word_1_14' title='bbox 2164 376 2455 451; x_wconf 79' lang='lat' dir='ltr'><strong>Philippici</strong></span> <span class='ocrx_word' id='word_1_15' title='bbox 2486 384 2614 436; x_wconf 91' lang='lat' dir='ltr'><strong>anni</strong></span> <span class='ocrx_word' id='word_1_16' title='bbox 2652 385 2722 447; x_wconf 78' lang='lat'><strong>5;</strong></span> <span class='ocrx_word' id='word_1_17' title='bbox 2775 383 3081 455; x_wconf 81' lang='lat' dir='ltr'><strong>eodemque</strong></span> <span class='ocrx_word' id='word_1_18' title='bbox 3134 386 3310 455; x_wconf 77' lang='lat' dir='ltr'><strong>pritm</strong></span> <span class='ocrx_word' id='word_1_19' title='bbox 3342 402 3479 442; x_wconf 83' lang='lat' dir='ltr'><strong>anno</strong></span> <span class='ocrx_word' id='word_1_20' title='bbox 3506 390 3676 457; x_wconf 80' lang='lat' dir='ltr'><strong>imperii</strong></span> 
     </span>
    </p>
   </div>
   <div class='ocr_carea' id='block_1_5' title="bbox 483 472 2054 543">
    <p class='ocr_par' dir='ltr' id='par_1_5' title="bbox 483 472 2054 543">
     <span class='ocr_line' id='line_1_5' title="bbox 483 472 2054 543; baseline 0.001 -18"><span class='ocrx_word' id='word_1_21' title='bbox 483 488 730 528; x_wconf 84' lang='lat' dir='ltr'><strong>mascum</strong></span> <span class='ocrx_word' id='word_1_22' title='bbox 773 472 1024 536; x_wconf 91' lang='lat' dir='ltr'><strong>veniunt,</strong></span> <span class='ocrx_word' id='word_1_23' title='bbox 1078 474 1173 527; x_wconf 90' lang='lat' dir='ltr'><strong>sed</strong></span> <span class='ocrx_word' id='word_1_24' title='bbox 1213 484 1266 529; x_wconf 85' lang='lat' dir='ltr'><strong>et</strong></span> <span class='ocrx_word' id='word_1_25' title='bbox 1307 488 1482 543; x_wconf 89' lang='lat' dir='ltr'><strong>usque</strong></span> <span class='ocrx_word' id='word_1_26' title='bbox 1503 473 1793 530; x_wconf 87' lang='lat' dir='ltr'><strong>Gahitham</strong></span> <span class='ocrx_word' id='word_1_27' title='bbox 1824 484 1877 529; x_wconf 92' lang='lat' dir='ltr'><strong>et</strong></span> <span class='ocrx_word' id='word_1_28' title='bbox 1908 474 2054 528; x_wconf 81' lang='lat' dir='ltr'><strong>Asan</strong></span> 
     </span>
    </p>
   </div>
   <div class='ocr_carea' id='block_1_6' title="bbox 485 564 2055 634">
    <p class='ocr_par' dir='ltr' id='par_1_6' title="bbox 485 564 2055 634">
     <span class='ocr_line' id='line_1_6' title="bbox 485 564 2055 634; baseline -0.001 -17"><span class='ocrx_word' id='word_1_29' title='bbox 485 565 731 618; x_wconf 80' lang='lat' dir='ltr'><strong>Antiram</strong></span> <span class='ocrx_word' id='word_1_30' title='bbox 756 564 1081 629; x_wconf 63' lang='lat' dir='ltr'><strong>Palaestinae,</strong></span> <span class='ocrx_word' id='word_1_31' title='bbox 1112 564 1354 634; x_wconf 75' lang='lat' dir='ltr'><strong>dantque</strong></span> <span class='ocrx_word' id='word_1_32' title='bbox 1394 581 1591 622; x_wconf 86' lang='lat' dir='ltr'><strong>manus</strong></span> <span class='ocrx_word' id='word_1_33' title='bbox 1625 566 1880 621; x_wconf 79' lang='lat' dir='ltr'><strong>dexteras</strong></span> <span class='ocrx_word' id='word_1_34' title='bbox 1908 564 2055 617; x_wconf 77' lang='lat' dir='ltr'><strong>Mar-</strong></span> 
     </span>
    </p>
   </div>
   <div class='ocr_carea' id='block_1_7' title="bbox 485 655 2060 728">
    <p class='ocr_par' dir='ltr' id='par_1_7' title="bbox 485 655 2060 728">
     <span class='ocr_line' id='line_1_7' title="bbox 485 655 2060 728; baseline 0 -19"><span class='ocrx_word' id='word_1_35' title='bbox 485 656 660 709; x_wconf 82' lang='lat' dir='ltr'><strong>suhan</strong></span> <span class='ocrx_word' id='word_1_36' title='bbox 697 664 750 708; x_wconf 91' lang='lat' dir='ltr'><strong>et</strong></span> <span class='ocrx_word' id='word_1_37' title='bbox 800 655 1004 710; x_wconf 79' lang='lat' dir='ltr'><strong>sismnt</strong></span> <span class='ocrx_word' id='word_1_38' title='bbox 1049 672 1172 711; x_wconf 89' lang='lat' dir='ltr'><strong>eum</strong></span> <span class='ocrx_word' id='word_1_39' title='bbox 1210 658 1429 722; x_wconf 90' lang='lat' dir='ltr'><strong>ducem,</strong></span> <span class='ocrx_word' id='word_1_40' title='bbox 1464 658 1555 728; x_wconf 87' lang='lat' dir='ltr'><strong>qui</strong></span> <span class='ocrx_word' id='word_1_41' title='bbox 1605 658 1793 712; x_wconf 77' lang='lat' dir='ltr'><strong>amitte</strong></span> <span class='ocrx_word' id='word_1_42' title='bbox 1824 656 2060 711; x_wconf 81' lang='lat' dir='ltr'><strong>admini-</strong></span> 
     </span>
    </p>
   </div>
   <div class='ocr_carea' id='block_1_8' title="bbox 485 746 2058 817">
    <p class='ocr_par' dir='ltr' id='par_1_8' title="bbox 485 746 2058 817">
     <span class='ocr_line' id='line_1_8' title="bbox 485 746 2058 817; baseline 0.002 -17"><span class='ocrx_word' id='word_1_43' title='bbox 485 748 753 810; x_wconf 75' lang='lat' dir='ltr'><strong>stratione</strong></span> <span class='ocrx_word' id='word_1_44' title='bbox 783 746 1028 817; x_wconf 78' lang='lat' dir='ltr'><strong>fungitur</strong></span> <span class='ocrx_word' id='word_1_45' title='bbox 1060 749 1346 803; x_wconf 90' lang='lat' dir='ltr'><strong>mensibus</strong></span> <span class='ocrx_word' id='word_1_46' title='bbox 1382 764 1602 804; x_wconf 88' lang='lat' dir='ltr'><strong>novem.</strong></span> <span class='ocrx_word' id='word_1_47' title='bbox 1667 753 1786 816; x_wconf 75' lang='lat' dir='ltr'><strong>Quo</strong></span> <span class='ocrx_word' id='word_1_48' title='bbox 1837 759 2058 804; x_wconf 88' lang='lat' dir='ltr'><strong>mortuo</strong></span> 
     </span>
    </p>
   </div>
   <div class='ocr_carea' id='block_1_9' title="bbox 484 835 2059 909">
    <p class='ocr_par' dir='ltr' id='par_1_9' title="bbox 484 835 2059 909">
     <span class='ocr_line' id='line_1_9' title="bbox 484 835 2059 909; baseline 0.003 -20"><span class='ocrx_word' id='word_1_49' title='bbox 484 835 801 889; x_wconf 63' lang='lat' dir='ltr'><strong>Abimelecb</strong></span> <span class='ocrx_word' id='word_1_50' title='bbox 856 837 1001 892; x_wconf 89' lang='lat' dir='ltr'><strong>lilius</strong></span> <span class='ocrx_word' id='word_1_51' title='bbox 1035 836 1207 905; x_wconf 92' lang='lat' dir='ltr'><strong>ipsius</strong></span> <span class='ocrx_word' id='word_1_52' title='bbox 1233 838 1463 908; x_wconf 89' lang='lat' dir='ltr'><strong>suscipit</strong></span> <span class='ocrx_word' id='word_1_53' title='bbox 1502 840 1897 909; x_wconf 90' lang='lat' dir='ltr'><strong>principatum,</strong></span> <span class='ocrx_word' id='word_1_54' title='bbox 1932 855 2059 894; x_wconf 85' lang='lat' dir='ltr'><strong>cum</strong></span> 
     </span>
    </p>
   </div>
   <div class='ocr_carea' id='block_1_10' title="bbox 491 926 2063 1004">
    <p class='ocr_par' dir='ltr' id='par_1_10' title="bbox 491 926 2063 1004">
     <span class='ocr_line' id='line_1_10' title="bbox 491 926 2063 1004; baseline 0.004 -25"><span class='ocrx_word' id='word_1_55' title='bbox 491 926 698 983; x_wconf 88' lang='lat' dir='ltr'><strong>amiras</strong></span> <span class='ocrx_word' id='word_1_56' title='bbox 738 928 932 984; x_wconf 85' lang='lat' dir='ltr'><strong>fuisset</strong></span> <span class='ocrx_word' id='word_1_57' title='bbox 967 932 1124 984; x_wconf 89' lang='lat' dir='ltr'><strong>annis</strong></span> <span class='ocrx_word' id='word_1_58' title='bbox 1146 930 1205 983; x_wconf 75' lang='grc'><strong>21</strong></span> <span class='ocrx_word' id='word_1_59' title='bbox 1242 939 1404 1000; x_wconf 90' lang='lat' dir='ltr'><strong>atque</strong></span> <span class='ocrx_word' id='word_1_60' title='bbox 1434 932 1688 996; x_wconf 86' lang='lat' dir='ltr'><strong>dimidio,</strong></span> <span class='ocrx_word' id='word_1_61' title='bbox 1716 932 2063 1004; x_wconf 85' lang='lat' dir='ltr'><strong>aggreditur—</strong></span> 
     </span>
    </p>
   </div>
   <div class='ocr_carea' id='block_1_11' title="bbox 487 1020 2065 1090">
    <p class='ocr_par' dir='ltr' id='par_1_11' title="bbox 487 1020 2065 1090">
     <span class='ocr_line' id='line_1_11' title="bbox 487 1020 2065 1090; baseline 0.004 -19"><span class='ocrx_word' id='word_1_62' title='bbox 487 1036 594 1087; x_wconf 83' lang='lat' dir='ltr'><strong>que</strong></span> <span class='ocrx_word' id='word_1_63' title='bbox 631 1030 914 1090; x_wconf 91' lang='lat' dir='ltr'><strong>tyrannos,</strong></span> <span class='ocrx_word' id='word_1_64' title='bbox 948 1031 1001 1075; x_wconf 89' lang='lat' dir='ltr'><strong>et</strong></span> <span class='ocrx_word' id='word_1_65' title='bbox 1033 1020 1309 1078; x_wconf 88' lang='lat' dir='ltr'><strong>interfecit</strong></span> <span class='ocrx_word' id='word_1_66' title='bbox 1338 1024 1617 1079; x_wconf 83' lang='lat' dir='ltr'><strong>Abdcllam</strong></span> <span class='ocrx_word' id='word_1_67' title='bbox 1650 1024 1819 1079; x_wconf 84' lang='lat' dir='ltr'><strong>[ilium</strong></span> <span class='ocrx_word' id='word_1_68' title='bbox 1853 1023 2065 1090; x_wconf 87' lang='lat' dir='ltr'><strong>Zuber,</strong></span> 
     </span>
    </p>
   </div>
   <div class='ocr_carea' id='block_1_12' title="bbox 489 1110 1066 1170">
    <p class='ocr_par' dir='ltr' id='par_1_12' title="bbox 489 1110 1066 1170">
     <span class='ocr_line' id='line_1_12' title="bbox 489 1110 1066 1170; baseline 0.005 -4"><span class='ocrx_word' id='word_1_69' title='bbox 489 1129 590 1167; x_wconf 89' lang='lat' dir='ltr'><strong>nec</strong></span> <span class='ocrx_word' id='word_1_70' title='bbox 619 1129 725 1167; x_wconf 88' lang='lat' dir='ltr'><strong>non</strong></span> <span class='ocrx_word' id='word_1_71' title='bbox 765 1110 1066 1170; x_wconf 88' lang='lat' dir='ltr'><strong>Dodaeum.</strong></span> 
     </span>
    </p>
   </div>
   <div class='ocr_carea' id='block_1_13' title="bbox 558 1204 2064 1274">
    <p class='ocr_par' dir='ltr' id='par_1_13' title="bbox 558 1204 2064 1274">
     <span class='ocr_line' id='line_1_13' title="bbox 558 1204 2064 1274; baseline 0.004 -17"><span class='ocrx_word' id='word_1_72' title='bbox 558 1206 718 1258; x_wconf 82' lang='lat' dir='ltr'><strong>Amto</strong></span> <span class='ocrx_word' id='word_1_73' title='bbox 751 1204 965 1274; x_wconf 88' lang='lat' dir='ltr'><strong>imperii</strong></span> <span class='ocrx_word' id='word_1_74' title='bbox 1003 1206 1348 1262; x_wconf 83' lang='lat' dir='ltr'><strong>Constantini</strong></span> <span class='ocrx_word' id='word_1_75' title='bbox 1385 1208 1452 1261; x_wconf 80' lang='grc'><strong>16</strong></span> <span class='ocrx_word' id='word_1_76' title='bbox 1483 1209 1626 1263; x_wconf 85' lang='lat' dir='ltr'><strong>facta</strong></span> <span class='ocrx_word' id='word_1_77' title='bbox 1665 1218 1748 1263; x_wconf 87' lang='lat' dir='ltr'><strong>est</strong></span> <span class='ocrx_word' id='word_1_78' title='bbox 1784 1210 1953 1265; x_wconf 88' lang='lat' dir='ltr'><strong>fames</strong></span> <span class='ocrx_word' id='word_1_79' title='bbox 1982 1218 2064 1263; x_wconf 84' lang='lat' dir='ltr'><strong>at-</strong></span> 
     </span>
    </p>
   </div>
   <div class='ocr_carea' id='block_1_14' title="bbox 490 1297 2063 1371">
    <p class='ocr_par' dir='ltr' id='par_1_14' title="bbox 490 1297 2063 1371">
     <span class='ocr_line' id='line_1_14' title="bbox 490 1297 2063 1371; baseline 0.004 -23"><span class='ocrx_word' id='word_1_80' title='bbox 490 1312 595 1359; x_wconf 88' lang='lat' dir='ltr'><strong>que</strong></span> <span class='ocrx_word' id='word_1_81' title='bbox 634 1297 938 1352; x_wconf 84' lang='lat' dir='ltr'><strong>mortalitas</strong></span> <span class='ocrx_word' id='word_1_82' title='bbox 986 1314 1180 1367; x_wconf 83' lang='lat' dir='ltr'><strong>magna</strong></span> <span class='ocrx_word' id='word_1_83' title='bbox 1219 1300 1273 1352; x_wconf 89' lang='lat' dir='ltr'><strong>in</strong></span> <span class='ocrx_word' id='word_1_84' title='bbox 1324 1299 1505 1369; x_wconf 83' lang='lat' dir='ltr'><strong>Syria,</strong></span> <span class='ocrx_word' id='word_1_85' title='bbox 1559 1313 1884 1371; x_wconf 76' lang='lat' dir='ltr'><strong>gentemque</strong></span> <span class='ocrx_word' id='word_1_86' title='bbox 1930 1302 2063 1355; x_wconf 80' lang='lat' dir='ltr'><strong>Abi-</strong></span> 
     </span>
    </p>
   </div>
   <div class='ocr_carea' id='block_1_15' title="bbox 493 1390 2066 1465">
    <p class='ocr_par' dir='ltr' id='par_1_15' title="bbox 493 1390 2066 1465">
     <span class='ocr_line' id='line_1_15' title="bbox 493 1390 2066 1465; baseline 0.005 -24"><span class='ocrx_word' id='word_1_87' title='bbox 493 1391 698 1444; x_wconf 88' lang='lat' dir='ltr'><strong>tuelecb</strong></span> <span class='ocrx_word' id='word_1_88' title='bbox 748 1390 1003 1444; x_wconf 90' lang='lat' dir='ltr'><strong>obtinuit.</strong></span> <span class='ocrx_word' id='word_1_89' title='bbox 1056 1391 1303 1462; x_wconf 85' lang='lat' dir='ltr'><strong>Cumque</strong></span> <span class='ocrx_word' id='word_1_90' title='bbox 1349 1393 1628 1449; x_wconf 76' lang='lat' dir='ltr'><strong>Mardaitze</strong></span> <span class='ocrx_word' id='word_1_91' title='bbox 1681 1396 1930 1465; x_wconf 89' lang='lat' dir='ltr'><strong>partibus</strong></span> <span class='ocrx_word' id='word_1_92' title='bbox 1982 1398 2066 1449; x_wconf 86' lang='lat' dir='ltr'><strong>in-</strong></span> 
     </span>
    </p>
   </div>
   <div class='ocr_carea' id='block_1_16' title="bbox 490 1481 2062 1554">
    <p class='ocr_par' dir='ltr' id='par_1_16' title="bbox 490 1481 2062 1554">
     <span class='ocr_line' id='line_1_16' title="bbox 490 1481 2062 1554; baseline 0.005 -23"><span class='ocrx_word' id='word_1_93' title='bbox 490 1481 812 1536; x_wconf 81' lang='lat' dir='ltr'><strong>cumberent</strong></span> <span class='ocrx_word' id='word_1_94' title='bbox 841 1482 1057 1549; x_wconf 88' lang='lat' dir='ltr'><strong>Libani,</strong></span> <span class='ocrx_word' id='word_1_95' title='bbox 1096 1494 1150 1537; x_wconf 84' lang='lat' dir='ltr'><strong>et</strong></span> <span class='ocrx_word' id='word_1_96' title='bbox 1179 1485 1488 1554; x_wconf 80' lang='lat' dir='ltr'><strong>pestilentia</strong></span> <span class='ocrx_word' id='word_1_97' title='bbox 1522 1493 1734 1540; x_wconf 89' lang='lat' dir='ltr'><strong>teneret</strong></span> <span class='ocrx_word' id='word_1_98' title='bbox 1780 1496 1833 1541; x_wconf 91' lang='lat' dir='ltr'><strong>et</strong></span> <span class='ocrx_word' id='word_1_99' title='bbox 1869 1486 2062 1553; x_wconf 88' lang='lat' dir='ltr'><strong>fames,</strong></span> 
     </span>
    </p>
   </div>
   <div class='ocr_carea' id='block_1_17' title="bbox 492 1573 2065 1649">
    <p class='ocr_par' dir='ltr' id='par_1_17' title="bbox 492 1573 2065 1649">
     <span class='ocr_line' id='line_1_17' title="bbox 492 1573 2065 1649; baseline 0.005 -24"><span class='ocrx_word' id='word_1_100' title='bbox 492 1573 633 1627; x_wconf 83' lang='lat' dir='ltr'><strong>idem</strong></span> <span class='ocrx_word' id='word_1_101' title='bbox 660 1574 974 1629; x_wconf 83' lang='lat' dir='ltr'><strong>Abimelcclt</strong></span> <span class='ocrx_word' id='word_1_102' title='bbox 1008 1592 1223 1645; x_wconf 82' lang='lat' dir='ltr'><strong>pacein,</strong></span> <span class='ocrx_word' id='word_1_103' title='bbox 1261 1596 1381 1648; x_wconf 78' lang='lat' dir='ltr'><strong>qua:</strong></span> <span class='ocrx_word' id='word_1_104' title='bbox 1418 1595 1445 1631; x_wconf 88' lang='lat' dir='ltr'><strong>a</strong></span> <span class='ocrx_word' id='word_1_105' title='bbox 1472 1579 1684 1633; x_wconf 85' lang='lat' dir='ltr'><strong>Mauhia</strong></span> <span class='ocrx_word' id='word_1_106' title='bbox 1720 1579 1895 1632; x_wconf 88' lang='lat' dir='ltr'><strong>fuerat</strong></span> <span class='ocrx_word' id='word_1_107' title='bbox 1919 1596 2065 1649; x_wconf 68' lang='lat' dir='ltr'><strong>quae-</strong></span> 
     </span>
    </p>
   </div>
   <div class='ocr_carea' id='block_1_18' title="bbox 492 1667 2062 1740">
    <p class='ocr_par' dir='ltr' id='par_1_18' title="bbox 492 1667 2062 1740">
     <span class='ocr_line' id='line_1_18' title="bbox 492 1667 2062 1740; baseline 0.003 -21"><span class='ocrx_word' id='word_1_108' title='bbox 492 1667 622 1728; x_wconf 69' lang='lat' dir='ltr'><strong>sita,</strong></span> <span class='ocrx_word' id='word_1_109' title='bbox 688 1669 901 1737; x_wconf 70' lang='lat' dir='ltr'><strong>pi-tivit,</strong></span> <span class='ocrx_word' id='word_1_110' title='bbox 954 1669 1139 1725; x_wconf 87' lang='lat' dir='ltr'><strong>missis</strong></span> <span class='ocrx_word' id='word_1_111' title='bbox 1177 1671 1242 1724; x_wconf 91' lang='lat' dir='ltr'><strong>ad</strong></span> <span class='ocrx_word' id='word_1_112' title='bbox 1298 1672 1685 1740; x_wconf 74' lang='lat' dir='ltr'><strong>imperatorem</strong></span> <span class='ocrx_word' id='word_1_113' title='bbox 1724 1673 1936 1740; x_wconf 62' lang='lat' dir='ltr'><strong>legatis,</strong></span> <span class='ocrx_word' id='word_1_114' title='bbox 1968 1687 2062 1727; x_wconf 90' lang='lat' dir='ltr'><strong>ea-</strong></span> 
     </span>
    </p>
   </div>
   <div class='ocr_carea' id='block_1_19' title="bbox 493 1761 2067 1833">
    <p class='ocr_par' dir='ltr' id='par_1_19' title="bbox 493 1761 2067 1833">
     <span class='ocr_line' id='line_1_19' title="bbox 493 1761 2067 1833; baseline 0.004 -24"><span class='ocrx_word' id='word_1_115' title='bbox 493 1761 725 1828; x_wconf 81' lang='lat' dir='ltr'><strong>demque</strong></span> <span class='ocrx_word' id='word_1_116' title='bbox 756 1761 861 1815; x_wconf 76' lang='lat'><strong>563</strong></span> <span class='ocrx_word' id='word_1_117' title='bbox 897 1763 1063 1816; x_wconf 80' lang='lat' dir='ltr'><strong>millia</strong></span> <span class='ocrx_word' id='word_1_118' title='bbox 1090 1764 1480 1817; x_wconf 81' lang='lat' dir='ltr'><strong>numiSmatum</strong></span> <span class='ocrx_word' id='word_1_119' title='bbox 1517 1765 1634 1817; x_wconf 92' lang='lat' dir='ltr'><strong>auri</strong></span> <span class='ocrx_word' id='word_1_120' title='bbox 1668 1764 1905 1833; x_wconf 73' lang='lat' dir='ltr'><strong>przebere</strong></span> <span class='ocrx_word' id='word_1_121' title='bbox 1945 1763 2067 1833; x_wconf 86' lang='lat' dir='ltr'><strong>pol-</strong></span> 
     </span>
    </p>
   </div>
   <div class='ocr_carea' id='block_1_20' title="bbox 495 1852 2068 1925">
    <p class='ocr_par' dir='ltr' id='par_1_20' title="bbox 495 1852 2068 1925">
     <span class='ocr_line' id='line_1_20' title="bbox 495 1852 2068 1925; baseline 0.003 -22"><span class='ocrx_word' id='word_1_122' title='bbox 495 1852 705 1914; x_wconf 84' lang='lat' dir='ltr'><strong>licitus,</strong></span> <span class='ocrx_word' id='word_1_123' title='bbox 743 1862 797 1907; x_wconf 90' lang='lat' dir='ltr'><strong>et</strong></span> <span class='ocrx_word' id='word_1_124' title='bbox 828 1854 950 1909; x_wconf 88' lang='lat' dir='ltr'><strong>illos</strong></span> <span class='ocrx_word' id='word_1_125' title='bbox 988 1854 1093 1908; x_wconf 79' lang='lat'><strong>565</strong></span> <span class='ocrx_word' id='word_1_126' title='bbox 1125 1871 1336 1920; x_wconf 77' lang='lat' dir='ltr'><strong>servos,</strong></span> <span class='ocrx_word' id='word_1_127' title='bbox 1382 1856 1610 1925; x_wconf 79' lang='lat' dir='ltr'><strong>parique</strong></span> <span class='ocrx_word' id='word_1_128' title='bbox 1658 1855 1823 1909; x_wconf 90' lang='lat' dir='ltr'><strong>tnodo</strong></span> <span class='ocrx_word' id='word_1_129' title='bbox 1856 1855 2068 1909; x_wconf 88' lang='lat' dir='ltr'><strong>nobiles</strong></span> 
     </span>
    </p>
   </div>
   <div class='ocr_carea' id='block_1_21' title="bbox 497 1943 943 2015">
    <p class='ocr_par' dir='ltr' id='par_1_21' title="bbox 497 1943 943 2015">
     <span class='ocr_line' id='line_1_21' title="bbox 497 1943 943 2015; baseline 0.011 -19"><span class='ocrx_word' id='word_1_130' title='bbox 497 1943 718 1997; x_wconf 90' lang='lat' dir='ltr'><strong>totidetu</strong></span> <span class='ocrx_word' id='word_1_131' title='bbox 751 1962 943 2015; x_wconf 83' lang='lat' dir='ltr'><strong>equos.</strong></span> 
     </span>
    </p>
   </div>
   <div class='ocr_carea' id='block_1_22' title="bbox 568 2037 2070 2111">
    <p class='ocr_par' dir='ltr' id='par_1_22' title="bbox 568 2037 2070 2111">
     <span class='ocr_line' id='line_1_22' title="bbox 568 2037 2070 2111; baseline 0.003 -22"><span class='ocrx_word' id='word_1_132' title='bbox 568 2038 725 2091; x_wconf 80' lang='lat' dir='ltr'><strong>Auno</strong></span> <span class='ocrx_word' id='word_1_133' title='bbox 776 2037 987 2108; x_wconf 90' lang='lat' dir='ltr'><strong>imperii</strong></span> <span class='ocrx_word' id='word_1_134' title='bbox 1040 2038 1125 2093; x_wconf 92' lang='lat' dir='ltr'><strong>sui</strong></span> <span class='ocrx_word' id='word_1_135' title='bbox 1190 2038 1250 2093; x_wconf 85' lang='lat' dir='ltr'><strong>l7</strong></span> <span class='ocrx_word' id='word_1_136' title='bbox 1305 2040 1573 2110; x_wconf 80' lang='lat' dir='ltr'><strong>requievit</strong></span> <span class='ocrx_word' id='word_1_137' title='bbox 1622 2041 1742 2111; x_wconf 93' lang='lat' dir='ltr'><strong>pius</strong></span> <span class='ocrx_word' id='word_1_138' title='bbox 1774 2042 2070 2111; x_wconf 84' lang='lat' dir='ltr'><strong>imperator</strong></span> 
     </span>
    </p>
   </div>
   <div class='ocr_carea' id='block_1_23' title="bbox 495 2129 2071 2204">
    <p class='ocr_par' dir='ltr' id='par_1_23' title="bbox 495 2129 2071 2204">
     <span class='ocr_line' id='line_1_23' title="bbox 495 2129 2071 2204; baseline 0.003 -23"><span class='ocrx_word' id='word_1_139' title='bbox 495 2129 917 2194; x_wconf 80' lang='lat' dir='ltr'><strong>Constantinus,</strong></span> <span class='ocrx_word' id='word_1_140' title='bbox 948 2146 1071 2185; x_wconf 85' lang='lat' dir='ltr'><strong>cum</strong></span> <span class='ocrx_word' id='word_1_141' title='bbox 1119 2132 1445 2201; x_wconf 81' lang='lat' dir='ltr'><strong>imperasset</strong></span> <span class='ocrx_word' id='word_1_142' title='bbox 1485 2133 1647 2189; x_wconf 89' lang='lat' dir='ltr'><strong>anuis</strong></span> <span class='ocrx_word' id='word_1_143' title='bbox 1690 2134 1778 2198; x_wconf 84' lang='lat' dir='ltr'><strong>l7,</strong></span> <span class='ocrx_word' id='word_1_144' title='bbox 1814 2144 1865 2187; x_wconf 92' lang='lat' dir='ltr'><strong>et</strong></span> <span class='ocrx_word' id='word_1_145' title='bbox 1902 2134 2071 2204; x_wconf 87' lang='lat' dir='ltr'><strong>impe-</strong></span> 
     </span>
    </p>
   </div>
   <div class='ocr_carea' id='block_1_24' title="bbox 498 2220 2074 2297">
    <p class='ocr_par' dir='ltr' id='par_1_24' title="bbox 498 2220 2074 2297">
     <span class='ocr_line' id='line_1_24' title="bbox 498 2220 2074 2297; baseline 0.003 -22"><span class='ocrx_word' id='word_1_146' title='bbox 498 2222 640 2275; x_wconf 90' lang='lat' dir='ltr'><strong>ravit</strong></span> <span class='ocrx_word' id='word_1_147' title='bbox 670 2220 1021 2277; x_wconf 85' lang='lat' dir='ltr'><strong>Justiniauus</strong></span> <span class='ocrx_word' id='word_1_148' title='bbox 1043 2222 1188 2280; x_wconf 86' lang='lat' dir='ltr'><strong>filius</strong></span> <span class='ocrx_word' id='word_1_149' title='bbox 1218 2224 1360 2294; x_wconf 86' lang='lat' dir='ltr'><strong>ejus.</strong></span> <span class='ocrx_word' id='word_1_150' title='bbox 1391 2223 1456 2279; x_wconf 85' lang='lat' dir='ltr'><strong>Et</strong></span> <span class='ocrx_word' id='word_1_151' title='bbox 1486 2226 1769 2281; x_wconf 87' lang='lat' dir='ltr'><strong>sciendum</strong></span> <span class='ocrx_word' id='word_1_152' title='bbox 1801 2228 1930 2297; x_wconf 79' lang='lat' dir='ltr'><strong>quia</strong></span> <span class='ocrx_word' id='word_1_153' title='bbox 1959 2226 2074 2279; x_wconf 75' lang='lat' dir='ltr'><strong>fru-</strong></span> 
     </span>
    </p>
   </div>
   <div class='ocr_carea' id='block_1_25' title="bbox 498 2314 2075 2387">
    <p class='ocr_par' dir='ltr' id='par_1_25' title="bbox 498 2314 2075 2387">
     <span class='ocr_line' id='line_1_25' title="bbox 498 2314 2075 2387; baseline 0.002 -19"><span class='ocrx_word' id='word_1_154' title='bbox 498 2324 613 2368; x_wconf 93' lang='lat' dir='ltr'><strong>stra</strong></span> <span class='ocrx_word' id='word_1_155' title='bbox 675 2314 847 2370; x_wconf 90' lang='lat' dir='ltr'><strong>delire</strong></span> <span class='ocrx_word' id='word_1_156' title='bbox 891 2316 1002 2386; x_wconf 83' lang='lat'><strong>(69)</strong></span> <span class='ocrx_word' id='word_1_157' title='bbox 1044 2316 1295 2387; x_wconf 86' lang='lat' dir='ltr'><strong>garriunt</strong></span> <span class='ocrx_word' id='word_1_158' title='bbox 1354 2317 1575 2383; x_wconf 86' lang='lat' dir='ltr'><strong>quidam</strong></span> <span class='ocrx_word' id='word_1_159' title='bbox 1626 2318 1907 2380; x_wconf 87' lang='lat' dir='ltr'><strong>dicentes,</strong></span> <span class='ocrx_word' id='word_1_160' title='bbox 1949 2326 2075 2387; x_wconf 81' lang='lat' dir='ltr'><strong>post</strong></span> 
     </span>
    </p>
   </div>
   <div class='ocr_carea' id='block_1_26' title="bbox 499 2406 2075 2479">
    <p class='ocr_par' dir='ltr' id='par_1_26' title="bbox 499 2406 2075 2479">
     <span class='ocr_line' id='line_1_26' title="bbox 499 2406 2075 2479; baseline 0.003 -21"><span class='ocrx_word' id='word_1_161' title='bbox 499 2415 739 2474; x_wconf 80' lang='lat' dir='ltr'><strong>quatuor</strong></span> <span class='ocrx_word' id='word_1_162' title='bbox 770 2422 944 2462; x_wconf 89' lang='lat' dir='ltr'><strong>annos</strong></span> <span class='ocrx_word' id='word_1_163' title='bbox 981 2406 1153 2463; x_wconf 84' lang='lat' dir='ltr'><strong>factas</strong></span> <span class='ocrx_word' id='word_1_164' title='bbox 1218 2407 1387 2463; x_wconf 87' lang='lat' dir='ltr'><strong>fuisse</strong></span> <span class='ocrx_word' id='word_1_165' title='bbox 1439 2425 1535 2463; x_wconf 82' lang='lat' dir='ltr'><strong>sex</strong></span> <span class='ocrx_word' id='word_1_166' title='bbox 1568 2410 1759 2479; x_wconf 82' lang='lat' dir='ltr'><strong>synodi</strong></span> <span class='ocrx_word' id='word_1_167' title='bbox 1810 2410 2075 2479; x_wconf 85' lang='lat' dir='ltr'><strong>capitula-</strong></span> 
     </span>
    </p>
   </div>
   <div class='ocr_carea' id='block_1_27' title="bbox 497 2498 2074 2567">
    <p class='ocr_par' dir='ltr' id='par_1_27' title="bbox 497 2498 2074 2567">
     <span class='ocr_line' id='line_1_27' title="bbox 497 2498 2074 2567; baseline 0.002 -16"><span class='ocrx_word' id='word_1_168' title='bbox 497 2513 611 2563; x_wconf 80' lang='lat' dir='ltr'><strong>res,</strong></span> <span class='ocrx_word' id='word_1_169' title='bbox 663 2513 785 2567; x_wconf 72' lang='lat' dir='ltr'><strong>quae</strong></span> <span class='ocrx_word' id='word_1_170' title='bbox 835 2498 1124 2553; x_wconf 65' lang='lat' dir='ltr'><strong>dill‘amatae</strong></span> <span class='ocrx_word' id='word_1_171' title='bbox 1164 2511 1330 2561; x_wconf 91' lang='lat' dir='ltr'><strong>sunt,</strong></span> <span class='ocrx_word' id='word_1_172' title='bbox 1389 2499 1633 2553; x_wconf 80' lang='lat' dir='ltr'><strong>formas:</strong></span> <span class='ocrx_word' id='word_1_173' title='bbox 1674 2500 1818 2554; x_wconf 91' lang='lat' dir='ltr'><strong>sicut</strong></span> <span class='ocrx_word' id='word_1_174' title='bbox 1844 2501 1989 2555; x_wconf 90' lang='lat' dir='ltr'><strong>enim</strong></span> <span class='ocrx_word' id='word_1_175' title='bbox 2018 2501 2074 2554; x_wconf 91' lang='lat' dir='ltr'><strong>in</strong></span> 
     </span>
    </p>
   </div>
   <div class='ocr_carea' id='block_1_28' title="bbox 501 2588 2076 2659">
    <p class='ocr_par' dir='ltr' id='par_1_28' title="bbox 501 2588 2076 2659">
     <span class='ocr_line' id='line_1_28' title="bbox 501 2588 2076 2659; baseline 0.005 -21"><span class='ocrx_word' id='word_1_176' title='bbox 501 2590 762 2643; x_wconf 61' lang='lat' dir='ltr'><strong>«titinihus</strong></span> <span class='ocrx_word' id='word_1_177' title='bbox 789 2604 914 2643; x_wconf 91' lang='lat' dir='ltr'><strong>cum</strong></span> <span class='ocrx_word' id='word_1_178' title='bbox 962 2588 1095 2643; x_wconf 86' lang='lat' dir='ltr'><strong>falsa</strong></span> <span class='ocrx_word' id='word_1_179' title='bbox 1130 2590 1429 2659; x_wconf 69' lang='lat' dir='ltr'><strong>praedicent</strong></span> <span class='ocrx_word' id='word_1_180' title='bbox 1459 2602 1799 2659; x_wconf 86' lang='lat' dir='ltr'><strong>arguuntur,</strong></span> <span class='ocrx_word' id='word_1_181' title='bbox 1831 2592 1903 2644; x_wconf 88' lang='lat' dir='ltr'><strong>ita</strong></span> <span class='ocrx_word' id='word_1_182' title='bbox 1930 2602 1984 2645; x_wconf 85' lang='lat' dir='ltr'><strong>et</strong></span> <span class='ocrx_word' id='word_1_183' title='bbox 2008 2608 2076 2646; x_wconf 78' lang='lat' dir='ltr'><strong>ex</strong></span> 
     </span>
    </p>
   </div>
   <div class='ocr_carea' id='block_1_29' title="bbox 506 2679 2073 2738">
    <p class='ocr_par' dir='ltr' id='par_1_29' title="bbox 506 2679 2073 2738">
     <span class='ocr_line' id='line_1_29' title="bbox 506 2679 2073 2738; baseline 0.004 -8"><span class='ocrx_word' id='word_1_184' title='bbox 506 2679 596 2732; x_wconf 86' lang='lat' dir='ltr'><strong>bis</strong></span> <span class='ocrx_word' id='word_1_185' title='bbox 653 2681 1022 2734; x_wconf 89' lang='lat' dir='ltr'><strong>ostenduntur</strong></span> <span class='ocrx_word' id='word_1_186' title='bbox 1066 2680 1201 2733; x_wconf 85' lang='lat' dir='ltr'><strong>nihil</strong></span> <span class='ocrx_word' id='word_1_187' title='bbox 1247 2680 1429 2735; x_wconf 82' lang='lat' dir='ltr'><strong>dicere</strong></span> <span class='ocrx_word' id='word_1_188' title='bbox 1486 2682 1715 2737; x_wconf 78' lang='lat' dir='ltr'><strong>veritate</strong></span> <span class='ocrx_word' id='word_1_189' title='bbox 1767 2683 2073 2738; x_wconf 69' lang='lat' dir='ltr'><strong>sutl‘ultum.</strong></span> 
     </span>
    </p>
   </div>
   <div class='ocr_carea' id='block_1_30' title="bbox 505 2766 2074 2841">
    <p class='ocr_par' dir='ltr' id='par_1_30' title="bbox 505 2766 2074 2841">
     <span class='ocr_line' id='line_1_30' title="bbox 505 2766 2074 2841; baseline 0.003 -19"><span class='ocrx_word' id='word_1_190' title='bbox 505 2766 647 2824; x_wconf 83' lang='lat' dir='ltr'><strong>Vera</strong></span> <span class='ocrx_word' id='word_1_191' title='bbox 679 2771 881 2841; x_wconf 88' lang='lat' dir='ltr'><strong>quippe</strong></span> <span class='ocrx_word' id='word_1_192' title='bbox 928 2771 1189 2827; x_wconf 87' lang='lat' dir='ltr'><strong>chronica</strong></span> <span class='ocrx_word' id='word_1_193' title='bbox 1226 2773 1510 2827; x_wconf 88' lang='lat' dir='ltr'><strong>aunotatio</strong></span> <span class='ocrx_word' id='word_1_194' title='bbox 1548 2783 1796 2828; x_wconf 90' lang='lat' dir='ltr'><strong>sanctum</strong></span> <span class='ocrx_word' id='word_1_195' title='bbox 1854 2776 2074 2829; x_wconf 88' lang='lat' dir='ltr'><strong>univer-</strong></span> 
     </span>
    </p>
   </div>
   <div class='ocr_carea' id='block_1_31' title="bbox 506 2863 2077 2935">
    <p class='ocr_par' dir='ltr' id='par_1_31' title="bbox 506 2863 2077 2935">
     <span class='ocr_line' id='line_1_31' title="bbox 506 2863 2077 2935; baseline 0.002 -16"><span class='ocrx_word' id='word_1_196' title='bbox 506 2863 677 2919; x_wconf 89' lang='lat' dir='ltr'><strong>salem</strong></span> <span class='ocrx_word' id='word_1_197' title='bbox 714 2874 923 2918; x_wconf 79' lang='lat' dir='ltr'><strong>sextam</strong></span> <span class='ocrx_word' id='word_1_198' title='bbox 948 2864 1218 2935; x_wconf 85' lang='lat' dir='ltr'><strong>synodum</strong></span> <span class='ocrx_word' id='word_1_199' title='bbox 1249 2904 1265 2930; x_wconf 96' lang='lat'><strong>,</strong></span> <span class='ocrx_word' id='word_1_200' title='bbox 1307 2880 1429 2934; x_wconf 69' lang='lat' dir='ltr'><strong>qua:</strong></span> <span class='ocrx_word' id='word_1_201' title='bbox 1467 2875 1659 2919; x_wconf 89' lang='lat' dir='ltr'><strong>contra</strong></span> <span class='ocrx_word' id='word_1_202' title='bbox 1692 2867 2077 2922; x_wconf 87' lang='lat' dir='ltr'><strong>monotltelitas</strong></span> 
     </span>
    </p>
   </div>
   <div class='ocr_carea' id='block_1_32' title="bbox 505 2955 2078 3027">
    <p class='ocr_par' dir='ltr' id='par_1_32' title="bbox 505 2955 2078 3027">
     <span class='ocr_line' id='line_1_32' title="bbox 505 2955 2078 3027; baseline 0.003 -17"><span class='ocrx_word' id='word_1_203' title='bbox 505 2955 786 3012; x_wconf 90' lang='lat' dir='ltr'><strong>celebrata</strong></span> <span class='ocrx_word' id='word_1_204' title='bbox 833 2964 918 3011; x_wconf 91' lang='lat' dir='ltr'><strong>est</strong></span> <span class='ocrx_word' id='word_1_205' title='bbox 952 2956 1015 3011; x_wconf 75' lang='grc'><strong>12</strong></span> <span class='ocrx_word' id='word_1_206' title='bbox 1049 2971 1195 3011; x_wconf 91' lang='lat' dir='ltr'><strong>anno</strong></span> <span class='ocrx_word' id='word_1_207' title='bbox 1222 2955 1438 3025; x_wconf 89' lang='lat' dir='ltr'><strong>imperii</strong></span> <span class='ocrx_word' id='word_1_208' title='bbox 1472 2957 1815 3013; x_wconf 84' lang='lat' dir='ltr'><strong>Constantini</strong></span> <span class='ocrx_word' id='word_1_209' title='bbox 1865 2961 2078 3027; x_wconf 91' lang='lat' dir='ltr'><strong>nepotis</strong></span> 
     </span>
    </p>
   </div>
   <div class='ocr_carea' id='block_1_33' title="bbox 2162 472 3674 542">
    <p class='ocr_par' dir='ltr' id='par_1_33' title="bbox 2162 472 3674 542">
     <span class='ocr_line' id='line_1_33' title="bbox 2162 472 3674 542; baseline 0.007 -18"><span class='ocrx_word' id='word_1_210' title='bbox 2162 472 2448 542; x_wconf 82' lang='lat' dir='ltr'><strong>Philippici</strong></span> <span class='ocrx_word' id='word_1_211' title='bbox 2495 474 2700 529; x_wconf 85' lang='lat' dir='ltr'><strong>factum</strong></span> <span class='ocrx_word' id='word_1_212' title='bbox 2766 477 2839 529; x_wconf 86' lang='lat' dir='ltr'><strong>sit</strong></span> <span class='ocrx_word' id='word_1_213' title='bbox 2890 476 3147 532; x_wconf 87' lang='lat' dir='ltr'><strong>insanum</strong></span> <span class='ocrx_word' id='word_1_214' title='bbox 3202 480 3487 535; x_wconf 86' lang='lat' dir='ltr'><strong>concilium</strong></span> <span class='ocrx_word' id='word_1_215' title='bbox 3526 492 3674 535; x_wconf 85' lang='lat' dir='ltr'><strong>contra</strong></span> 
     </span>
    </p>
   </div>
   <div class='ocr_carea' id='block_1_34' title="bbox 2162 566 3679 641">
    <p class='ocr_par' dir='ltr' id='par_1_34' title="bbox 2162 566 3679 641">
     <span class='ocr_line' id='line_1_34' title="bbox 2162 566 3679 641; baseline 0.005 -21"><span class='ocrx_word' id='word_1_216' title='bbox 2162 573 2409 620; x_wconf 79' lang='lat' dir='ltr'><strong>sanctam</strong></span> <span class='ocrx_word' id='word_1_217' title='bbox 2472 576 2526 619; x_wconf 83' lang='lat' dir='ltr'><strong>et</strong></span> <span class='ocrx_word' id='word_1_218' title='bbox 2580 566 2945 622; x_wconf 83' lang='lat' dir='ltr'><strong>universalem</strong></span> <span class='ocrx_word' id='word_1_219' title='bbox 3021 578 3232 622; x_wconf 73' lang='lat' dir='ltr'><strong>sextam</strong></span> <span class='ocrx_word' id='word_1_220' title='bbox 3304 571 3589 641; x_wconf 82' lang='lat' dir='ltr'><strong>synodum,</strong></span> <span class='ocrx_word' id='word_1_221' title='bbox 3638 586 3679 629; x_wconf 89' lang='lat' dir='ltr'><strong>et</strong></span> 
     </span>
    </p>
   </div>
   <div class='ocr_carea' id='block_1_35' title="bbox 2163 658 3681 730">
    <p class='ocr_par' dir='ltr' id='par_1_35' title="bbox 2163 658 3681 730">
     <span class='ocr_line' id='line_1_35' title="bbox 2163 658 3681 730; baseline 0.007 -19"><span class='ocrx_word' id='word_1_222' title='bbox 2163 658 2321 725; x_wconf 86' lang='lat' dir='ltr'><strong>pulso</strong></span> <span class='ocrx_word' id='word_1_223' title='bbox 2379 658 2520 729; x_wconf 82' lang='lat' dir='ltr'><strong>Cyro</strong></span> <span class='ocrx_word' id='word_1_224' title='bbox 2567 669 2724 714; x_wconf 81' lang='lat' dir='ltr'><strong>sexto</strong></span> <span class='ocrx_word' id='word_1_225' title='bbox 2786 676 2933 713; x_wconf 90' lang='lat' dir='ltr'><strong>anno</strong></span> <span class='ocrx_word' id='word_1_226' title='bbox 3001 663 3406 730; x_wconf 82' lang='lat' dir='ltr'><strong>patriarchatus</strong></span> <span class='ocrx_word' id='word_1_227' title='bbox 3452 666 3527 718; x_wconf 84' lang='lat' dir='ltr'><strong>sui</strong></span> <span class='ocrx_word' id='word_1_228' title='bbox 3565 668 3681 721; x_wconf 83' lang='lat' dir='ltr'><strong>tieret</strong></span> 
     </span>
    </p>
   </div>
   <div class='ocr_carea' id='block_1_36' title="bbox 2160 746 3684 823">
    <p class='ocr_par' dir='ltr' id='par_1_36' title="bbox 2160 746 3684 823">
     <span class='ocr_line' id='line_1_36' title="bbox 2160 746 3684 823; baseline 0.009 -22"><span class='ocrx_word' id='word_1_229' title='bbox 2160 746 2403 805; x_wconf 81' lang='lat' dir='ltr'><strong>Joannes</strong></span> <span class='ocrx_word' id='word_1_230' title='bbox 2461 750 2777 818; x_wconf 74' lang='lat' dir='ltr'><strong>patriarcha</strong></span> <span class='ocrx_word' id='word_1_231' title='bbox 2827 751 3387 823; x_wconf 80' lang='lat' dir='ltr'><strong>Constantinopoleos</strong></span> <span class='ocrx_word' id='word_1_232' title='bbox 3409 767 3459 809; x_wconf 91' lang='lat' dir='ltr'><strong>et</strong></span> <span class='ocrx_word' id='word_1_233' title='bbox 3485 757 3684 814; x_wconf 72' lang='lat' dir='ltr'><strong>Andreas</strong></span> 
     </span>
    </p>
   </div>
   <div class='ocr_carea' id='block_1_37' title="bbox 2165 842 3686 917">
    <p class='ocr_par' dir='ltr' id='par_1_37' title="bbox 2165 842 3686 917">
     <span class='ocr_line' id='line_1_37' title="bbox 2165 842 3686 917; baseline 0.007 -23"><span class='ocrx_word' id='word_1_234' title='bbox 2165 842 2517 911; x_wconf 90' lang='lat' dir='ltr'><strong>metropolita</strong></span> <span class='ocrx_word' id='word_1_235' title='bbox 2585 842 2870 900; x_wconf 87' lang='lat' dir='ltr'><strong>Cretensis</strong></span> <span class='ocrx_word' id='word_1_236' title='bbox 2915 855 2969 900; x_wconf 88' lang='lat' dir='ltr'><strong>et</strong></span> <span class='ocrx_word' id='word_1_237' title='bbox 3022 846 3332 903; x_wconf 85' lang='lat' dir='ltr'><strong>Germanus</strong></span> <span class='ocrx_word' id='word_1_238' title='bbox 3392 853 3686 917; x_wconf 78' lang='lat' dir='ltr'><strong>metrOpolita</strong></span> 
     </span>
    </p>
   </div>
   <div class='ocr_carea' id='block_1_38' title="bbox 2163 933 3692 1008">
    <p class='ocr_par' dir='ltr' id='par_1_38' title="bbox 2163 933 3692 1008">
     <span class='ocr_line' id='line_1_38' title="bbox 2163 933 3692 1008; baseline 0.006 -19"><span class='ocrx_word' id='word_1_239' title='bbox 2163 933 2370 1006; x_wconf 85' lang='lat' dir='ltr'><strong>Cyzici,</strong></span> <span class='ocrx_word' id='word_1_240' title='bbox 2424 935 2518 1004; x_wconf 85' lang='lat' dir='ltr'><strong>qui</strong></span> <span class='ocrx_word' id='word_1_241' title='bbox 2571 937 3025 1008; x_wconf 89' lang='lat' dir='ltr'><strong>subscripserunt</strong></span> <span class='ocrx_word' id='word_1_242' title='bbox 3076 942 3359 995; x_wconf 79' lang='lat' dir='ltr'><strong>evidenter</strong></span> <span class='ocrx_word' id='word_1_243' title='bbox 3413 951 3463 996; x_wconf 90' lang='lat' dir='ltr'><strong>et</strong></span> <span class='ocrx_word' id='word_1_244' title='bbox 3502 944 3692 999; x_wconf 79' lang='lat' dir='ltr'><strong>anathe-</strong></span> 
     </span>
    </p>
   </div>
   <div class='ocr_carea' id='block_1_39' title="bbox 2166 1029 3693 1103">
    <p class='ocr_par' dir='ltr' id='par_1_39' title="bbox 2166 1029 3693 1103">
     <span class='ocr_line' id='line_1_39' title="bbox 2166 1029 3693 1103; baseline 0.005 -21"><span class='ocrx_word' id='word_1_245' title='bbox 2166 1029 2587 1092; x_wconf 82' lang='lat' dir='ltr'><strong>matizaverunt,</strong></span> <span class='ocrx_word' id='word_1_246' title='bbox 2646 1044 2773 1083; x_wconf 90' lang='lat' dir='ltr'><strong>cum</strong></span> <span class='ocrx_word' id='word_1_247' title='bbox 2826 1031 3084 1087; x_wconf 88' lang='lat' dir='ltr'><strong>omnibus</strong></span> <span class='ocrx_word' id='word_1_248' title='bbox 3139 1033 3232 1102; x_wconf 84' lang='lat' dir='ltr'><strong>qui</strong></span> <span class='ocrx_word' id='word_1_249' title='bbox 3266 1048 3366 1103; x_wconf 89' lang='lat' dir='ltr'><strong>per</strong></span> <span class='ocrx_word' id='word_1_250' title='bbox 3392 1035 3557 1089; x_wconf 81' lang='lat' dir='ltr'><strong>eadem</strong></span> <span class='ocrx_word' id='word_1_251' title='bbox 3583 1046 3693 1089; x_wconf 62' lang='lat' dir='ltr'><strong>tem»</strong></span> 
     </span>
    </p>
   </div>
   <div class='ocr_carea' id='block_1_40' title="bbox 2165 1120 3686 1190">
    <p class='ocr_par' dir='ltr' id='par_1_40' title="bbox 2165 1120 3686 1190">
     <span class='ocr_line' id='line_1_40' title="bbox 2165 1120 3686 1190; baseline 0.007 -17"><span class='ocrx_word' id='word_1_252' title='bbox 2165 1134 2301 1190; x_wconf 89' lang='lat' dir='ltr'><strong>pora</strong></span> <span class='ocrx_word' id='word_1_253' title='bbox 2353 1120 2529 1186; x_wconf 85' lang='lat' dir='ltr'><strong>fuere,</strong></span> <span class='ocrx_word' id='word_1_254' title='bbox 2586 1121 2903 1189; x_wconf 61' lang='lat' dir='ltr'><strong>pradictam</strong></span> <span class='ocrx_word' id='word_1_255' title='bbox 2966 1132 3159 1177; x_wconf 86' lang='lat' dir='ltr'><strong>contra</strong></span> <span class='ocrx_word' id='word_1_256' title='bbox 3211 1124 3570 1180; x_wconf 77' lang='lat' dir='ltr'><strong>monorhelitas</strong></span> <span class='ocrx_word' id='word_1_257' title='bbox 3612 1143 3686 1183; x_wconf 87' lang='lat' dir='ltr'><strong>ce-</strong></span> 
     </span>
    </p>
   </div>
   <div class='ocr_carea' id='block_1_41' title="bbox 2170 1208 3685 1287">
    <p class='ocr_par' dir='ltr' id='par_1_41' title="bbox 2170 1208 3685 1287">
     <span class='ocr_line' id='line_1_41' title="bbox 2170 1208 3685 1287; baseline 0.008 -27"><span class='ocrx_word' id='word_1_258' title='bbox 2170 1208 2436 1261; x_wconf 87' lang='lat' dir='ltr'><strong>lebratam</strong></span> <span class='ocrx_word' id='word_1_259' title='bbox 2492 1221 2739 1263; x_wconf 90' lang='lat' dir='ltr'><strong>sanctam</strong></span> <span class='ocrx_word' id='word_1_260' title='bbox 2776 1211 3144 1265; x_wconf 86' lang='lat' dir='ltr'><strong>universalem</strong></span> <span class='ocrx_word' id='word_1_261' title='bbox 3195 1222 3402 1269; x_wconf 77' lang='lat' dir='ltr'><strong>sextam</strong></span> <span class='ocrx_word' id='word_1_262' title='bbox 3439 1218 3685 1287; x_wconf 81' lang='lat' dir='ltr'><strong>synodum;</strong></span> 
     </span>
    </p>
   </div>
   <div class='ocr_carea' id='block_1_42' title="bbox 2168 1302 3689 1368">
    <p class='ocr_par' dir='ltr' id='par_1_42' title="bbox 2168 1302 3689 1368">
     <span class='ocr_line' id='line_1_42' title="bbox 2168 1302 3689 1368; baseline 0.008 -15"><span class='ocrx_word' id='word_1_263' title='bbox 2168 1306 2291 1368; x_wconf 86' lang='lat' dir='ltr'><strong>post</strong></span> <span class='ocrx_word' id='word_1_264' title='bbox 2348 1315 2521 1353; x_wconf 87' lang='lat' dir='ltr'><strong>annos</strong></span> <span class='ocrx_word' id='word_1_265' title='bbox 2579 1316 2709 1355; x_wconf 86' lang='lat' dir='ltr'><strong>vero</strong></span> <span class='ocrx_word' id='word_1_266' title='bbox 2766 1310 2878 1358; x_wconf 85' lang='lat' dir='ltr'><strong>tres</strong></span> <span class='ocrx_word' id='word_1_267' title='bbox 2908 1302 3170 1359; x_wconf 80' lang='lat' dir='ltr'><strong>defuncto</strong></span> <span class='ocrx_word' id='word_1_268' title='bbox 3192 1303 3394 1361; x_wconf 81' lang='lat' dir='ltr'><strong>Joanne</strong></span> <span class='ocrx_word' id='word_1_269' title='bbox 3430 1310 3689 1365; x_wconf 82' lang='lat' dir='ltr'><strong>translatus</strong></span> 
     </span>
    </p>
   </div>
   <div class='ocr_carea' id='block_1_43' title="bbox 2168 1391 3682 1465">
    <p class='ocr_par' dir='ltr' id='par_1_43' title="bbox 2168 1391 3682 1465">
     <span class='ocr_line' id='line_1_43' title="bbox 2168 1391 3682 1465; baseline 0.008 -20"><span class='ocrx_word' id='word_1_270' title='bbox 2168 1391 2330 1446; x_wconf 80' lang='lat' dir='ltr'><strong>fuerit</strong></span> <span class='ocrx_word' id='word_1_271' title='bbox 2378 1392 2683 1449; x_wconf 79' lang='lat' dir='ltr'><strong>Gennanus</strong></span> <span class='ocrx_word' id='word_1_272' title='bbox 2738 1409 2767 1446; x_wconf 91' lang='lat' dir='ltr'><strong>a</strong></span> <span class='ocrx_word' id='word_1_273' title='bbox 2809 1395 3010 1465; x_wconf 78' lang='lat' dir='ltr'><strong>Cyzico</strong></span> <span class='ocrx_word' id='word_1_274' title='bbox 3090 1407 3147 1450; x_wconf 84' lang='lat' dir='ltr'><strong>et</strong></span> <span class='ocrx_word' id='word_1_275' title='bbox 3212 1401 3495 1465; x_wconf 76' lang='lat' dir='ltr'><strong>patriarcha</strong></span> <span class='ocrx_word' id='word_1_276' title='bbox 3549 1402 3682 1457; x_wconf 71' lang='lat' dir='ltr'><strong>fieres</strong></span> 
     </span>
    </p>
   </div>
   <div class='ocr_carea' id='block_1_44' title="bbox 2167 1484 3683 1555">
    <p class='ocr_par' dir='ltr' id='par_1_44' title="bbox 2167 1484 3683 1555">
     <span class='ocr_line' id='line_1_44' title="bbox 2167 1484 3683 1555; baseline 0.005 -16"><span class='ocrx_word' id='word_1_277' title='bbox 2167 1484 2767 1555; x_wconf 84' lang='lat' dir='ltr'><strong>Constantinopoleos,</strong></span> <span class='ocrx_word' id='word_1_278' title='bbox 2826 1496 2879 1541; x_wconf 88' lang='lat' dir='ltr'><strong>et</strong></span> <span class='ocrx_word' id='word_1_279' title='bbox 2935 1487 3152 1544; x_wconf 65' lang='lat' dir='ltr'><strong>decimo</strong></span> <span class='ocrx_word' id='word_1_280' title='bbox 3210 1492 3372 1546; x_wconf 88' lang='lat' dir='ltr'><strong>tertio</strong></span> <span class='ocrx_word' id='word_1_281' title='bbox 3425 1508 3548 1547; x_wconf 85' lang='lat' dir='ltr'><strong>anno</strong></span> <span class='ocrx_word' id='word_1_282' title='bbox 3594 1495 3683 1547; x_wconf 83' lang='lat' dir='ltr'><strong>int-</strong></span> 
     </span>
    </p>
   </div>
   <div class='ocr_carea' id='block_1_45' title="bbox 2166 1579 3683 1649">
    <p class='ocr_par' dir='ltr' id='par_1_45' title="bbox 2166 1579 3683 1649">
     <span class='ocr_line' id='line_1_45' title="bbox 2166 1579 3683 1649; baseline 0.004 -16"><span class='ocrx_word' id='word_1_283' title='bbox 2166 1580 2303 1649; x_wconf 82' lang='lat' dir='ltr'><strong>petii</strong></span> <span class='ocrx_word' id='word_1_284' title='bbox 2371 1579 2568 1634; x_wconf 69' lang='lat' dir='ltr'><strong>Leonis</strong></span> <span class='ocrx_word' id='word_1_285' title='bbox 2621 1581 3026 1648; x_wconf 74' lang='lat' dir='ltr'><strong>expelleretur,</strong></span> <span class='ocrx_word' id='word_1_286' title='bbox 3082 1592 3136 1635; x_wconf 86' lang='lat' dir='ltr'><strong>et</strong></span> <span class='ocrx_word' id='word_1_287' title='bbox 3191 1583 3347 1637; x_wconf 83' lang='lat' dir='ltr'><strong>fieret</strong></span> <span class='ocrx_word' id='word_1_288' title='bbox 3399 1588 3683 1649; x_wconf 69' lang='lat' dir='ltr'><strong>Anastasius,</strong></span> 
     </span>
    </p>
   </div>
   <div class='ocr_carea' id='block_1_46' title="bbox 2168 1672 3692 1745">
    <p class='ocr_par' dir='ltr' id='par_1_46' title="bbox 2168 1672 3692 1745">
     <span class='ocr_line' id='line_1_46' title="bbox 2168 1672 3692 1745; baseline 0.002 -20"><span class='ocrx_word' id='word_1_289' title='bbox 2168 1682 2223 1725; x_wconf 90' lang='lat' dir='ltr'><strong>et</strong></span> <span class='ocrx_word' id='word_1_290' title='bbox 2299 1672 2671 1739; x_wconf 88' lang='lat' dir='ltr'><strong>patriarchatu</strong></span> <span class='ocrx_word' id='word_1_291' title='bbox 2736 1672 3055 1740; x_wconf 72' lang='lat' dir='ltr'><strong>fringeretur</strong></span> <span class='ocrx_word' id='word_1_292' title='bbox 3120 1673 3284 1729; x_wconf 90' lang='lat' dir='ltr'><strong>annis</strong></span> <span class='ocrx_word' id='word_1_293' title='bbox 3346 1674 3445 1737; x_wconf 69' lang='grc'><strong>24,</strong></span> <span class='ocrx_word' id='word_1_294' title='bbox 3497 1684 3543 1730; x_wconf 91' lang='lat' dir='ltr'><strong>et</strong></span> <span class='ocrx_word' id='word_1_295' title='bbox 3589 1684 3692 1745; x_wconf 80' lang='lat' dir='ltr'><strong>post</strong></span> 
     </span>
    </p>
   </div>
   <div class='ocr_carea' id='block_1_47' title="bbox 2168 1764 3700 1832">
    <p class='ocr_par' dir='ltr' id='par_1_47' title="bbox 2168 1764 3700 1832">
     <span class='ocr_line' id='line_1_47' title="bbox 2168 1764 3700 1832; baseline 0.002 -13"><span class='ocrx_word' id='word_1_296' title='bbox 2168 1781 2292 1820; x_wconf 91' lang='lat' dir='ltr'><strong>eum</strong></span> <span class='ocrx_word' id='word_1_297' title='bbox 2331 1764 2728 1819; x_wconf 84' lang='lat' dir='ltr'><strong>Constantinus</strong></span> <span class='ocrx_word' id='word_1_298' title='bbox 2772 1766 2934 1819; x_wconf 88' lang='lat' dir='ltr'><strong>annis</strong></span> <span class='ocrx_word' id='word_1_299' title='bbox 2976 1766 3065 1830; x_wconf 74' lang='lat'><strong>1&#39;2,</strong></span> <span class='ocrx_word' id='word_1_300' title='bbox 3096 1776 3152 1820; x_wconf 91' lang='lat' dir='ltr'><strong>ct</strong></span> <span class='ocrx_word' id='word_1_301' title='bbox 3179 1765 3382 1823; x_wconf 88' lang='lat' dir='ltr'><strong>Paulus</strong></span> <span class='ocrx_word' id='word_1_302' title='bbox 3411 1768 3462 1832; x_wconf 83' lang='lat'><strong>5,</strong></span> <span class='ocrx_word' id='word_1_303' title='bbox 3487 1777 3538 1821; x_wconf 89' lang='lat' dir='ltr'><strong>et</strong></span> <span class='ocrx_word' id='word_1_304' title='bbox 3561 1767 3700 1822; x_wconf 77' lang='lat' dir='ltr'><strong>Tara-</strong></span> 
     </span>
    </p>
   </div>
   <div class='ocr_carea' id='block_1_48' title="bbox 2170 1859 2399 1913">
    <p class='ocr_par' dir='ltr' id='par_1_48' title="bbox 2170 1859 2399 1913">
     <span class='ocr_line' id='line_1_48' title="bbox 2170 1859 2399 1913; baseline 0 0"><span class='ocrx_word' id='word_1_305' title='bbox 2170 1859 2288 1913; x_wconf 86' lang='lat' dir='ltr'><strong>sius</strong></span> <span class='ocrx_word' id='word_1_306' title='bbox 2309 1859 2399 1913; x_wconf 60' lang='grc' dir='ltr'><strong>ἂι.</strong></span> 
     </span>
    </p>
   </div>
   <div class='ocr_carea' id='block_1_49' title="bbox 2242 1950 3704 2013">
    <p class='ocr_par' dir='ltr' id='par_1_49' title="bbox 2242 1950 3704 2013">
     <span class='ocr_line' id='line_1_49' title="bbox 2242 1950 3704 2013; baseline 0.001 -8"><span class='ocrx_word' id='word_1_307' title='bbox 2242 1952 2430 2007; x_wconf 85' lang='lat' dir='ltr'><strong>Mundi</strong></span> <span class='ocrx_word' id='word_1_308' title='bbox 2485 1967 2633 2007; x_wconf 89' lang='lat' dir='ltr'><strong>anno</strong></span> <span class='ocrx_word' id='word_1_309' title='bbox 2689 1950 2850 2013; x_wconf 84' lang='lat' dir='ltr'><strong>6l78,</strong></span> <span class='ocrx_word' id='word_1_310' title='bbox 2913 1950 3113 2004; x_wconf 76' lang='lat' dir='ltr'><strong>divina:</strong></span> <span class='ocrx_word' id='word_1_311' title='bbox 3168 1950 3553 2005; x_wconf 83' lang='lat' dir='ltr'><strong>incarnationis</strong></span> <span class='ocrx_word' id='word_1_312' title='bbox 3601 1951 3704 2011; x_wconf 76' lang='lat'><strong>678.</strong></span> 
     </span>
    </p>
   </div>
   <div class='ocr_carea' id='block_1_50' title="bbox 2172 2041 3707 2113">
    <p class='ocr_par' dir='ltr' id='par_1_50' title="bbox 2172 2041 3707 2113">
     <span class='ocr_line' id='line_1_50' title="bbox 2172 2041 3707 2113; baseline -0.003 -14"><span class='ocrx_word' id='word_1_313' title='bbox 2172 2060 2318 2099; x_wconf 86' lang='lat' dir='ltr'><strong>anno</strong></span> <span class='ocrx_word' id='word_1_314' title='bbox 2373 2060 2502 2100; x_wconf 80' lang='lat' dir='ltr'><strong>vero</strong></span> <span class='ocrx_word' id='word_1_315' title='bbox 2561 2043 2777 2113; x_wconf 85' lang='lat' dir='ltr'><strong>imperii</strong></span> <span class='ocrx_word' id='word_1_316' title='bbox 2836 2041 3127 2096; x_wconf 83' lang='lat' dir='ltr'><strong>Iustiniani</strong></span> <span class='ocrx_word' id='word_1_317' title='bbox 3188 2044 3369 2111; x_wconf 88' lang='lat' dir='ltr'><strong>primo</strong></span> <span class='ocrx_word' id='word_1_318' title='bbox 3429 2043 3707 2097; x_wconf 80' lang='lat' dir='ltr'><strong>Abimclech</strong></span> 
     </span>
    </p>
   </div>
   <div class='ocr_carea' id='block_1_51' title="bbox 2174 2132 3707 2206">
    <p class='ocr_par' dir='ltr' id='par_1_51' title="bbox 2174 2132 3707 2206">
     <span class='ocr_line' id='line_1_51' title="bbox 2174 2132 3707 2206; baseline -0.001 -18"><span class='ocrx_word' id='word_1_319' title='bbox 2174 2136 2514 2206; x_wconf 72' lang='lat' dir='ltr'><strong>principatu:</strong></span> <span class='ocrx_word' id='word_1_320' title='bbox 2559 2133 2854 2196; x_wconf 82' lang='lat' dir='ltr'><strong>Arabibus,</strong></span> <span class='ocrx_word' id='word_1_321' title='bbox 2911 2132 3004 2202; x_wconf 87' lang='lat' dir='ltr'><strong>qui</strong></span> <span class='ocrx_word' id='word_1_322' title='bbox 3060 2132 3277 2202; x_wconf 68' lang='lat' dir='ltr'><strong>prmfuit</strong></span> <span class='ocrx_word' id='word_1_323' title='bbox 3342 2134 3424 2189; x_wconf 89' lang='lat' dir='ltr'><strong>his</strong></span> <span class='ocrx_word' id='word_1_324' title='bbox 3465 2134 3609 2188; x_wconf 86' lang='lat' dir='ltr'><strong>annis</strong></span> <span class='ocrx_word' id='word_1_325' title='bbox 3630 2133 3707 2187; x_wconf 68' lang='lat'><strong>2‘1.</strong></span> 
     </span>
    </p>
   </div>
   <div class='ocr_carea' id='block_1_52' title="bbox 2175 2225 3709 2296">
    <p class='ocr_par' dir='ltr' id='par_1_52' title="bbox 2175 2225 3709 2296">
     <span class='ocr_line' id='line_1_52' title="bbox 2175 2225 3709 2296; baseline -0.003 -15"><span class='ocrx_word' id='word_1_326' title='bbox 2175 2227 2507 2282; x_wconf 82' lang='lat' dir='ltr'><strong>Theodorus</strong></span> <span class='ocrx_word' id='word_1_327' title='bbox 2546 2234 2729 2281; x_wconf 90' lang='lat' dir='ltr'><strong>autem</strong></span> <span class='ocrx_word' id='word_1_328' title='bbox 2772 2225 3425 2296; x_wconf 88' lang='lat' dir='ltr'><strong>Constantiuopolitauns</strong></span> <span class='ocrx_word' id='word_1_329' title='bbox 3457 2226 3605 2279; x_wconf 83' lang='lat' dir='ltr'><strong>annis</strong></span> <span class='ocrx_word' id='word_1_330' title='bbox 3630 2227 3709 2277; x_wconf 78' lang='lat' dir='ltr'><strong>tri-</strong></span> 
     </span>
    </p>
   </div>
   <div class='ocr_carea' id='block_1_53' title="bbox 2174 2316 3713 2375">
    <p class='ocr_par' dir='ltr' id='par_1_53' title="bbox 2174 2316 3713 2375">
     <span class='ocr_line' id='line_1_53' title="bbox 2174 2316 3713 2375; baseline -0.005 0"><span class='ocrx_word' id='word_1_331' title='bbox 2174 2320 2279 2375; x_wconf 77' lang='lat' dir='ltr'><strong>bus</strong></span> <span class='ocrx_word' id='word_1_332' title='bbox 2324 2327 2379 2372; x_wconf 86' lang='lat' dir='ltr'><strong>et</strong></span> <span class='ocrx_word' id='word_1_333' title='bbox 2434 2319 2743 2373; x_wconf 75' lang='lat' dir='ltr'><strong>Alexander</strong></span> <span class='ocrx_word' id='word_1_334' title='bbox 2783 2318 3164 2372; x_wconf 81' lang='lat' dir='ltr'><strong>Antiochenus</strong></span> <span class='ocrx_word' id='word_1_335' title='bbox 3220 2317 3489 2371; x_wconf 87' lang='lat' dir='ltr'><strong>habentur</strong></span> <span class='ocrx_word' id='word_1_336' title='bbox 3526 2316 3713 2370; x_wconf 82' lang='lat' dir='ltr'><strong>antisti-</strong></span> 
     </span>
    </p>
   </div>
   <div class='ocr_carea' id='block_1_54' title="bbox 2177 2403 3720 2464">
    <p class='ocr_par' dir='ltr' id='par_1_54' title="bbox 2177 2403 3720 2464">
     <span class='ocr_line' id='line_1_54' title="bbox 2177 2403 3720 2464; baseline -0.004 -3"><span class='ocrx_word' id='word_1_337' title='bbox 2177 2416 2278 2464; x_wconf 82' lang='lat' dir='ltr'><strong>tes.</strong></span> <span class='ocrx_word' id='word_1_338' title='bbox 2334 2408 2451 2462; x_wconf 78' lang='lat' dir='ltr'><strong>Hoc</strong></span> <span class='ocrx_word' id='word_1_339' title='bbox 2501 2416 2682 2462; x_wconf 89' lang='lat' dir='ltr'><strong>autem</strong></span> <span class='ocrx_word' id='word_1_340' title='bbox 2730 2422 2873 2461; x_wconf 90' lang='lat' dir='ltr'><strong>anno</strong></span> <span class='ocrx_word' id='word_1_341' title='bbox 2925 2406 3093 2460; x_wconf 87' lang='lat' dir='ltr'><strong>mittit</strong></span> <span class='ocrx_word' id='word_1_342' title='bbox 3142 2406 3456 2460; x_wconf 77' lang='lat' dir='ltr'><strong>Abimelech</strong></span> <span class='ocrx_word' id='word_1_343' title='bbox 3488 2406 3550 2458; x_wconf 87' lang='lat' dir='ltr'><strong>ad</strong></span> <span class='ocrx_word' id='word_1_344' title='bbox 3572 2403 3720 2459; x_wconf 73' lang='lat' dir='ltr'><strong>Justi-</strong></span> 
     </span>
    </p>
   </div>
   <div class='ocr_carea' id='block_1_55' title="bbox 2178 2494 3724 2568">
    <p class='ocr_par' dir='ltr' id='par_1_55' title="bbox 2178 2494 3724 2568">
     <span class='ocr_line' id='line_1_55' title="bbox 2178 2494 3724 2568; baseline 0.001 -17"><span class='ocrx_word' id='word_1_345' title='bbox 2178 2498 2405 2551; x_wconf 84' lang='lat' dir='ltr'><strong>nianum</strong></span> <span class='ocrx_word' id='word_1_346' title='bbox 2440 2494 2784 2554; x_wconf 66' lang='lat' dir='ltr'><strong>‘confirmare</strong></span> <span class='ocrx_word' id='word_1_347' title='bbox 2826 2514 3037 2568; x_wconf 88' lang='lat' dir='ltr'><strong>pacem,</strong></span> <span class='ocrx_word' id='word_1_348' title='bbox 3090 2510 3149 2555; x_wconf 89' lang='lat' dir='ltr'><strong>et</strong></span> <span class='ocrx_word' id='word_1_349' title='bbox 3197 2500 3451 2554; x_wconf 76' lang='lat' dir='ltr'><strong>convenit</strong></span> <span class='ocrx_word' id='word_1_350' title='bbox 3482 2501 3615 2553; x_wconf 88' lang='lat' dir='ltr'><strong>inter</strong></span> <span class='ocrx_word' id='word_1_351' title='bbox 3644 2514 3724 2553; x_wconf 82' lang='lat' dir='ltr'><strong>eos</strong></span> 
     </span>
    </p>
   </div>
   <div class='ocr_carea' id='block_1_56' title="bbox 2180 2586 3727 2657">
    <p class='ocr_par' dir='ltr' id='par_1_56' title="bbox 2180 2586 3727 2657">
     <span class='ocr_line' id='line_1_56' title="bbox 2180 2586 3727 2657; baseline 0 -18"><span class='ocrx_word' id='word_1_352' title='bbox 2180 2586 2562 2656; x_wconf 89' lang='lat' dir='ltr'><strong>hujuscemodi</strong></span> <span class='ocrx_word' id='word_1_353' title='bbox 2599 2603 2725 2656; x_wconf 78' lang='lat' dir='ltr'><strong>pax,</strong></span> <span class='ocrx_word' id='word_1_354' title='bbox 2761 2596 2820 2642; x_wconf 90' lang='lat' dir='ltr'><strong>ut</strong></span> <span class='ocrx_word' id='word_1_355' title='bbox 2873 2588 3085 2643; x_wconf 88' lang='lat' dir='ltr'><strong>scilicet</strong></span> <span class='ocrx_word' id='word_1_356' title='bbox 3124 2588 3415 2657; x_wconf 83' lang='lat' dir='ltr'><strong>imperator</strong></span> <span class='ocrx_word' id='word_1_357' title='bbox 3446 2587 3727 2655; x_wconf 84' lang='lat' dir='ltr'><strong>deponeret</strong></span> 
     </span>
    </p>
   </div>
   <div class='ocr_carea' id='block_1_57' title="bbox 2179 2676 3728 2749">
    <p class='ocr_par' dir='ltr' id='par_1_57' title="bbox 2179 2676 3728 2749">
     <span class='ocr_line' id='line_1_57' title="bbox 2179 2676 3728 2749; baseline 0 -17"><span class='ocrx_word' id='word_1_358' title='bbox 2179 2676 2570 2734; x_wconf 78' lang='lat' dir='ltr'><strong>Mardaitarum</strong></span> <span class='ocrx_word' id='word_1_359' title='bbox 2618 2695 2810 2749; x_wconf 84' lang='lat' dir='ltr'><strong>agmen</strong></span> <span class='ocrx_word' id='word_1_360' title='bbox 2853 2696 2883 2735; x_wconf 90' lang='lat' dir='ltr'><strong>a</strong></span> <span class='ocrx_word' id='word_1_361' title='bbox 2934 2680 3135 2735; x_wconf 89' lang='lat' dir='ltr'><strong>Libano</strong></span> <span class='ocrx_word' id='word_1_362' title='bbox 3190 2688 3243 2733; x_wconf 91' lang='lat' dir='ltr'><strong>et</strong></span> <span class='ocrx_word' id='word_1_363' title='bbox 3293 2679 3601 2749; x_wconf 82' lang='lat' dir='ltr'><strong>prohiberet</strong></span> <span class='ocrx_word' id='word_1_364' title='bbox 3653 2677 3728 2732; x_wconf 79' lang='lat' dir='ltr'><strong>in-</strong></span> 
     </span>
    </p>
   </div>
   <div class='ocr_carea' id='block_1_58' title="bbox 2179 2769 3731 2835">
    <p class='ocr_par' dir='ltr' id='par_1_58' title="bbox 2179 2769 3731 2835">
     <span class='ocr_line' id='line_1_58' title="bbox 2179 2769 3731 2835; baseline -0.004 -10"><span class='ocrx_word' id='word_1_365' title='bbox 2179 2771 2466 2827; x_wconf 88' lang='lat' dir='ltr'><strong>cursiones</strong></span> <span class='ocrx_word' id='word_1_366' title='bbox 2516 2786 2731 2835; x_wconf 89' lang='lat' dir='ltr'><strong>eorum,</strong></span> <span class='ocrx_word' id='word_1_367' title='bbox 2776 2781 2830 2827; x_wconf 90' lang='lat' dir='ltr'><strong>et</strong></span> <span class='ocrx_word' id='word_1_368' title='bbox 2850 2772 3161 2825; x_wconf 74' lang='lat' dir='ltr'><strong>Abimeleclt</strong></span> <span class='ocrx_word' id='word_1_369' title='bbox 3188 2769 3445 2825; x_wconf 77' lang='lat' dir='ltr'><strong>Romanis</strong></span> <span class='ocrx_word' id='word_1_370' title='bbox 3469 2770 3731 2823; x_wconf 72' lang='lat' dir='ltr'><strong>tribueret</strong></span> 
     </span>
    </p>
   </div>
   <div class='ocr_carea' id='block_1_59' title="bbox 2180 2861 3731 2933">
    <p class='ocr_par' dir='ltr' id='par_1_59' title="bbox 2180 2861 3731 2933">
     <span class='ocr_line' id='line_1_59' title="bbox 2180 2861 3731 2933; baseline -0.001 -19"><span class='ocrx_word' id='word_1_371' title='bbox 2180 2877 2278 2933; x_wconf 87' lang='lat' dir='ltr'><strong>per</strong></span> <span class='ocrx_word' id='word_1_372' title='bbox 2328 2861 2578 2933; x_wconf 84' lang='lat' dir='ltr'><strong>singulos</strong></span> <span class='ocrx_word' id='word_1_373' title='bbox 2640 2862 2759 2919; x_wconf 92' lang='lat' dir='ltr'><strong>dies</strong></span> <span class='ocrx_word' id='word_1_374' title='bbox 2816 2866 3145 2919; x_wconf 87' lang='lat' dir='ltr'><strong>numistuata</strong></span> <span class='ocrx_word' id='word_1_375' title='bbox 3183 2863 3325 2918; x_wconf 89' lang='lat' dir='ltr'><strong>mille</strong></span> <span class='ocrx_word' id='word_1_376' title='bbox 3357 2870 3413 2917; x_wconf 91' lang='lat' dir='ltr'><strong>et</strong></span> <span class='ocrx_word' id='word_1_377' title='bbox 3458 2878 3654 2931; x_wconf 81' lang='lat' dir='ltr'><strong>equum</strong></span> <span class='ocrx_word' id='word_1_378' title='bbox 3684 2870 3731 2915; x_wconf 85' lang='lat' dir='ltr'><strong>et</strong></span> 
     </span>
    </p>
   </div>
   <div class='ocr_carea' id='block_1_60' title="bbox 2180 2955 3730 3022">
    <p class='ocr_par' dir='ltr' id='par_1_60' title="bbox 2180 2955 3730 3022">
     <span class='ocr_line' id='line_1_60' title="bbox 2180 2955 3730 3022; baseline -0.003 -14"><span class='ocrx_word' id='word_1_379' title='bbox 2180 2969 2421 3019; x_wconf 90' lang='lat' dir='ltr'><strong>servum,</strong></span> <span class='ocrx_word' id='word_1_380' title='bbox 2469 2965 2523 3009; x_wconf 87' lang='lat' dir='ltr'><strong>et</strong></span> <span class='ocrx_word' id='word_1_381' title='bbox 2571 2966 2628 3010; x_wconf 82' lang='grc' dir='ltr'><strong>ιιι</strong></span> <span class='ocrx_word' id='word_1_382' title='bbox 2676 2955 2942 3011; x_wconf 88' lang='lat' dir='ltr'><strong>haberent</strong></span> <span class='ocrx_word' id='word_1_383' title='bbox 2986 2957 3040 3009; x_wconf 92' lang='lat' dir='ltr'><strong>in</strong></span> <span class='ocrx_word' id='word_1_384' title='bbox 3080 2970 3368 3010; x_wconf 87' lang='lat' dir='ltr'><strong>commune</strong></span> <span class='ocrx_word' id='word_1_385' title='bbox 3430 2970 3523 3021; x_wconf 90' lang='lat' dir='ltr'><strong>per</strong></span> <span class='ocrx_word' id='word_1_386' title='bbox 3562 2966 3730 3022; x_wconf 63' lang='lat' dir='ltr'><strong>equa-</strong></span> 
     </span>
    </p>
   </div>
   <div class='ocr_carea' id='block_1_61' title="bbox 506 3043 3737 3125">
    <p class='ocr_par' dir='ltr' id='par_1_61' title="bbox 506 3043 3737 3125">
     <span class='ocr_line' id='line_1_61' title="bbox 506 3043 3737 3125; baseline -0.002 -22"><span class='ocrx_word' id='word_1_387' title='bbox 506 3046 766 3113; x_wconf 85' lang='lat' dir='ltr'><strong>Heraelii,</strong></span> <span class='ocrx_word' id='word_1_388' title='bbox 801 3049 1129 3105; x_wconf 84' lang='lat' dir='ltr'><strong>convenisse</strong></span> <span class='ocrx_word' id='word_1_389' title='bbox 1161 3050 1331 3104; x_wconf 88' lang='lat' dir='ltr'><strong>refert</strong></span> <span class='ocrx_word' id='word_1_390' title='bbox 1363 3064 1509 3103; x_wconf 91' lang='lat' dir='ltr'><strong>anno</strong></span> <span class='ocrx_word' id='word_1_391' title='bbox 1549 3064 1580 3104; x_wconf 91' lang='lat' dir='ltr'><strong>a</strong></span> <span class='ocrx_word' id='word_1_392' title='bbox 1628 3050 1943 3107; x_wconf 90' lang='lat' dir='ltr'><strong>conditione</strong></span> <span class='ocrx_word' id='word_1_393' title='bbox 1970 3051 2078 3125; x_wconf 83' lang='lat'><strong>(70)</strong></span> <span class='ocrx_word' id='word_1_394' title='bbox 2105 3056 2151 3119; x_wconf 73' lang='grc' dir='ltr'><strong>ρ</strong></span> <span class='ocrx_word' id='word_1_395' title='bbox 2185 3046 2394 3101; x_wconf 89' lang='lat' dir='ltr'><strong>litatem</strong></span> <span class='ocrx_word' id='word_1_396' title='bbox 2447 3047 2650 3101; x_wconf 87' lang='lat' dir='ltr'><strong>tributa</strong></span> <span class='ocrx_word' id='word_1_397' title='bbox 2686 3047 2849 3119; x_wconf 82' lang='lat' dir='ltr'><strong>Cypri</strong></span> <span class='ocrx_word' id='word_1_398' title='bbox 2883 3057 2937 3102; x_wconf 90' lang='lat' dir='ltr'><strong>et</strong></span> <span class='ocrx_word' id='word_1_399' title='bbox 2987 3047 3262 3103; x_wconf 75' lang='lat' dir='ltr'><strong>Armenia:</strong></span> <span class='ocrx_word' id='word_1_400' title='bbox 3298 3063 3365 3103; x_wconf 88' lang='lat' dir='ltr'><strong>ac</strong></span> <span class='ocrx_word' id='word_1_401' title='bbox 3388 3046 3635 3100; x_wconf 71' lang='lat' dir='ltr'><strong>Hiberiae.</strong></span> <span class='ocrx_word' id='word_1_402' title='bbox 3678 3043 3737 3095; x_wconf 72' lang='lat' dir='ltr'><strong>Et</strong></span> 
     </span>
    </p>
   </div>
   <div class='ocr_carea' id='block_1_62' title="bbox 506 3142 2083 3214">
    <p class='ocr_par' dir='ltr' id='par_1_62' title="bbox 506 3142 2083 3214">
     <span class='ocr_line' id='line_1_62' title="bbox 506 3142 2083 3214; baseline 0.002 -18"><span class='ocrx_word' id='word_1_403' title='bbox 506 3143 695 3197; x_wconf 83' lang='lat' dir='ltr'><strong>mutuli</strong></span> <span class='ocrx_word' id='word_1_404' title='bbox 744 3142 918 3209; x_wconf 74' lang='lat' dir='ltr'><strong>(H70;</strong></span> <span class='ocrx_word' id='word_1_405' title='bbox 959 3153 1011 3199; x_wconf 92' lang='lat' dir='ltr'><strong>et</strong></span> <span class='ocrx_word' id='word_1_406' title='bbox 1041 3143 1168 3213; x_wconf 90' lang='lat' dir='ltr'><strong>quia</strong></span> <span class='ocrx_word' id='word_1_407' title='bbox 1212 3150 1332 3214; x_wconf 86' lang='lat' dir='ltr'><strong>post</strong></span> <span class='ocrx_word' id='word_1_408' title='bbox 1354 3142 1458 3197; x_wconf 93' lang='lat' dir='ltr'><strong>hoc</strong></span> <span class='ocrx_word' id='word_1_409' title='bbox 1484 3144 1731 3213; x_wconf 90' lang='lat' dir='ltr'><strong>regnavit</strong></span> <span class='ocrx_word' id='word_1_410' title='bbox 1762 3144 1903 3197; x_wconf 84' lang='lat' dir='ltr'><strong>idem</strong></span> <span class='ocrx_word' id='word_1_411' title='bbox 1937 3143 2083 3199; x_wconf 83' lang='lat' dir='ltr'><strong>Con-</strong></span> 
     </span>
    </p>
   </div>
   <div class='ocr_carea' id='block_1_63' title="bbox 508 3233 2081 3304">
    <p class='ocr_par' dir='ltr' id='par_1_63' title="bbox 508 3233 2081 3304">
     <span class='ocr_line' id='line_1_63' title="bbox 508 3233 2081 3304; baseline 0.001 -16"><span class='ocrx_word' id='word_1_412' title='bbox 508 3237 787 3291; x_wconf 80' lang='lat' dir='ltr'><strong>stautinus</strong></span> <span class='ocrx_word' id='word_1_413' title='bbox 816 3236 978 3290; x_wconf 88' lang='lat' dir='ltr'><strong>anuis</strong></span> <span class='ocrx_word' id='word_1_414' title='bbox 1012 3233 1066 3298; x_wconf 80' lang='lat'><strong>5,</strong></span> <span class='ocrx_word' id='word_1_415' title='bbox 1101 3252 1211 3304; x_wconf 84' lang='lat' dir='ltr'><strong>quo</strong></span> <span class='ocrx_word' id='word_1_416' title='bbox 1248 3242 1465 3288; x_wconf 92' lang='lat' dir='ltr'><strong>mortuo</strong></span> <span class='ocrx_word' id='word_1_417' title='bbox 1496 3236 1871 3290; x_wconf 89' lang='lat' dir='ltr'><strong>monarehiam</strong></span> <span class='ocrx_word' id='word_1_418' title='bbox 1904 3239 2081 3290; x_wconf 90' lang='lat' dir='ltr'><strong>tenuit</strong></span> 
     </span>
    </p>
   </div>
   <div class='ocr_carea' id='block_1_64' title="bbox 507 3318 2082 3391">
    <p class='ocr_par' dir='ltr' id='par_1_64' title="bbox 507 3318 2082 3391">
     <span class='ocr_line' id='line_1_64' title="bbox 507 3318 2082 3391; baseline 0.003 -18"><span class='ocrx_word' id='word_1_419' title='bbox 507 3318 855 3375; x_wconf 80' lang='lat' dir='ltr'><strong>Justiniattus</strong></span> <span class='ocrx_word' id='word_1_420' title='bbox 890 3321 1033 3375; x_wconf 87' lang='lat' dir='ltr'><strong>filius</strong></span> <span class='ocrx_word' id='word_1_421' title='bbox 1062 3321 1181 3389; x_wconf 91' lang='lat' dir='ltr'><strong>ejus</strong></span> <span class='ocrx_word' id='word_1_422' title='bbox 1210 3322 1371 3374; x_wconf 90' lang='lat' dir='ltr'><strong>annis</strong></span> <span class='ocrx_word' id='word_1_423' title='bbox 1415 3319 1501 3373; x_wconf 78' lang='grc'><strong>10.</strong></span> <span class='ocrx_word' id='word_1_424' title='bbox 1554 3320 1782 3389; x_wconf 85' lang='lat' dir='ltr'><strong>Abjecto</strong></span> <span class='ocrx_word' id='word_1_425' title='bbox 1826 3331 2082 3391; x_wconf 66' lang='lat' dir='ltr'><strong>pratterea</strong></span> 
     </span>
    </p>
   </div>
   <div class='ocr_carea' id='block_1_65' title="bbox 508 3410 2085 3484">
    <p class='ocr_par' dir='ltr' id='par_1_65' title="bbox 508 3410 2085 3484">
     <span class='ocr_line' id='line_1_65' title="bbox 508 3410 2085 3484; baseline 0.004 -22"><span class='ocrx_word' id='word_1_426' title='bbox 508 3412 824 3466; x_wconf 69' lang='lat' dir='ltr'><strong>Iustiniano</strong></span> <span class='ocrx_word' id='word_1_427' title='bbox 887 3411 1176 3481; x_wconf 86' lang='lat' dir='ltr'><strong>imperavit</strong></span> <span class='ocrx_word' id='word_1_428' title='bbox 1232 3410 1498 3466; x_wconf 84' lang='lat' dir='ltr'><strong>Leontius</strong></span> <span class='ocrx_word' id='word_1_429' title='bbox 1556 3412 1716 3466; x_wconf 83' lang='lat' dir='ltr'><strong>annis</strong></span> <span class='ocrx_word' id='word_1_430' title='bbox 1773 3414 1828 3477; x_wconf 84' lang='lat'><strong>&#39;5,</strong></span> <span class='ocrx_word' id='word_1_431' title='bbox 1865 3423 1917 3468; x_wconf 90' lang='lat' dir='ltr'><strong>et</strong></span> <span class='ocrx_word' id='word_1_432' title='bbox 1964 3424 2085 3484; x_wconf 90' lang='lat' dir='ltr'><strong>post</strong></span> 
     </span>
    </p>
   </div>
   <div class='ocr_carea' id='block_1_66' title="bbox 513 3500 2084 3573">
    <p class='ocr_par' dir='ltr' id='par_1_66' title="bbox 513 3500 2084 3573">
     <span class='ocr_line' id='line_1_66' title="bbox 513 3500 2084 3573; baseline 0.004 -18"><span class='ocrx_word' id='word_1_433' title='bbox 513 3503 775 3557; x_wconf 84' lang='lat' dir='ltr'><strong>Leontius</strong></span> <span class='ocrx_word' id='word_1_434' title='bbox 822 3500 1100 3568; x_wconf 86' lang='lat' dir='ltr'><strong>Tiberius,</strong></span> <span class='ocrx_word' id='word_1_435' title='bbox 1155 3502 1249 3573; x_wconf 85' lang='lat' dir='ltr'><strong>qui</strong></span> <span class='ocrx_word' id='word_1_436' title='bbox 1281 3512 1334 3556; x_wconf 92' lang='lat' dir='ltr'><strong>et</strong></span> <span class='ocrx_word' id='word_1_437' title='bbox 1375 3504 1724 3571; x_wconf 86' lang='lat' dir='ltr'><strong>Apsimarus,</strong></span> <span class='ocrx_word' id='word_1_438' title='bbox 1758 3506 1917 3562; x_wconf 90' lang='lat' dir='ltr'><strong>anuis</strong></span> <span class='ocrx_word' id='word_1_439' title='bbox 1947 3506 1999 3569; x_wconf 87' lang='lat'><strong>7,</strong></span> <span class='ocrx_word' id='word_1_440' title='bbox 2028 3521 2084 3562; x_wconf 85' lang='lat' dir='ltr'><strong>et</strong></span> 
     </span>
    </p>
   </div>
   <div class='ocr_carea' id='block_1_67' title="bbox 512 3594 2083 3666">
    <p class='ocr_par' dir='ltr' id='par_1_67' title="bbox 512 3594 2083 3666">
     <span class='ocr_line' id='line_1_67' title="bbox 512 3594 2083 3666; baseline 0.002 -15"><span class='ocrx_word' id='word_1_441' title='bbox 512 3611 706 3652; x_wconf 88' lang='lat' dir='ltr'><strong>rursus</strong></span> <span class='ocrx_word' id='word_1_442' title='bbox 760 3594 1129 3662; x_wconf 81' lang='lat' dir='ltr'><strong>Justinianus,</strong></span> <span class='ocrx_word' id='word_1_443' title='bbox 1180 3596 1271 3666; x_wconf 91' lang='lat' dir='ltr'><strong>qui</strong></span> <span class='ocrx_word' id='word_1_444' title='bbox 1322 3596 1513 3665; x_wconf 88' lang='lat' dir='ltr'><strong>pulsus</strong></span> <span class='ocrx_word' id='word_1_445' title='bbox 1546 3595 1743 3663; x_wconf 86' lang='lat' dir='ltr'><strong>fuerat,</strong></span> <span class='ocrx_word' id='word_1_446' title='bbox 1784 3599 1942 3654; x_wconf 89' lang='lat' dir='ltr'><strong>annis</strong></span> <span class='ocrx_word' id='word_1_447' title='bbox 1967 3615 2083 3662; x_wconf 82' lang='lat' dir='ltr'><strong>sex.</strong></span> 
     </span>
    </p>
   </div>
   <div class='ocr_carea' id='block_1_68' title="bbox 515 3684 2086 3762">
    <p class='ocr_par' dir='ltr' id='par_1_68' title="bbox 515 3684 2086 3762">
     <span class='ocr_line' id='line_1_68' title="bbox 515 3684 2086 3762; baseline 0.004 -23"><span class='ocrx_word' id='word_1_448' title='bbox 515 3698 573 3740; x_wconf 91' lang='lat' dir='ltr'><strong>ut</strong></span> <span class='ocrx_word' id='word_1_449' title='bbox 625 3687 859 3741; x_wconf 85' lang='lat' dir='ltr'><strong>inveniri</strong></span> <span class='ocrx_word' id='word_1_450' title='bbox 888 3684 1047 3741; x_wconf 86' lang='lat' dir='ltr'><strong>facile</strong></span> <span class='ocrx_word' id='word_1_451' title='bbox 1077 3696 1160 3742; x_wconf 90' lang='lat' dir='ltr'><strong>est</strong></span> <span class='ocrx_word' id='word_1_452' title='bbox 1213 3702 1278 3741; x_wconf 78' lang='lat' dir='ltr'><strong>ex</strong></span> <span class='ocrx_word' id='word_1_453' title='bbox 1327 3686 1462 3757; x_wconf 90' lang='lat' dir='ltr'><strong>ipsis</strong></span> <span class='ocrx_word' id='word_1_454' title='bbox 1495 3687 1659 3743; x_wconf 85' lang='lat' dir='ltr'><strong>editis</strong></span> <span class='ocrx_word' id='word_1_455' title='bbox 1712 3688 1927 3755; x_wconf 89' lang='lat' dir='ltr'><strong>formis,</strong></span> <span class='ocrx_word' id='word_1_456' title='bbox 1964 3707 2086 3762; x_wconf 66' lang='lat' dir='ltr'><strong>quae</strong></span> 
     </span>
    </p>
   </div>
   <div class='ocr_carea' id='block_1_69' title="bbox 513 3776 2088 3849">
    <p class='ocr_par' dir='ltr' id='par_1_69' title="bbox 513 3776 2088 3849">
     <span class='ocr_line' id='line_1_69' title="bbox 513 3776 2088 3849; baseline -0.001 -15"><span class='ocrx_word' id='word_1_457' title='bbox 513 3778 757 3834; x_wconf 84' lang='lat' dir='ltr'><strong>secundo</strong></span> <span class='ocrx_word' id='word_1_458' title='bbox 792 3792 936 3832; x_wconf 89' lang='lat' dir='ltr'><strong>anno</strong></span> <span class='ocrx_word' id='word_1_459' title='bbox 975 3776 1207 3832; x_wconf 74' lang='lat' dir='ltr'><strong>extremi</strong></span> <span class='ocrx_word' id='word_1_460' title='bbox 1258 3777 1472 3846; x_wconf 85' lang='lat' dir='ltr'><strong>imperii</strong></span> <span class='ocrx_word' id='word_1_461' title='bbox 1510 3776 1755 3846; x_wconf 89' lang='lat' dir='ltr'><strong>ejusdem</strong></span> <span class='ocrx_word' id='word_1_462' title='bbox 1781 3776 2088 3849; x_wconf 72' lang='lat' dir='ltr'><strong>ltinocope-</strong></span> 
     </span>
    </p>
   </div>
   <div class='ocr_carea' id='block_1_70' title="bbox 516 3866 2089 3944">
    <p class='ocr_par' dir='ltr' id='par_1_70' title="bbox 516 3866 2089 3944">
     <span class='ocr_line' id='line_1_70' title="bbox 516 3866 2089 3944; baseline 0.002 -22"><span class='ocrx_word' id='word_1_463' title='bbox 516 3869 657 3924; x_wconf 87' lang='lat' dir='ltr'><strong>mcni</strong></span> <span class='ocrx_word' id='word_1_464' title='bbox 702 3867 997 3924; x_wconf 84' lang='lat' dir='ltr'><strong>Justiuiani</strong></span> <span class='ocrx_word' id='word_1_465' title='bbox 1050 3868 1311 3937; x_wconf 68' lang='lat' dir='ltr'><strong>exposita:</strong></span> <span class='ocrx_word' id='word_1_466' title='bbox 1348 3866 1518 3921; x_wconf 77' lang='lat' dir='ltr'><strong>fuisse</strong></span> <span class='ocrx_word' id='word_1_467' title='bbox 1572 3866 1918 3944; x_wconf 83' lang='lat' dir='ltr'><strong>referuntur;</strong></span> <span class='ocrx_word' id='word_1_468' title='bbox 1968 3885 2089 3939; x_wconf 73' lang='lat' dir='ltr'><strong>qute</strong></span> 
     </span>
    </p>
   </div>
   <div class='ocr_carea' id='block_1_71' title="bbox 515 3958 2087 4029">
    <p class='ocr_par' dir='ltr' id='par_1_71' title="bbox 515 3958 2087 4029">
     <span class='ocr_line' id='line_1_71' title="bbox 515 3958 2087 4029; baseline 0 -13"><span class='ocrx_word' id='word_1_469' title='bbox 515 3961 726 4017; x_wconf 89' lang='lat' dir='ltr'><strong>scilicet</strong></span> <span class='ocrx_word' id='word_1_470' title='bbox 778 3962 834 4015; x_wconf 94' lang='lat' dir='ltr'><strong>in</strong></span> <span class='ocrx_word' id='word_1_471' title='bbox 883 3960 1043 4015; x_wconf 87' lang='lat' dir='ltr'><strong>tertia</strong></span> <span class='ocrx_word' id='word_1_472' title='bbox 1099 3974 1228 4014; x_wconf 91' lang='lat' dir='ltr'><strong>suar</strong></span> <span class='ocrx_word' id='word_1_473' title='bbox 1255 3974 1328 4013; x_wconf 89' lang='lat' dir='ltr'><strong>tm</strong></span> <span class='ocrx_word' id='word_1_474' title='bbox 1363 3960 1535 4012; x_wconf 88' lang='lat' dir='ltr'><strong>forma</strong></span> <span class='ocrx_word' id='word_1_475' title='bbox 1576 3958 1659 4014; x_wconf 86' lang='lat' dir='ltr'><strong>his</strong></span> <span class='ocrx_word' id='word_1_476' title='bbox 1692 3970 1746 4013; x_wconf 90' lang='lat' dir='ltr'><strong>et</strong></span> <span class='ocrx_word' id='word_1_477' title='bbox 1774 3959 2087 4029; x_wconf 89' lang='lat' dir='ltr'><strong>hujusmodi</strong></span> 
     </span>
    </p>
   </div>
   <div class='ocr_carea' id='block_1_72' title="bbox 515 4049 2088 4121">
    <p class='ocr_par' dir='ltr' id='par_1_72' title="bbox 515 4049 2088 4121">
     <span class='ocr_line' id='line_1_72' title="bbox 515 4049 2088 4121; baseline -0.001 -14"><span class='ocrx_word' id='word_1_478' title='bbox 515 4052 853 4109; x_wconf 86' lang='lat' dir='ltr'><strong>dictionibus</strong></span> <span class='ocrx_word' id='word_1_479' title='bbox 882 4052 1120 4117; x_wconf 88' lang='lat' dir='ltr'><strong>habent;</strong></span> <span class='ocrx_word' id='word_1_480' title='bbox 1148 4049 1516 4119; x_wconf 86' lang='lat' dir='ltr'><strong>Conspicimus</strong></span> <span class='ocrx_word' id='word_1_481' title='bbox 1546 4067 1632 4105; x_wconf 87' lang='lat' dir='ltr'><strong>eos</strong></span> <span class='ocrx_word' id='word_1_482' title='bbox 1660 4052 1749 4121; x_wconf 88' lang='lat' dir='ltr'><strong>qui</strong></span> <span class='ocrx_word' id='word_1_483' title='bbox 1785 4068 1839 4105; x_wconf 87' lang='lat' dir='ltr'><strong>se</strong></span> <span class='ocrx_word' id='word_1_484' title='bbox 1882 4050 2088 4107; x_wconf 79' lang='lat' dir='ltr'><strong>duabus</strong></span> 
     </span>
    </p>
   </div>
   <div class='ocr_carea' id='block_1_73' title="bbox 516 4143 2089 4214">
    <p class='ocr_par' dir='ltr' id='par_1_73' title="bbox 516 4143 2089 4214">
     <span class='ocr_line' id='line_1_73' title="bbox 516 4143 2089 4214; baseline -0.001 -16"><span class='ocrx_word' id='word_1_485' title='bbox 516 4144 720 4214; x_wconf 75' lang='lat' dir='ltr'><strong>nuptiis</strong></span> <span class='ocrx_word' id='word_1_486' title='bbox 777 4145 1111 4197; x_wconf 83' lang='lat' dir='ltr'><strong>inseruerunt</strong></span> <span class='ocrx_word' id='word_1_487' title='bbox 1139 4183 1153 4208; x_wconf 94' lang='lat'><strong>,</strong></span> <span class='ocrx_word' id='word_1_488' title='bbox 1205 4152 1252 4196; x_wconf 90' lang='lat' dir='ltr'><strong>et</strong></span> <span class='ocrx_word' id='word_1_489' title='bbox 1278 4159 1440 4213; x_wconf 87' lang='lat' dir='ltr'><strong>usque</strong></span> <span class='ocrx_word' id='word_1_490' title='bbox 1467 4143 1536 4196; x_wconf 82' lang='lat' dir='ltr'><strong>ad</strong></span> <span class='ocrx_word' id='word_1_491' title='bbox 1563 4143 1822 4197; x_wconf 83' lang='lat' dir='ltr'><strong>decimum</strong></span> <span class='ocrx_word' id='word_1_492' title='bbox 1848 4153 2089 4199; x_wconf 76' lang='lat' dir='ltr'><strong>octavum</strong></span> 
     </span>
    </p>
   </div>
   <div class='ocr_carea' id='block_1_74' title="bbox 513 4232 2089 4303">
    <p class='ocr_par' dir='ltr' id='par_1_74' title="bbox 513 4232 2089 4303">
     <span class='ocr_line' id='line_1_74' title="bbox 513 4232 2089 4303; baseline -0.001 -13"><span class='ocrx_word' id='word_1_493' title='bbox 513 4235 765 4290; x_wconf 78' lang='lat' dir='ltr'><strong>kalendas</strong></span> <span class='ocrx_word' id='word_1_494' title='bbox 808 4232 1128 4288; x_wconf 76' lang='lat' dir='ltr'><strong>Februarias</strong></span> <span class='ocrx_word' id='word_1_495' title='bbox 1179 4235 1464 4301; x_wconf 73' lang='lat' dir='ltr'><strong>prwteritw</strong></span> <span class='ocrx_word' id='word_1_496' title='bbox 1511 4245 1718 4303; x_wconf 79' lang='lat' dir='ltr'><strong>quarta:</strong></span> <span class='ocrx_word' id='word_1_497' title='bbox 1758 4236 2089 4298; x_wconf 85' lang='lat' dir='ltr'><strong>indictionis,</strong></span> 
     </span>
    </p>
   </div>
   <div class='ocr_carea' id='block_1_75' title="bbox 516 4325 2089 4398">
    <p class='ocr_par' dir='ltr' id='par_1_75' title="bbox 516 4325 2089 4398">
     <span class='ocr_line' id='line_1_75' title="bbox 516 4325 2089 4398; baseline 0 -19"><span class='ocrx_word' id='word_1_498' title='bbox 516 4344 636 4398; x_wconf 71' lang='lat' dir='ltr'><strong>qua!</strong></span> <span class='ocrx_word' id='word_1_499' title='bbox 687 4328 791 4396; x_wconf 74' lang='lat' dir='ltr'><strong>fuit</strong></span> <span class='ocrx_word' id='word_1_500' title='bbox 836 4343 976 4380; x_wconf 84' lang='lat' dir='ltr'><strong>anno</strong></span> <span class='ocrx_word' id='word_1_501' title='bbox 1002 4342 1035 4379; x_wconf 74' lang='grc' dir='ltr'><em>α</em></span> <span class='ocrx_word' id='word_1_502' title='bbox 1080 4327 1345 4380; x_wconf 84' lang='lat' dir='ltr'><strong>creatione</strong></span> <span class='ocrx_word' id='word_1_503' title='bbox 1381 4325 1563 4378; x_wconf 85' lang='lat' dir='ltr'><strong>mundi</strong></span> <span class='ocrx_word' id='word_1_504' title='bbox 1595 4326 1756 4389; x_wconf 85' lang='lat' dir='ltr'><strong>6l99,</strong></span> <span class='ocrx_word' id='word_1_505' title='bbox 1798 4328 2089 4381; x_wconf 74' lang='lat' dir='ltr'><strong>servierunt</strong></span> 
     </span>
    </p>
   </div>
   <div class='ocr_carea' id='block_1_76' title="bbox 2185 3137 3737 3211">
    <p class='ocr_par' dir='ltr' id='par_1_76' title="bbox 2185 3137 3737 3211">
     <span class='ocr_line' id='line_1_76' title="bbox 2185 3137 3737 3211; baseline -0.001 -20"><span class='ocrx_word' id='word_1_506' title='bbox 2185 3137 2385 3193; x_wconf 80' lang='lat' dir='ltr'><strong>direxit</strong></span> <span class='ocrx_word' id='word_1_507' title='bbox 2440 3139 2738 3209; x_wconf 89' lang='lat' dir='ltr'><strong>imperator</strong></span> <span class='ocrx_word' id='word_1_508' title='bbox 2799 3139 3029 3195; x_wconf 89' lang='lat' dir='ltr'><strong>Paulutu</strong></span> <span class='ocrx_word' id='word_1_509' title='bbox 3076 3142 3488 3211; x_wconf 87' lang='lat' dir='ltr'><strong>magistrianum</strong></span> <span class='ocrx_word' id='word_1_510' title='bbox 3537 3138 3599 3191; x_wconf 88' lang='lat' dir='ltr'><strong>ad</strong></span> <span class='ocrx_word' id='word_1_511' title='bbox 3622 3138 3737 3191; x_wconf 81' lang='lat' dir='ltr'><strong>Abi-</strong></span> 
     </span>
    </p>
   </div>
   <div class='ocr_carea' id='block_1_77' title="bbox 2186 3228 3735 3301">
    <p class='ocr_par' dir='ltr' id='par_1_77' title="bbox 2186 3228 3735 3301">
     <span class='ocr_line' id='line_1_77' title="bbox 2186 3228 3735 3301; baseline -0.005 -18"><span class='ocrx_word' id='word_1_512' title='bbox 2186 3230 2399 3284; x_wconf 89' lang='lat' dir='ltr'><strong>meleeh</strong></span> <span class='ocrx_word' id='word_1_513' title='bbox 2448 3230 2516 3284; x_wconf 88' lang='lat' dir='ltr'><strong>ad</strong></span> <span class='ocrx_word' id='word_1_514' title='bbox 2556 3232 2996 3285; x_wconf 78' lang='lat' dir='ltr'><strong>conﬁrmandum</strong></span> <span class='ocrx_word' id='word_1_515' title='bbox 3028 3246 3092 3285; x_wconf 91' lang='lat' dir='ltr'><strong>ea</strong></span> <span class='ocrx_word' id='word_1_516' title='bbox 3127 3247 3250 3299; x_wconf 77' lang='lat' dir='ltr'><strong>qua:</strong></span> <span class='ocrx_word' id='word_1_517' title='bbox 3295 3230 3481 3301; x_wconf 87' lang='lat' dir='ltr'><strong>placita</strong></span> <span class='ocrx_word' id='word_1_518' title='bbox 3512 3228 3735 3288; x_wconf 81' lang='lat' dir='ltr'><strong>fuerant,</strong></span> 
     </span>
    </p>
   </div>
   <div class='ocr_carea' id='block_1_78' title="bbox 2185 3318 3735 3392">
    <p class='ocr_par' dir='ltr' id='par_1_78' title="bbox 2185 3318 3735 3392">
     <span class='ocr_line' id='line_1_78' title="bbox 2185 3318 3735 3392; baseline -0.005 -15"><span class='ocrx_word' id='word_1_519' title='bbox 2185 3333 2239 3377; x_wconf 91' lang='lat' dir='ltr'><strong>et</strong></span> <span class='ocrx_word' id='word_1_520' title='bbox 2295 3322 2437 3376; x_wconf 87' lang='lat' dir='ltr'><strong>facta</strong></span> <span class='ocrx_word' id='word_1_521' title='bbox 2506 3332 2589 3377; x_wconf 89' lang='lat' dir='ltr'><strong>est</strong></span> <span class='ocrx_word' id='word_1_522' title='bbox 2652 3324 2705 3377; x_wconf 91' lang='lat' dir='ltr'><strong>in</strong></span> <span class='ocrx_word' id='word_1_523' title='bbox 2758 3323 2978 3392; x_wconf 82' lang='lat' dir='ltr'><strong>scriptis</strong></span> <span class='ocrx_word' id='word_1_524' title='bbox 3036 3325 3312 3379; x_wconf 90' lang='lat' dir='ltr'><strong>securitas</strong></span> <span class='ocrx_word' id='word_1_525' title='bbox 3374 3321 3469 3378; x_wconf 86' lang='lat' dir='ltr'><strong>sub</strong></span> <span class='ocrx_word' id='word_1_526' title='bbox 3526 3318 3735 3373; x_wconf 89' lang='lat' dir='ltr'><strong>testium</strong></span> 
     </span>
    </p>
   </div>
   <div class='ocr_carea' id='block_1_79' title="bbox 2186 3411 3740 3480">
    <p class='ocr_par' dir='ltr' id='par_1_79' title="bbox 2186 3411 3740 3480">
     <span class='ocr_line' id='line_1_79' title="bbox 2186 3411 3740 3480; baseline -0.004 -15"><span class='ocrx_word' id='word_1_527' title='bbox 2186 3412 2565 3480; x_wconf 85' lang='lat' dir='ltr'><strong>stipulatione.</strong></span> <span class='ocrx_word' id='word_1_528' title='bbox 2626 3411 2730 3479; x_wconf 81' lang='lat' dir='ltr'><strong>Qui</strong></span> <span class='ocrx_word' id='word_1_529' title='bbox 2796 3412 3095 3467; x_wconf 79' lang='lat' dir='ltr'><strong>liberaliter</strong></span> <span class='ocrx_word' id='word_1_530' title='bbox 3143 3414 3448 3466; x_wconf 87' lang='lat' dir='ltr'><strong>honoratus</strong></span> <span class='ocrx_word' id='word_1_531' title='bbox 3506 3422 3740 3462; x_wconf 74' lang='lat' dir='ltr'><strong>reversus</strong></span> 
     </span>
    </p>
   </div>
   <div class='ocr_carea' id='block_1_80' title="bbox 2186 3500 3746 3573">
    <p class='ocr_par' dir='ltr' id='par_1_80' title="bbox 2186 3500 3746 3573">
     <span class='ocr_line' id='line_1_80' title="bbox 2186 3500 3746 3573; baseline -0.003 -18"><span class='ocrx_word' id='word_1_532' title='bbox 2186 3510 2292 3555; x_wconf 89' lang='lat' dir='ltr'><strong>est.</strong></span> <span class='ocrx_word' id='word_1_533' title='bbox 2336 3500 2400 3556; x_wconf 83' lang='lat' dir='ltr'><strong>Et</strong></span> <span class='ocrx_word' id='word_1_534' title='bbox 2446 3504 2671 3558; x_wconf 91' lang='lat' dir='ltr'><strong>mittens</strong></span> <span class='ocrx_word' id='word_1_535' title='bbox 2708 3503 3009 3573; x_wconf 84' lang='lat' dir='ltr'><strong>imperator</strong></span> <span class='ocrx_word' id='word_1_536' title='bbox 3042 3505 3352 3573; x_wconf 90' lang='lat' dir='ltr'><strong>assumpsit</strong></span> <span class='ocrx_word' id='word_1_537' title='bbox 3381 3501 3746 3556; x_wconf 71' lang='lat' dir='ltr'><strong>Mardaitarum</strong></span> 
     </span>
    </p>
   </div>
   <div class='ocr_carea' id='block_1_81' title="bbox 2192 3593 3746 3661">
    <p class='ocr_par' dir='ltr' id='par_1_81' title="bbox 2192 3593 3746 3661">
     <span class='ocr_line' id='line_1_81' title="bbox 2192 3593 3746 3661; baseline -0.005 -12"><span class='ocrx_word' id='word_1_538' title='bbox 2192 3594 2384 3657; x_wconf 75' lang='lat'><strong>19.000.</strong></span> <span class='ocrx_word' id='word_1_539' title='bbox 2445 3595 2703 3648; x_wconf 69' lang='lat' dir='ltr'><strong>ltomaica</strong></span> <span class='ocrx_word' id='word_1_540' title='bbox 2738 3595 2936 3651; x_wconf 89' lang='lat' dir='ltr'><strong>virtute</strong></span> <span class='ocrx_word' id='word_1_541' title='bbox 2970 3598 3190 3661; x_wconf 87' lang='lat' dir='ltr'><strong>recisa;</strong></span> <span class='ocrx_word' id='word_1_542' title='bbox 3235 3610 3440 3648; x_wconf 66' lang='lat' dir='ltr'><strong>omnes</strong></span> <span class='ocrx_word' id='word_1_543' title='bbox 3478 3593 3613 3645; x_wconf 88' lang='lat' dir='ltr'><strong>enim</strong></span> <span class='ocrx_word' id='word_1_544' title='bbox 3643 3604 3746 3659; x_wconf 79' lang='lat' dir='ltr'><strong>qua:</strong></span> 
     </span>
    </p>
   </div>
   <div class='ocr_carea' id='block_1_82' title="bbox 2191 3678 3750 3747">
    <p class='ocr_par' dir='ltr' id='par_1_82' title="bbox 2191 3678 3750 3747">
     <span class='ocr_line' id='line_1_82' title="bbox 2191 3678 3750 3747; baseline -0.003 -11"><span class='ocrx_word' id='word_1_545' title='bbox 2191 3697 2338 3736; x_wconf 90' lang='lat' dir='ltr'><strong>nunc</strong></span> <span class='ocrx_word' id='word_1_546' title='bbox 2369 3682 2689 3736; x_wconf 90' lang='lat' dir='ltr'><strong>habitantur</strong></span> <span class='ocrx_word' id='word_1_547' title='bbox 2718 3680 2788 3735; x_wconf 90' lang='lat' dir='ltr'><strong>ab</strong></span> <span class='ocrx_word' id='word_1_548' title='bbox 2818 3680 3094 3737; x_wconf 82' lang='lat' dir='ltr'><strong>Arabibus</strong></span> <span class='ocrx_word' id='word_1_549' title='bbox 3132 3683 3185 3735; x_wconf 93' lang='lat' dir='ltr'><strong>in</strong></span> <span class='ocrx_word' id='word_1_550' title='bbox 3228 3682 3548 3735; x_wconf 85' lang='lat' dir='ltr'><strong>confinibus</strong></span> <span class='ocrx_word' id='word_1_551' title='bbox 3584 3678 3750 3747; x_wconf 63' lang='lat' dir='ltr'><strong>posite</strong></span> 
     </span>
    </p>
   </div>
   <div class='ocr_carea' id='block_1_83' title="bbox 2193 3772 3749 3844">
    <p class='ocr_par' dir='ltr' id='par_1_83' title="bbox 2193 3772 3749 3844">
     <span class='ocr_line' id='line_1_83' title="bbox 2193 3772 3749 3844; baseline -0.004 -14"><span class='ocrx_word' id='word_1_552' title='bbox 2193 3776 2446 3830; x_wconf 86' lang='lat' dir='ltr'><strong>civitates</strong></span> <span class='ocrx_word' id='word_1_553' title='bbox 2480 3790 2507 3827; x_wconf 93' lang='lat' dir='ltr'><strong>a</strong></span> <span class='ocrx_word' id='word_1_554' title='bbox 2534 3773 2866 3843; x_wconf 79' lang='lat' dir='ltr'><strong>Mopsuestia</strong></span> <span class='ocrx_word' id='word_1_555' title='bbox 2903 3782 2959 3827; x_wconf 88' lang='lat' dir='ltr'><strong>et</strong></span> <span class='ocrx_word' id='word_1_556' title='bbox 2991 3789 3162 3844; x_wconf 86' lang='lat' dir='ltr'><strong>usque</strong></span> <span class='ocrx_word' id='word_1_557' title='bbox 3188 3773 3252 3827; x_wconf 89' lang='lat' dir='ltr'><strong>ad</strong></span> <span class='ocrx_word' id='word_1_558' title='bbox 3293 3784 3551 3844; x_wconf 83' lang='lat' dir='ltr'><strong>quartam</strong></span> <span class='ocrx_word' id='word_1_559' title='bbox 3585 3772 3749 3823; x_wconf 76' lang='lat' dir='ltr'><strong>Arme-</strong></span> 
     </span>
    </p>
   </div>
   <div class='ocr_carea' id='block_1_84' title="bbox 2192 3865 3749 3935">
    <p class='ocr_par' dir='ltr' id='par_1_84' title="bbox 2192 3865 3749 3935">
     <span class='ocr_line' id='line_1_84' title="bbox 2192 3865 3749 3935; baseline -0.003 -13"><span class='ocrx_word' id='word_1_560' title='bbox 2192 3868 2382 3933; x_wconf 90' lang='lat' dir='ltr'><strong>niam,</strong></span> <span class='ocrx_word' id='word_1_561' title='bbox 2444 3866 2697 3924; x_wconf 71' lang='lat' dir='ltr'><strong>infirmae.</strong></span> <span class='ocrx_word' id='word_1_562' title='bbox 2747 3876 2801 3922; x_wconf 91' lang='lat' dir='ltr'><strong>et</strong></span> <span class='ocrx_word' id='word_1_563' title='bbox 2865 3865 3257 3921; x_wconf 85' lang='lat' dir='ltr'><strong>inhabitabiles</strong></span> <span class='ocrx_word' id='word_1_564' title='bbox 3344 3874 3508 3921; x_wconf 85' lang='lat' dir='ltr'><strong>erant</strong></span> <span class='ocrx_word' id='word_1_565' title='bbox 3559 3870 3749 3935; x_wconf 78' lang='lat' dir='ltr'><strong>propter</strong></span> 
     </span>
    </p>
   </div>
   <div class='ocr_carea' id='block_1_85' title="bbox 2193 3954 3749 4030">
    <p class='ocr_par' dir='ltr' id='par_1_85' title="bbox 2193 3954 3749 4030">
     <span class='ocr_line' id='line_1_85' title="bbox 2193 3954 3749 4030; baseline -0.008 -15"><span class='ocrx_word' id='word_1_566' title='bbox 2193 3960 2457 4030; x_wconf 85' lang='lat' dir='ltr'><strong>impetum</strong></span> <span class='ocrx_word' id='word_1_567' title='bbox 2514 3957 2905 4015; x_wconf 81' lang='lat' dir='ltr'><strong>Mardaitarum</strong></span> <span class='ocrx_word' id='word_1_568' title='bbox 2941 4000 2955 4023; x_wconf 89' lang='lat'><strong>,</strong></span> <span class='ocrx_word' id='word_1_569' title='bbox 3009 3958 3209 4028; x_wconf 86' lang='lat' dir='ltr'><strong>quibus</strong></span> <span class='ocrx_word' id='word_1_570' title='bbox 3267 3958 3551 4029; x_wconf 85' lang='lat' dir='ltr'><strong>repressis</strong></span> <span class='ocrx_word' id='word_1_571' title='bbox 3597 3954 3749 4009; x_wconf 80' lang='lat' dir='ltr'><strong>omnia</strong></span> 
     </span>
    </p>
   </div>
   <div class='ocr_carea' id='block_1_86' title="bbox 2192 4048 3751 4122">
    <p class='ocr_par' dir='ltr' id='par_1_86' title="bbox 2192 4048 3751 4122">
     <span class='ocr_line' id='line_1_86' title="bbox 2192 4048 3751 4122; baseline -0.005 -17"><span class='ocrx_word' id='word_1_572' title='bbox 2192 4051 2311 4106; x_wconf 90' lang='lat' dir='ltr'><strong>dira</strong></span> <span class='ocrx_word' id='word_1_573' title='bbox 2342 4052 2607 4107; x_wconf 81' lang='lat' dir='ltr'><strong>Romania</strong></span> <span class='ocrx_word' id='word_1_574' title='bbox 2640 4068 2797 4122; x_wconf 90' lang='lat' dir='ltr'><strong>passa</strong></span> <span class='ocrx_word' id='word_1_575' title='bbox 2826 4061 2909 4108; x_wconf 91' lang='lat' dir='ltr'><strong>est</strong></span> <span class='ocrx_word' id='word_1_576' title='bbox 2952 4066 3127 4121; x_wconf 89' lang='lat' dir='ltr'><strong>usque</strong></span> <span class='ocrx_word' id='word_1_577' title='bbox 3158 4050 3214 4104; x_wconf 93' lang='lat' dir='ltr'><strong>in</strong></span> <span class='ocrx_word' id='word_1_578' title='bbox 3247 4058 3584 4117; x_wconf 68' lang='lat' dir='ltr'><strong>praesentem</strong></span> <span class='ocrx_word' id='word_1_579' title='bbox 3611 4048 3751 4102; x_wconf 87' lang='lat' dir='ltr'><strong>diem.</strong></span> 
     </span>
    </p>
   </div>
   <div class='ocr_carea' id='block_1_87' title="bbox 2194 4141 3752 4200">
    <p class='ocr_par' dir='ltr' id='par_1_87' title="bbox 2194 4141 3752 4200">
     <span class='ocr_line' id='line_1_87' title="bbox 2194 4141 3752 4200; baseline -0.006 -1"><span class='ocrx_word' id='word_1_580' title='bbox 2194 4143 2399 4200; x_wconf 81' lang='lat' dir='ltr'><strong>Eodem</strong></span> <span class='ocrx_word' id='word_1_581' title='bbox 2461 4161 2604 4200; x_wconf 82' lang='lat' dir='ltr'><strong>anno</strong></span> <span class='ocrx_word' id='word_1_582' title='bbox 2657 4145 2827 4199; x_wconf 92' lang='lat' dir='ltr'><strong>mittit</strong></span> <span class='ocrx_word' id='word_1_583' title='bbox 2884 4143 3198 4200; x_wconf 84' lang='lat' dir='ltr'><strong>Abimelech</strong></span> <span class='ocrx_word' id='word_1_584' title='bbox 3262 4142 3513 4197; x_wconf 85' lang='lat' dir='ltr'><strong>Ziadum</strong></span> <span class='ocrx_word' id='word_1_585' title='bbox 3562 4141 3752 4196; x_wconf 86' lang='lat' dir='ltr'><strong>fratrem</strong></span> 
     </span>
    </p>
   </div>
   <div class='ocr_carea' id='block_1_88' title="bbox 2195 4231 3755 4291">
    <p class='ocr_par' dir='ltr' id='par_1_88' title="bbox 2195 4231 3755 4291">
     <span class='ocr_line' id='line_1_88' title="bbox 2195 4231 3755 4291; baseline -0.006 -2"><span class='ocrx_word' id='word_1_586' title='bbox 2195 4234 2426 4291; x_wconf 71' lang='lat' dir='ltr'><strong>Maubitc</strong></span> <span class='ocrx_word' id='word_1_587' title='bbox 2451 4237 2504 4290; x_wconf 92' lang='lat' dir='ltr'><strong>in</strong></span> <span class='ocrx_word' id='word_1_588' title='bbox 2532 4235 2809 4291; x_wconf 89' lang='lat' dir='ltr'><strong>Persidem</strong></span> <span class='ocrx_word' id='word_1_589' title='bbox 2841 4246 3032 4290; x_wconf 90' lang='lat' dir='ltr'><strong>contra</strong></span> <span class='ocrx_word' id='word_1_590' title='bbox 3094 4234 3429 4291; x_wconf 76' lang='lat' dir='ltr'><strong>Muctartem</strong></span> <span class='ocrx_word' id='word_1_591' title='bbox 3474 4231 3755 4288; x_wconf 83' lang='lat' dir='ltr'><strong>mendacem</strong></span> 
     </span>
    </p>
   </div>
   <div class='ocr_carea' id='block_1_89' title="bbox 2196 4326 3757 4401">
    <p class='ocr_par' dir='ltr' id='par_1_89' title="bbox 2196 4326 3757 4401">
     <span class='ocr_line' id='line_1_89' title="bbox 2196 4326 3757 4401; baseline -0.003 -19"><span class='ocrx_word' id='word_1_592' title='bbox 2196 4338 2362 4401; x_wconf 90' lang='lat' dir='ltr'><strong>atque</strong></span> <span class='ocrx_word' id='word_1_593' title='bbox 2415 4344 2706 4401; x_wconf 82' lang='lat' dir='ltr'><strong>tyranuum</strong></span> <span class='ocrx_word' id='word_1_594' title='bbox 2740 4369 2756 4394; x_wconf 94' lang='lat'><strong>,</strong></span> <span class='ocrx_word' id='word_1_595' title='bbox 2815 4338 2869 4383; x_wconf 90' lang='lat' dir='ltr'><strong>et</strong></span> <span class='ocrx_word' id='word_1_596' title='bbox 2919 4329 3284 4396; x_wconf 87' lang='lat' dir='ltr'><strong>interemptus</strong></span> <span class='ocrx_word' id='word_1_597' title='bbox 3353 4338 3444 4382; x_wconf 85' lang='lat' dir='ltr'><strong>est</strong></span> <span class='ocrx_word' id='word_1_598' title='bbox 3508 4326 3691 4380; x_wconf 86' lang='lat' dir='ltr'><strong>Ziadus</strong></span> <span class='ocrx_word' id='word_1_599' title='bbox 3732 4335 3757 4371; x_wconf 74' lang='lat' dir='ltr'><strong>a</strong></span> 
     </span>
    </p>
   </div>
   <div class='ocr_carea' id='block_1_90' title="bbox 516 4414 3757 4490">
    <p class='ocr_par' dir='ltr' id='par_1_90' title="bbox 516 4414 3757 4490">
     <span class='ocr_line' id='line_1_90' title="bbox 516 4414 3757 4490; baseline -0.001 -16"><span class='ocrx_word' id='word_1_600' title='bbox 516 4432 730 4490; x_wconf 84' lang='lat' dir='ltr'><strong>peccato</strong></span> <span class='ocrx_word' id='word_1_601' title='bbox 766 4432 814 4473; x_wconf 89' lang='lat' dir='ltr'><strong>et</strong></span> <span class='ocrx_word' id='word_1_602' title='bbox 857 4435 947 4472; x_wconf 82' lang='lat' dir='ltr'><strong>nec</strong></span> <span class='ocrx_word' id='word_1_603' title='bbox 990 4419 1296 4486; x_wconf 73' lang='lat' dir='ltr'><strong>resipiscere</strong></span> <span class='ocrx_word' id='word_1_604' title='bbox 1339 4432 1745 4486; x_wconf 79' lang='lat' dir='ltr'><strong>proposuerunt,</strong></span> <span class='ocrx_word' id='word_1_605' title='bbox 1774 4420 2091 4488; x_wconf 70' lang='grc' dir='ltr'><strong>ότι)οεὶιίοηί</strong></span> <span class='ocrx_word' id='word_1_606' title='bbox 2122 4422 2168 4478; x_wconf 88' lang='lat' dir='ltr'><strong>D</strong></span> <span class='ocrx_word' id='word_1_607' title='bbox 2198 4420 2485 4477; x_wconf 77' lang='lat' dir='ltr'><strong>Muctarte.</strong></span> <span class='ocrx_word' id='word_1_608' title='bbox 2538 4421 2659 4487; x_wconf 87' lang='lat' dir='ltr'><strong>Quo</strong></span> <span class='ocrx_word' id='word_1_609' title='bbox 2699 4422 2885 4475; x_wconf 90' lang='lat' dir='ltr'><strong>audito</strong></span> <span class='ocrx_word' id='word_1_610' title='bbox 2932 4418 3245 4475; x_wconf 81' lang='lat' dir='ltr'><strong>Abimelech</strong></span> <span class='ocrx_word' id='word_1_611' title='bbox 3304 4420 3465 4474; x_wconf 86' lang='lat' dir='ltr'><strong>venit</strong></span> <span class='ocrx_word' id='word_1_612' title='bbox 3518 4420 3571 4472; x_wconf 91' lang='lat' dir='ltr'><strong>iu</strong></span> <span class='ocrx_word' id='word_1_613' title='bbox 3614 4414 3757 4469; x_wconf 54' lang='lat' dir='ltr'><strong>Mesoo</strong></span> 
     </span>
    </p>
   </div>
   <div class='ocr_carea' id='block_1_91' title="bbox 523 4511 2094 4581">
    <p class='ocr_par' dir='ltr' id='par_1_91' title="bbox 523 4511 2094 4581">
     <span class='ocr_line' id='line_1_91' title="bbox 523 4511 2094 4581; baseline -0.001 -13"><span class='ocrx_word' id='word_1_614' title='bbox 523 4514 795 4568; x_wconf 79' lang='lat' dir='ltr'><strong>canonica:</strong></span> <span class='ocrx_word' id='word_1_615' title='bbox 852 4511 1254 4566; x_wconf 83' lang='lat' dir='ltr'><strong>submittendos.</strong></span> <span class='ocrx_word' id='word_1_616' title='bbox 1325 4512 1511 4579; x_wconf 87' lang='lat' dir='ltr'><strong>Itaque</strong></span> <span class='ocrx_word' id='word_1_617' title='bbox 1543 4527 1608 4565; x_wconf 78' lang='lat' dir='ltr'><strong>ex</strong></span> <span class='ocrx_word' id='word_1_618' title='bbox 1655 4513 1770 4581; x_wconf 90' lang='lat' dir='ltr'><strong>ipsa</strong></span> <span class='ocrx_word' id='word_1_619' title='bbox 1808 4514 2094 4568; x_wconf 60' lang='lat' dir='ltr'><strong>Chronica</strong></span> 
     </span>
    </p>
   </div>
   <div class='ocr_carea' id='block_1_92' title="bbox 522 4605 2093 4675">
    <p class='ocr_par' dir='ltr' id='par_1_92' title="bbox 522 4605 2093 4675">
     <span class='ocr_line' id='line_1_92' title="bbox 522 4605 2093 4675; baseline 0 -17"><span class='ocrx_word' id='word_1_620' title='bbox 522 4606 879 4662; x_wconf 87' lang='lat' dir='ltr'><strong>annotatione</strong></span> <span class='ocrx_word' id='word_1_621' title='bbox 911 4614 1159 4675; x_wconf 89' lang='lat' dir='ltr'><strong>patenter</strong></span> <span class='ocrx_word' id='word_1_622' title='bbox 1189 4614 1415 4674; x_wconf 87' lang='lat' dir='ltr'><strong>apparet</strong></span> <span class='ocrx_word' id='word_1_623' title='bbox 1446 4606 1591 4673; x_wconf 90' lang='lat' dir='ltr'><strong>quod</strong></span> <span class='ocrx_word' id='word_1_624' title='bbox 1646 4605 1861 4659; x_wconf 90' lang='lat' dir='ltr'><strong>collecti</strong></span> <span class='ocrx_word' id='word_1_625' title='bbox 1898 4621 1927 4658; x_wconf 94' lang='lat' dir='ltr'><strong>a</strong></span> <span class='ocrx_word' id='word_1_626' title='bbox 1959 4622 2093 4661; x_wconf 87' lang='lat' dir='ltr'><strong>san-</strong></span> 
     </span>
    </p>
   </div>
   <div class='ocr_carea' id='block_1_93' title="bbox 523 4696 2096 4767">
    <p class='ocr_par' dir='ltr' id='par_1_93' title="bbox 523 4696 2096 4767">
     <span class='ocr_line' id='line_1_93' title="bbox 523 4696 2096 4767; baseline 0.001 -18"><span class='ocrx_word' id='word_1_627' title='bbox 523 4708 611 4752; x_wconf 65' lang='lat' dir='ltr'><strong>i-ta</strong></span> <span class='ocrx_word' id='word_1_628' title='bbox 677 4698 969 4753; x_wconf 88' lang='lat' dir='ltr'><strong>universali</strong></span> <span class='ocrx_word' id='word_1_629' title='bbox 1022 4704 1175 4753; x_wconf 79' lang='lat' dir='ltr'><strong>sexta</strong></span> <span class='ocrx_word' id='word_1_630' title='bbox 1218 4696 1430 4767; x_wconf 81' lang='lat' dir='ltr'><strong>synodo</strong></span> <span class='ocrx_word' id='word_1_631' title='bbox 1465 4712 1638 4766; x_wconf 91' lang='lat' dir='ltr'><strong>usque</strong></span> <span class='ocrx_word' id='word_1_632' title='bbox 1676 4696 1743 4750; x_wconf 90' lang='lat' dir='ltr'><strong>ad</strong></span> <span class='ocrx_word' id='word_1_633' title='bbox 1773 4698 1950 4753; x_wconf 85' lang='lat' dir='ltr'><strong>editas</strong></span> <span class='ocrx_word' id='word_1_634' title='bbox 1985 4699 2096 4752; x_wconf 85' lang='lat' dir='ltr'><strong>for-</strong></span> 
     </span>
    </p>
   </div>
   <div class='ocr_carea' id='block_1_94' title="bbox 525 4788 2094 4860">
    <p class='ocr_par' dir='ltr' id='par_1_94' title="bbox 525 4788 2094 4860">
     <span class='ocr_line' id='line_1_94' title="bbox 525 4788 2094 4860; baseline 0.003 -20"><span class='ocrx_word' id='word_1_635' title='bbox 525 4806 642 4844; x_wconf 82' lang='lat' dir='ltr'><strong>mas</strong></span> <span class='ocrx_word' id='word_1_636' title='bbox 688 4791 817 4844; x_wconf 87' lang='lat' dir='ltr'><strong>anni</strong></span> <span class='ocrx_word' id='word_1_637' title='bbox 852 4790 919 4843; x_wconf 75' lang='lat'><strong>2&#39;7</strong></span> <span class='ocrx_word' id='word_1_638' title='bbox 973 4800 1139 4854; x_wconf 89' lang='lat' dir='ltr'><strong>sunt,</strong></span> <span class='ocrx_word' id='word_1_639' title='bbox 1188 4789 1500 4860; x_wconf 85' lang='lat' dir='ltr'><strong>patriarcha</strong></span> <span class='ocrx_word' id='word_1_640' title='bbox 1542 4788 2094 4858; x_wconf 86' lang='lat' dir='ltr'><strong>Constantinopoleos</strong></span> 
     </span>
    </p>
   </div>
   <div class='ocr_carea' id='block_1_95' title="bbox 526 4877 2095 4951">
    <p class='ocr_par' dir='ltr' id='par_1_95' title="bbox 526 4877 2095 4951">
     <span class='ocr_line' id='line_1_95' title="bbox 526 4877 2095 4951; baseline 0.002 -20"><span class='ocrx_word' id='word_1_641' title='bbox 526 4882 579 4932; x_wconf 90' lang='lat' dir='ltr'><strong>in</strong></span> <span class='ocrx_word' id='word_1_642' title='bbox 638 4888 827 4934; x_wconf 89' lang='lat' dir='ltr'><strong>saneta</strong></span> <span class='ocrx_word' id='word_1_643' title='bbox 891 4880 1185 4935; x_wconf 90' lang='lat' dir='ltr'><strong>universali</strong></span> <span class='ocrx_word' id='word_1_644' title='bbox 1243 4882 1454 4951; x_wconf 77' lang='lat' dir='ltr'><strong>synodo</strong></span> <span class='ocrx_word' id='word_1_645' title='bbox 1516 4888 1669 4934; x_wconf 77' lang='lat' dir='ltr'><strong>sexta</strong></span> <span class='ocrx_word' id='word_1_646' title='bbox 1724 4877 1956 4950; x_wconf 86' lang='lat' dir='ltr'><strong>Georgio</strong></span> <span class='ocrx_word' id='word_1_647' title='bbox 2012 4896 2095 4934; x_wconf 65' lang='lat' dir='ltr'><strong>reo</strong></span> 
     </span>
    </p>
   </div>
   <div class='ocr_carea' id='block_1_96' title="bbox 528 4972 2092 5042">
    <p class='ocr_par' dir='ltr' id='par_1_96' title="bbox 528 4972 2092 5042">
     <span class='ocr_line' id='line_1_96' title="bbox 528 4972 2092 5042; baseline 0.001 -18"><span class='ocrx_word' id='word_1_648' title='bbox 528 4979 684 5040; x_wconf 83' lang='lat' dir='ltr'><strong>perto</strong></span> <span class='ocrx_word' id='word_1_649' title='bbox 734 4986 937 5025; x_wconf 92' lang='lat' dir='ltr'><strong>annum</strong></span> <span class='ocrx_word' id='word_1_650' title='bbox 989 4981 1185 5042; x_wconf 80' lang='lat' dir='ltr'><strong>agente</strong></span> <span class='ocrx_word' id='word_1_651' title='bbox 1240 4972 1642 5041; x_wconf 86' lang='lat' dir='ltr'><strong>patriarchatus</strong></span> <span class='ocrx_word' id='word_1_652' title='bbox 1707 4972 1791 5027; x_wconf 91' lang='lat' dir='ltr'><strong>sui</strong></span> <span class='ocrx_word' id='word_1_653' title='bbox 1848 4972 2092 5035; x_wconf 90' lang='lat' dir='ltr'><strong>tertium,</strong></span> 
     </span>
    </p>
   </div>
   <div class='ocr_carea' id='block_1_97' title="bbox 523 5061 2095 5132">
    <p class='ocr_par' dir='ltr' id='par_1_97' title="bbox 523 5061 2095 5132">
     <span class='ocr_line' id='line_1_97' title="bbox 523 5061 2095 5132; baseline 0.004 -19"><span class='ocrx_word' id='word_1_654' title='bbox 523 5072 578 5115; x_wconf 71' lang='lat' dir='ltr'><strong>et</strong></span> <span class='ocrx_word' id='word_1_655' title='bbox 632 5070 756 5132; x_wconf 89' lang='lat' dir='ltr'><strong>post</strong></span> <span class='ocrx_word' id='word_1_656' title='bbox 810 5061 1080 5131; x_wconf 82' lang='lat' dir='ltr'><strong>synodqu</strong></span> <span class='ocrx_word' id='word_1_657' title='bbox 1138 5062 1449 5132; x_wconf 82' lang='lat' dir='ltr'><strong>patriarcha</strong></span> <span class='ocrx_word' id='word_1_658' title='bbox 1485 5074 1736 5118; x_wconf 80' lang='lat' dir='ltr'><strong>manente</strong></span> <span class='ocrx_word' id='word_1_659' title='bbox 1770 5064 1928 5117; x_wconf 91' lang='lat' dir='ltr'><strong>annis</strong></span> <span class='ocrx_word' id='word_1_660' title='bbox 1973 5064 2095 5119; x_wconf 88' lang='lat' dir='ltr'><strong>aliis</strong></span> 
     </span>
    </p>
   </div>
   <div class='ocr_carea' id='block_1_98' title="bbox 528 5152 2096 5222">
    <p class='ocr_par' dir='ltr' id='par_1_98' title="bbox 528 5152 2096 5222">
     <span class='ocr_line' id='line_1_98' title="bbox 528 5152 2096 5222; baseline 0 -16"><span class='ocrx_word' id='word_1_661' title='bbox 528 5154 726 5211; x_wconf 89' lang='lat' dir='ltr'><strong>tribus.</strong></span> <span class='ocrx_word' id='word_1_662' title='bbox 792 5152 924 5208; x_wconf 73' lang='lat' dir='ltr'><strong>Post</strong></span> <span class='ocrx_word' id='word_1_663' title='bbox 974 5153 1119 5206; x_wconf 91' lang='lat' dir='ltr'><strong>hunc</strong></span> <span class='ocrx_word' id='word_1_664' title='bbox 1185 5169 1315 5208; x_wconf 87' lang='lat' dir='ltr'><strong>vero</strong></span> <span class='ocrx_word' id='word_1_665' title='bbox 1382 5156 1533 5209; x_wconf 89' lang='lat' dir='ltr'><strong>fuere</strong></span> <span class='ocrx_word' id='word_1_666' title='bbox 1589 5155 1859 5210; x_wconf 83' lang='lat' dir='ltr'><strong>Theodori</strong></span> <span class='ocrx_word' id='word_1_667' title='bbox 1916 5157 1980 5222; x_wconf 86' lang='lat'><strong>&#39;5,</strong></span> <span class='ocrx_word' id='word_1_668' title='bbox 2042 5164 2096 5207; x_wconf 79' lang='lat' dir='ltr'><strong>et</strong></span> 
     </span>
    </p>
   </div>
   <div class='ocr_carea' id='block_1_99' title="bbox 526 5244 2096 5318">
    <p class='ocr_par' dir='ltr' id='par_1_99' title="bbox 526 5244 2096 5318">
     <span class='ocr_line' id='line_1_99' title="bbox 526 5244 2096 5318; baseline 0.001 -19"><span class='ocrx_word' id='word_1_669' title='bbox 526 5246 683 5303; x_wconf 85' lang='lat' dir='ltr'><strong>Pauli</strong></span> <span class='ocrx_word' id='word_1_670' title='bbox 732 5248 802 5311; x_wconf 88' lang='lat'><strong>7,</strong></span> <span class='ocrx_word' id='word_1_671' title='bbox 854 5253 909 5301; x_wconf 89' lang='lat' dir='ltr'><strong>et</strong></span> <span class='ocrx_word' id='word_1_672' title='bbox 957 5244 1214 5299; x_wconf 87' lang='lat' dir='ltr'><strong>Callinici</strong></span> <span class='ocrx_word' id='word_1_673' title='bbox 1273 5245 1371 5311; x_wconf 74' lang='lat'><strong>19.,</strong></span> <span class='ocrx_word' id='word_1_674' title='bbox 1422 5254 1475 5299; x_wconf 88' lang='lat' dir='ltr'><strong>et</strong></span> <span class='ocrx_word' id='word_1_675' title='bbox 1536 5246 1662 5318; x_wconf 80' lang='lat' dir='ltr'><strong>Cyri</strong></span> <span class='ocrx_word' id='word_1_676' title='bbox 1722 5248 1848 5302; x_wconf 89' lang='lat' dir='ltr'><strong>anui</strong></span> <span class='ocrx_word' id='word_1_677' title='bbox 1893 5251 1966 5313; x_wconf 65' lang='grc' dir='ltr'><strong>εὶς</strong></span> <span class='ocrx_word' id='word_1_678' title='bbox 2023 5250 2096 5301; x_wconf 89' lang='lat' dir='ltr'><strong>ita</strong></span> 
     </span>
    </p>
   </div>
   <div class='ocr_carea' id='block_1_100' title="bbox 528 5334 2095 5407">
    <p class='ocr_par' dir='ltr' id='par_1_100' title="bbox 528 5334 2095 5407">
     <span class='ocr_line' id='line_1_100' title="bbox 528 5334 2095 5407; baseline 0.001 -18"><span class='ocrx_word' id='word_1_679' title='bbox 528 5347 586 5389; x_wconf 90' lang='lat' dir='ltr'><strong>ut</strong></span> <span class='ocrx_word' id='word_1_680' title='bbox 618 5339 948 5407; x_wconf 89' lang='lat' dir='ltr'><strong>colligantur</strong></span> <span class='ocrx_word' id='word_1_681' title='bbox 999 5335 1162 5391; x_wconf 90' lang='lat' dir='ltr'><strong>etiam</strong></span> <span class='ocrx_word' id='word_1_682' title='bbox 1207 5350 1272 5389; x_wconf 76' lang='lat' dir='ltr'><strong>ex</strong></span> <span class='ocrx_word' id='word_1_683' title='bbox 1333 5334 1465 5403; x_wconf 89' lang='lat' dir='ltr'><strong>ipsis</strong></span> <span class='ocrx_word' id='word_1_684' title='bbox 1492 5337 1817 5406; x_wconf 85' lang='lat' dir='ltr'><strong>patriarchis</strong></span> <span class='ocrx_word' id='word_1_685' title='bbox 1841 5340 1967 5393; x_wconf 92' lang='lat' dir='ltr'><strong>anni</strong></span> <span class='ocrx_word' id='word_1_686' title='bbox 2006 5339 2095 5405; x_wconf 77' lang='grc' dir='ltr'><strong>Ξῖ,</strong></span> 
     </span>
    </p>
   </div>
   <div class='ocr_carea' id='block_1_101' title="bbox 529 5426 2096 5499">
    <p class='ocr_par' dir='ltr' id='par_1_101' title="bbox 529 5426 2096 5499">
     <span class='ocr_line' id='line_1_101' title="bbox 529 5426 2096 5499; baseline 0.003 -18"><span class='ocrx_word' id='word_1_687' title='bbox 529 5430 599 5483; x_wconf 79' lang='lat' dir='ltr'><strong>ab</strong></span> <span class='ocrx_word' id='word_1_688' title='bbox 626 5431 790 5486; x_wconf 89' lang='lat' dir='ltr'><strong>editis</strong></span> <span class='ocrx_word' id='word_1_689' title='bbox 818 5440 998 5486; x_wconf 87' lang='lat' dir='ltr'><strong>autem</strong></span> <span class='ocrx_word' id='word_1_690' title='bbox 1051 5426 1239 5484; x_wconf 81' lang='lat' dir='ltr'><strong>formis</strong></span> <span class='ocrx_word' id='word_1_691' title='bbox 1268 5442 1440 5497; x_wconf 85' lang='lat' dir='ltr'><strong>usque</strong></span> <span class='ocrx_word' id='word_1_692' title='bbox 1476 5428 1543 5482; x_wconf 89' lang='lat' dir='ltr'><strong>ad</strong></span> <span class='ocrx_word' id='word_1_693' title='bbox 1605 5440 1858 5499; x_wconf 86' lang='lat' dir='ltr'><strong>quartum</strong></span> <span class='ocrx_word' id='word_1_694' title='bbox 1895 5447 2096 5485; x_wconf 87' lang='lat' dir='ltr'><strong>annum</strong></span> 
     </span>
    </p>
   </div>
   <div class='ocr_carea' id='block_1_102' title="bbox 2201 4506 3755 4585">
    <p class='ocr_par' dir='ltr' id='par_1_102' title="bbox 2201 4506 3755 4585">
     <span class='ocr_line' id='line_1_102' title="bbox 2201 4506 3755 4585; baseline -0.004 -16"><span class='ocrx_word' id='word_1_695' title='bbox 2201 4515 2542 4585; x_wconf 86' lang='lat' dir='ltr'><strong>potamiam,</strong></span> <span class='ocrx_word' id='word_1_696' title='bbox 2618 4522 2674 4567; x_wconf 88' lang='lat' dir='ltr'><strong>et</strong></span> <span class='ocrx_word' id='word_1_697' title='bbox 2757 4513 3105 4585; x_wconf 80' lang='lat' dir='ltr'><strong>tyrannidem</strong></span> <span class='ocrx_word' id='word_1_698' title='bbox 3173 4518 3397 4580; x_wconf 84' lang='lat' dir='ltr'><strong>patitur</strong></span> <span class='ocrx_word' id='word_1_699' title='bbox 3480 4528 3511 4565; x_wconf 88' lang='lat' dir='ltr'><strong>a</strong></span> <span class='ocrx_word' id='word_1_700' title='bbox 3584 4506 3755 4563; x_wconf 75' lang='lat' dir='ltr'><strong>Saido.</strong></span> 
     </span>
    </p>
   </div>
   <div class='ocr_carea' id='block_1_103' title="bbox 2200 4597 3759 4676">
    <p class='ocr_par' dir='ltr' id='par_1_103' title="bbox 2200 4597 3759 4676">
     <span class='ocr_line' id='line_1_103' title="bbox 2200 4597 3759 4676; baseline -0.005 -16"><span class='ocrx_word' id='word_1_701' title='bbox 2200 4621 2364 4675; x_wconf 90' lang='lat' dir='ltr'><strong>quem</strong></span> <span class='ocrx_word' id='word_1_702' title='bbox 2439 4620 2833 4676; x_wconf 82' lang='lat' dir='ltr'><strong>supergressus</strong></span> <span class='ocrx_word' id='word_1_703' title='bbox 2900 4603 3069 4658; x_wconf 89' lang='lat' dir='ltr'><strong>verbo</strong></span> <span class='ocrx_word' id='word_1_704' title='bbox 3146 4600 3497 4658; x_wconf 86' lang='lat' dir='ltr'><strong>Damascum</strong></span> <span class='ocrx_word' id='word_1_705' title='bbox 3580 4597 3759 4667; x_wconf 77' lang='lat' dir='ltr'><strong>aperite</strong></span> 
     </span>
    </p>
   </div>
   <div class='ocr_carea' id='block_1_104' title="bbox 2204 4694 3758 4765">
    <p class='ocr_par' dir='ltr' id='par_1_104' title="bbox 2204 4694 3758 4765">
     <span class='ocr_line' id='line_1_104' title="bbox 2204 4694 3758 4765; baseline -0.008 -13"><span class='ocrx_word' id='word_1_706' title='bbox 2204 4698 2332 4753; x_wconf 85' lang='lat' dir='ltr'><strong>fecit</strong></span> <span class='ocrx_word' id='word_1_707' title='bbox 2386 4715 2417 4751; x_wconf 90' lang='lat' dir='ltr'><strong>a</strong></span> <span class='ocrx_word' id='word_1_708' title='bbox 2473 4712 2533 4751; x_wconf 90' lang='lat' dir='ltr'><strong>se</strong></span> <span class='ocrx_word' id='word_1_709' title='bbox 2583 4707 2940 4765; x_wconf 71' lang='lat' dir='ltr'><strong>pra‘ventam,</strong></span> <span class='ocrx_word' id='word_1_710' title='bbox 2978 4704 3033 4750; x_wconf 85' lang='lat' dir='ltr'><strong>et</strong></span> <span class='ocrx_word' id='word_1_711' title='bbox 3078 4702 3201 4765; x_wconf 89' lang='lat' dir='ltr'><strong>post</strong></span> <span class='ocrx_word' id='word_1_712' title='bbox 3232 4694 3360 4749; x_wconf 72' lang='lat' dir='ltr'><strong>haec</strong></span> <span class='ocrx_word' id='word_1_713' title='bbox 3406 4694 3758 4748; x_wconf 82' lang='lat' dir='ltr'><strong>fraudulenter</strong></span> 
     </span>
    </p>
   </div>
   <div class='ocr_carea' id='block_1_105' title="bbox 2201 4790 2589 4845">
    <p class='ocr_par' dir='ltr' id='par_1_105' title="bbox 2201 4790 2589 4845">
     <span class='ocr_line' id='line_1_105' title="bbox 2201 4790 2589 4845; baseline -0.005 0"><span class='ocrx_word' id='word_1_714' title='bbox 2201 4790 2401 4845; x_wconf 88' lang='lat' dir='ltr'><strong>occidit</strong></span> <span class='ocrx_word' id='word_1_715' title='bbox 2440 4804 2589 4844; x_wconf 87' lang='lat' dir='ltr'><strong>eum.</strong></span> 
     </span>
    </p>
   </div>
   <div class='ocr_carea' id='block_1_106' title="bbox 2273 4878 3765 4948">
    <p class='ocr_par' dir='ltr' id='par_1_106' title="bbox 2273 4878 3765 4948">
     <span class='ocr_line' id='line_1_106' title="bbox 2273 4878 3765 4948; baseline -0.007 -12"><span class='ocrx_word' id='word_1_716' title='bbox 2273 4881 2620 4937; x_wconf 84' lang='lat' dir='ltr'><strong>Justinianus</strong></span> <span class='ocrx_word' id='word_1_717' title='bbox 2661 4890 2840 4936; x_wconf 86' lang='lat' dir='ltr'><strong>autem</strong></span> <span class='ocrx_word' id='word_1_718' title='bbox 2874 4897 2998 4936; x_wconf 90' lang='lat' dir='ltr'><strong>cum</strong></span> <span class='ocrx_word' id='word_1_719' title='bbox 3039 4889 3185 4936; x_wconf 87' lang='lat' dir='ltr'><strong>esset</strong></span> <span class='ocrx_word' id='word_1_720' title='bbox 3215 4878 3440 4948; x_wconf 80' lang='lat' dir='ltr'><strong>iunior,</strong></span> <span class='ocrx_word' id='word_1_721' title='bbox 3496 4878 3646 4948; x_wconf 83' lang='lat' dir='ltr'><strong>quasi</strong></span> <span class='ocrx_word' id='word_1_722' title='bbox 3689 4890 3765 4926; x_wconf 82' lang='lat' dir='ltr'><strong>aa-</strong></span> 
     </span>
    </p>
   </div>
   <div class='ocr_carea' id='block_1_107' title="bbox 2204 4970 3762 5042">
    <p class='ocr_par' dir='ltr' id='par_1_107' title="bbox 2204 4970 3762 5042">
     <span class='ocr_line' id='line_1_107' title="bbox 2204 4970 3762 5042; baseline -0.006 -14"><span class='ocrx_word' id='word_1_723' title='bbox 2204 4988 2397 5028; x_wconf 90' lang='lat' dir='ltr'><strong>uorum</strong></span> <span class='ocrx_word' id='word_1_724' title='bbox 2437 4972 2523 5037; x_wconf 76' lang='grc'><strong>16,</strong></span> <span class='ocrx_word' id='word_1_725' title='bbox 2567 4980 2619 5026; x_wconf 92' lang='lat' dir='ltr'><strong>et</strong></span> <span class='ocrx_word' id='word_1_726' title='bbox 2657 4988 2753 5026; x_wconf 88' lang='lat' dir='ltr'><strong>sua</strong></span> <span class='ocrx_word' id='word_1_727' title='bbox 2789 4987 3019 5042; x_wconf 65' lang='lat' dir='ltr'><strong>quaeque</strong></span> <span class='ocrx_word' id='word_1_728' title='bbox 3068 4972 3392 5025; x_wconf 89' lang='lat' dir='ltr'><strong>inconsulte</strong></span> <span class='ocrx_word' id='word_1_729' title='bbox 3460 4970 3762 5038; x_wconf 72' lang='lat' dir='ltr'><strong>disputa-rel.</strong></span> 
     </span>
    </p>
   </div>
   <div class='ocr_carea' id='block_1_108' title="bbox 2206 5055 3766 5135">
    <p class='ocr_par' dir='ltr' id='par_1_108' title="bbox 2206 5055 3766 5135">
     <span class='ocr_line' id='line_1_108' title="bbox 2206 5055 3766 5135; baseline -0.01 -15"><span class='ocrx_word' id='word_1_730' title='bbox 2206 5066 2357 5121; x_wconf 92' lang='lat' dir='ltr'><strong>misit</strong></span> <span class='ocrx_word' id='word_1_731' title='bbox 2387 5063 2676 5119; x_wconf 90' lang='lat' dir='ltr'><strong>Leontium</strong></span> <span class='ocrx_word' id='word_1_732' title='bbox 2714 5072 2997 5135; x_wconf 74' lang='lat' dir='ltr'><strong>prmtorem</strong></span> <span class='ocrx_word' id='word_1_733' title='bbox 3031 5063 3082 5117; x_wconf 92' lang='lat' dir='ltr'><strong>in</strong></span> <span class='ocrx_word' id='word_1_734' title='bbox 3120 5063 3459 5117; x_wconf 80' lang='lat' dir='ltr'><strong>Armeniam</strong></span> <span class='ocrx_word' id='word_1_735' title='bbox 3520 5078 3639 5115; x_wconf 82' lang='lat' dir='ltr'><strong>eutn</strong></span> <span class='ocrx_word' id='word_1_736' title='bbox 3680 5055 3766 5108; x_wconf 77' lang='lat' dir='ltr'><strong>lio-</strong></span> 
     </span>
    </p>
   </div>
   <div class='ocr_carea' id='block_1_109' title="bbox 2206 5148 3765 5227">
    <p class='ocr_par' dir='ltr' id='par_1_109' title="bbox 2206 5148 3765 5227">
     <span class='ocr_line' id='line_1_109' title="bbox 2206 5148 3765 5227; baseline -0.008 -16"><span class='ocrx_word' id='word_1_737' title='bbox 2206 5157 2384 5211; x_wconf 89' lang='lat' dir='ltr'><strong>maico</strong></span> <span class='ocrx_word' id='word_1_738' title='bbox 2416 5163 2716 5227; x_wconf 88' lang='lat' dir='ltr'><strong>potentatu,</strong></span> <span class='ocrx_word' id='word_1_739' title='bbox 2777 5165 2833 5210; x_wconf 91' lang='lat' dir='ltr'><strong>et</strong></span> <span class='ocrx_word' id='word_1_740' title='bbox 2888 5154 3178 5210; x_wconf 87' lang='lat' dir='ltr'><strong>Saracenis</strong></span> <span class='ocrx_word' id='word_1_741' title='bbox 3230 5154 3352 5208; x_wconf 89' lang='lat' dir='ltr'><strong>illic</strong></span> <span class='ocrx_word' id='word_1_742' title='bbox 3403 5148 3765 5209; x_wconf 78' lang='lat' dir='ltr'><strong>essistentibus</strong></span> 
     </span>
    </p>
   </div>
   <div class='ocr_carea' id='block_1_110' title="bbox 2208 5245 3767 5320">
    <p class='ocr_par' dir='ltr' id='par_1_110' title="bbox 2208 5245 3767 5320">
     <span class='ocr_line' id='line_1_110' title="bbox 2208 5245 3767 5320; baseline -0.006 -17"><span class='ocrx_word' id='word_1_743' title='bbox 2208 5250 2550 5320; x_wconf 90' lang='lat' dir='ltr'><strong>interemptis</strong></span> <span class='ocrx_word' id='word_1_744' title='bbox 2601 5248 2815 5316; x_wconf 85' lang='lat' dir='ltr'><strong>subegit</strong></span> <span class='ocrx_word' id='word_1_745' title='bbox 2866 5248 3005 5301; x_wconf 90' lang='lat' dir='ltr'><strong>hanc</strong></span> <span class='ocrx_word' id='word_1_746' title='bbox 3083 5245 3383 5310; x_wconf 82' lang='lat' dir='ltr'><strong>Romanis,</strong></span> <span class='ocrx_word' id='word_1_747' title='bbox 3443 5246 3692 5301; x_wconf 88' lang='lat' dir='ltr'><strong>similiter</strong></span> <span class='ocrx_word' id='word_1_748' title='bbox 3728 5245 3767 5290; x_wconf 77' lang='lat' dir='ltr'><strong>tl</strong></span> 
     </span>
    </p>
   </div>
   <div class='ocr_carea' id='block_1_111' title="bbox 2209 5338 3767 5407">
    <p class='ocr_par' dir='ltr' id='par_1_111' title="bbox 2209 5338 3767 5407">
     <span class='ocr_line' id='line_1_111' title="bbox 2209 5338 3767 5407; baseline -0.008 -12"><span class='ocrx_word' id='word_1_749' title='bbox 2209 5340 2486 5395; x_wconf 83' lang='lat' dir='ltr'><strong>lliberiatu</strong></span> <span class='ocrx_word' id='word_1_750' title='bbox 2522 5351 2577 5396; x_wconf 89' lang='lat' dir='ltr'><strong>et</strong></span> <span class='ocrx_word' id='word_1_751' title='bbox 2631 5339 2943 5403; x_wconf 78' lang='lat' dir='ltr'><strong>Albaniam,</strong></span> <span class='ocrx_word' id='word_1_752' title='bbox 2996 5338 3314 5393; x_wconf 88' lang='lat' dir='ltr'><strong>Bucandam</strong></span> <span class='ocrx_word' id='word_1_753' title='bbox 3362 5354 3598 5407; x_wconf 86' lang='lat' dir='ltr'><strong>quoque</strong></span> <span class='ocrx_word' id='word_1_754' title='bbox 3638 5341 3767 5398; x_wconf 83' lang='lat' dir='ltr'><strong>atque</strong></span> 
     </span>
    </p>
   </div>
   <div class='ocr_carea' id='block_1_112' title="bbox 2210 5425 3769 5502">
    <p class='ocr_par' dir='ltr' id='par_1_112' title="bbox 2210 5425 3769 5502">
     <span class='ocr_line' id='line_1_112' title="bbox 2210 5425 3769 5502; baseline -0.01 -16"><span class='ocrx_word' id='word_1_755' title='bbox 2210 5433 2464 5499; x_wconf 81' lang='lat' dir='ltr'><strong>Mediam,</strong></span> <span class='ocrx_word' id='word_1_756' title='bbox 2513 5444 2567 5488; x_wconf 89' lang='lat' dir='ltr'><strong>et</strong></span> <span class='ocrx_word' id='word_1_757' title='bbox 2625 5432 2727 5488; x_wconf 89' lang='lat' dir='ltr'><strong>sub</strong></span> <span class='ocrx_word' id='word_1_758' title='bbox 2760 5432 2968 5487; x_wconf 90' lang='lat' dir='ltr'><strong>tributo</strong></span> <span class='ocrx_word' id='word_1_759' title='bbox 2998 5431 3319 5502; x_wconf 85' lang='lat' dir='ltr'><strong>regionibus</strong></span> <span class='ocrx_word' id='word_1_760' title='bbox 3356 5431 3509 5486; x_wconf 83' lang='lat' dir='ltr'><strong>actis</strong></span> <span class='ocrx_word' id='word_1_761' title='bbox 3542 5425 3769 5500; x_wconf 84' lang='lat' dir='ltr'><strong>plurimas</strong></span> 
     </span>
    </p>
   </div>
   <div class='ocr_carea' id='block_1_113' title="bbox 2063 5547 2296 5605">
    <p class='ocr_par' dir='ltr' id='par_1_113' title="bbox 2063 5547 2296 5605">
     <span class='ocr_line' id='line_1_113' title="bbox 2063 5547 2296 5605; baseline 0.013 -3"><span class='ocrx_word' id='word_1_762' title='bbox 2063 5547 2296 5605; x_wconf 64' lang='lat' dir='ltr'><strong>NOTAE.</strong></span> 
     </span>
    </p>
   </div>
   <div class='ocr_carea' id='block_1_114' title="bbox 599 5632 2037 5707">
    <p class='ocr_par' dir='ltr' id='par_1_114' title="bbox 599 5632 2037 5707">
     <span class='ocr_line' id='line_1_114' title="bbox 599 5632 2037 5707; baseline 0.005 -21"><span class='ocrx_word' id='word_1_763' title='bbox 599 5632 712 5707; x_wconf 56' lang='lat' dir='ltr'><strong>(Li?)</strong></span> <span class='ocrx_word' id='word_1_764' title='bbox 757 5632 949 5707; x_wconf 65' lang='lat' dir='ltr'><strong>Qelire.</strong></span> <span class='ocrx_word' id='word_1_765' title='bbox 987 5633 1257 5693; x_wconf 88' lang='lat' dir='ltr'><strong>Fabrotus</strong></span> <span class='ocrx_word' id='word_1_766' title='bbox 1299 5651 1483 5707; x_wconf 78' lang='lat' dir='ltr'><strong>proco</strong></span> <span class='ocrx_word' id='word_1_767' title='bbox 1515 5637 1660 5707; x_wconf 88' lang='lat' dir='ltr'><strong>quod</strong></span> <span class='ocrx_word' id='word_1_768' title='bbox 1691 5649 1809 5692; x_wconf 88' lang='lat' dir='ltr'><strong>erat</strong></span> <span class='ocrx_word' id='word_1_769' title='bbox 1833 5638 2037 5693; x_wconf 64' lang='lat' dir='ltr'><strong>(cedere.</strong></span> 
     </span>
    </p>
   </div>
   <div class='ocr_carea' id='block_1_115' title="bbox 598 5697 3030 5780">
    <p class='ocr_par' dir='ltr' id='par_1_115' title="bbox 598 5697 3030 5780">
     <span class='ocr_line' id='line_1_115' title="bbox 598 5697 3030 5780; baseline 0.002 -24"><span class='ocrx_word' id='word_1_770' title='bbox 598 5697 712 5767; x_wconf 72' lang='lat'><strong>(7&quot;)</strong></span> <span class='ocrx_word' id='word_1_771' title='bbox 749 5700 1082 5761; x_wconf 80' lang='lat' dir='ltr'><strong>Conditiouc.</strong></span> <span class='ocrx_word' id='word_1_772' title='bbox 1113 5697 1335 5780; x_wconf 72' lang='lat' dir='ltr'><strong>Gregor.</strong></span> <span class='ocrx_word' id='word_1_773' title='bbox 1391 5697 1695 5763; x_wconf 56' lang='lat' dir='ltr'><strong>Tutu&#39;hist.</strong></span> <span class='ocrx_word' id='word_1_774' title='bbox 1742 5710 1857 5764; x_wconf 64' lang='lat'><strong>1::</strong></span> <span class='ocrx_word' id='word_1_775' title='bbox 1903 5726 1931 5763; x_wconf 89' lang='lat' dir='ltr'><strong>a</strong></span> <span class='ocrx_word' id='word_1_776' title='bbox 1976 5710 2131 5780; x_wconf 88' lang='lat' dir='ltr'><strong>primi</strong></span> <span class='ocrx_word' id='word_1_777' title='bbox 2177 5710 2413 5766; x_wconf 84' lang='lat' dir='ltr'><strong>hominis</strong></span> <span class='ocrx_word' id='word_1_778' title='bbox 2443 5708 2773 5764; x_wconf 85' lang='lat' dir='ltr'><strong>conditione.</strong></span> <span class='ocrx_word' id='word_1_779' title='bbox 2801 5727 2817 5759; x_wconf 77' lang='grc' dir='ltr'><strong><em>ι</em></strong></span> <span class='ocrx_word' id='word_1_780' title='bbox 2868 5704 3030 5762; x_wconf 64' lang='grc' dir='ltr'><strong>ΙοἈωι.</strong></span> 
     </span>
    </p>
   </div>
   <div class='ocr_carea' id='block_1_116' title="bbox 1012 5920 1105 5943">
    <p class='ocr_par' dir='ltr' id='par_1_116' title="bbox 1012 5920 1105 5943">
     <span class='ocr_line' id='line_1_116' title="bbox 1012 5920 1105 5943; baseline -0.011 0"><span class='ocrx_word' id='word_1_781' title='bbox 1012 5920 1105 5943; x_wconf 55' lang='lat'><strong>~00.</strong></span> 
     </span>
    </p>
   </div>
  </div>
