3978 6212
344 199 473 265 l'337
1111 211 1476 276 HISTORIA
1519 220 2101 292 ECCLESIASTICA
2144 233 2242 294 EX
2274 235 2757 301 THEOPHANE.

344 311 600 412 pecunias
650 312 1335 412 irruperatoritransmisit.
1402 325 1472 378 At
1520 341 1652 381 vero
1689 329 1913 386 Abime-
1945 343 1989 398 Α
2019 341 2304 408 perpendit
2337 343 2480 412 quod
2513 346 2753 400 studium
2785 361 2980 402 eorum
3007 359 3156 404 esset
3189 359 3247 404 ut
3299 351 3592 410 Mardaita-

341 399 454 451 lech
493 396 578 453 his
627 401 864 472 cognitis
929 405 1044 461 adit
1078 405 1436 478 Cercesium,
1487 424 1542 470 et
1595 417 1914 489 Theopolim

342 489 675 559 subiugavit.

409 581 568 634 Anno
591 581 805 652 imperii
839 583 1140 644 Iustiniani
1178 593 1421 650 secundo
1448 594 1653 654 Paulus
1685 599 1917 657 habetur

336 673 589 762 alitistcs.
637 674 729 744 qui
764 688 970 746 septem
1007 682 1168 738 annis
1201 684 1402 740 throno
1444 685 1914 762 Constantinopo-

336 761 511 819 litano
537 767 824 835 prmsedit;
859 767 1112 842 factaque
1139 783 1222 830 est
1253 775 1427 832 fames
1463 780 1516 833 in
1560 780 1717 851 Syria
1743 821 1758 844 ,
1807 797 1913 852 qua

333 853 402 910 de
433 870 495 909 re
525 857 681 911 multi
716 857 1040 915 Romaniam
1087 874 1218 918 sunt
1254 865 1511 938 ingressi.
1583 869 1646 925 Et
1689 873 1914 929 veniens

330 945 633 1016 imperator
683 947 737 1000 in
773 949 1087 1005 Armeniam
1138 953 1247 1009 illic
1301 959 1545 1028 suscepit
1594 959 1909 1027 Mardaitas,

330 1036 425 1104 qui
459 1037 513 1092 in
547 1035 756 1093 Libano
795 1039 1031 1104 fuerant,
1065 1059 1218 1101 teneo
1249 1063 1408 1102 muro
1439 1049 1742 1107 destructo.
1809 1053 1912 1110 De-

329 1128 538 1182 struxit
590 1137 774 1185 autem
830 1140 883 1187 et
938 1148 1124 1204 pacem
1176 1153 1301 1192 cum
1359 1139 1687 1212 Vulgaribus
1723 1145 1908 1214 ﬁxam,

328 1220 663 1286 perturbans
717 1232 876 1295 typos
924 1227 1020 1296 qui
1075 1245 1104 1283 a
1155 1241 1310 1300 patre
1359 1239 1580 1304 proprio
1623 1239 1912 1296 ordinabi-

325 1312 457 1367 liter
517 1314 647 1370 facti
708 1327 874 1382 sunt,
919 1329 974 1374 et
1023 1321 1180 1391 jubet
1242 1329 1479 1384 transire
1526 1330 1580 1385 in
1641 1331 1908 1389 Thracem

323 1414 620 1474 equestres
680 1407 938 1474 militias,
1005 1414 1192 1467 vult-ns
1251 1425 1358 1470 tam
1425 1418 1685 1491 Vulgares
1740 1440 1908 1496 quam

325 1497 636 1554 St-laviuias
672 1502 920 1570 praedari.

407 1604 567 1656 Anno
597 1602 807 1671 imperii
844 1605 926 1657 sui
964 1604 1129 1658 tertio
1172 1607 1337 1662 movit
1379 1609 1682 1664 exercitum
1737 1608 1912 1668 Justi-

2019 446 2138 485 rum
2176 434 2355 488 solum
2402 446 2778 506 compesceret
2810 439 3047 509 primum
3103 442 3380 510 incursus,
3429 453 3482 500 et
3521 450 3595 501 ita

2021 539 2118 592 per
2148 527 2410 594 putativa:
2437 529 2670 584 rationis
2702 531 2988 587 obtentum
3020 549 3209 602 pacem
3244 537 3592 596 dissolveret.

2017 614 2172 680 Quod
2197 625 2250 670 et
2296 617 2498 672 factum
2525 630 2632 683 est,
2673 631 2727 675 et
2761 623 2911 678 misit
2953 624 3269 681 Abimelecb
3312 630 3378 683 ad
3426 632 3596 686 mdiﬂo

2015 708 2251 762 candum
2286 711 2545 780 templum
2576 711 2824 776 Machan,
2851 723 2904 770 et
2937 716 3110 770 voluit
3145 720 3365 775 auferre
3388 725 3597 778 colum-

2016 814 2116 854 nas
2172 808 2379 856 sanctae
2406 802 2770 859 Getsemauis.
2827 805 2894 859 Et
2929 819 3264 878 rogaverunt
3312 829 3434 865 cum
3464 812 3592 868 Ser-

2015 891 2140 960 gius
2175 893 2399 962 quidam
2433 896 2516 949 vir
2534 896 3068 966 Christianissimus,
3095 905 3184 972 qui
3213 913 3332 958 erat
3359 922 3592 976 genera-

2013 984 2081 1039 lis
2130 984 2355 1040 Mausur
2408 987 2686 1058 logotheta
2749 1000 2804 1046 et
2855 993 3014 1048 valde
3071 996 3362 1053 familiaris
3415 1000 3592 1056 eidem

2013 1074 2375 1141 Abimelech,
2437 1087 2604 1149 atque
2657 1083 2920 1151 patricius
2976 1087 3164 1143 socius
3218 1089 3338 1156 ejus
3372 1130 3386 1151 .
3433 1089 3596 1145 Chri-

2013 1169 2212 1226 stianis
2270 1170 2363 1239 qui
2413 1182 2572 1227 erant
2631 1175 2684 1228 iu
2751 1175 3039 1229 Palaestina
3098 1183 3442 1248 prmpositus.
3500 1185 3593 1253 qui

2010 1262 2504 1331 cognominabatur
2566 1265 2847 1329 Clausus,
2917 1271 3257 1337 postulantes
3313 1289 3379 1327 ne
3442 1274 3595 1329 fieret

2013 1347 2160 1415 hoc,
2221 1352 2316 1406 sed
2377 1368 2473 1422 per
2541 1356 2979 1424 supplicationes
3042 1374 3174 1412 suas
3245 1363 3594 1429 persuaderet

2010 1439 2323 1497 Justiniano
2356 1445 2604 1500 mittendi
2641 1447 2745 1502 sibi
2790 1448 2926 1503 alias
2966 1464 3064 1518 pro
3096 1450 3210 1515 eis;
3242 1453 3385 1521 qqu
3412 1461 3466 1508 et
3495 1453 3580 1507 fa-

2014 1548 2164 1595 ctum
2193 1547 2294 1594 05L

2085 1631 2241 1686 Auno
2271 1633 2483 1703 inrperii
2515 1634 2600 1689 sui
2647 1636 2885 1705 septimo
2927 1634 3276 1692 Jusrinianus
3320 1639 3482 1706 elegit
3528 1655 3591 1692 ex

339 1696 762 1798 nianuscontra
802 1696 1133 1798 ξυιυνίιιίειιιι
1163 1696 1579 1798 e-t-Vulgariam,
1618 1711 1672 1756 et
1706 1701 1914 1774 Vulga-
1945 1691 1986 1746 Β
2020 1724 2254 1789 εειδνίς,
2309 1691 2403 1795 αξη
2451 1741 2511 1781 se
2538 1691 2770 1794 jubenle
2807 1729 3217 1798 migravemm,
3262 1691 3596 1784 'mmlgs’m;

331 1802 427 1840 res
481 1786 702 1855 quidem
753 1787 819 1842 ad
869 1805 1108 1858 praesens
1137 1790 1241 1845 sibi
1287 1802 1643 1849 occurrentes
1679 1795 1912 1863 impulit.

333 1877 656 1950 Evsurgens
704 1889 885 1934 autem
959 1897 1134 1953 usque
1179 1881 1610 1941 Thessalonicen
1659 1888 1918 1956 copiosas

333 1972 724 2028 multitudines
769 1973 1154 2029 Sclavinorum
1215 1977 1415 2046 partim
1457 1979 1601 2034 bello
1649 1983 1914 2052 percepit,

330 2063 532 2132 partim
574 2078 696 2116 eum
749 2064 815 2118 ad
867 2080 927 2120 se
961 2065 1298 2122 conﬂuerent
1357 2068 1411 2122 in
1463 2070 1711 2139 partibus
1745 2070 1919 2127 Obse-

328 2155 475 2224 quii,
522 2172 646 2209 cum
684 2171 780 2225 per
819 2156 1065 2228 Abydum
1108 2160 1560 2226 transfretasset,
1608 2164 1913 2218 constituit.

330 2247 475 2301 Dum
525 2257 706 2302 autem
772 2257 1163 2314 reverteretur,
1196 2251 1249 2306 in
1287 2253 1481 2308 itinere
1526 2256 1858 2324 praepeditus
1885 2274 1916 2312 a

329 2337 670 2408 Vulgaribus
711 2339 762 2392 in
805 2349 924 2392 artu
955 2340 1228 2395 clausura:
1250 2357 1374 2396 cum
1403 2343 1552 2398 czede
1591 2345 1796 2414 praprii
1825 2361 1920 2414 po-

327 2431 450 2501 puli
488 2441 541 2485 et
577 2432 956 2486 vulneratione
992 2433 1163 2486 multa
1197 2434 1286 2488 vix
1327 2449 1573 2489 remeare
1611 2437 1915 2505 praevaluit.

327 2520 541 2576 Eodem
609 2537 754 2576 anno
814 2533 870 2577 et
929 2522 1299 2578 Adelatzuber
1355 2523 1638 2580 Musabum
1692 2525 1915 2582 fratrem

327 2629 496 2671 suum
549 2614 717 2668 mittit
750 2624 945 2669 contra
994 2613 1228 2677 Muctar.
1261 2624 1313 2670 et
1344 2617 1478 2671 inito
1501 2617 1671 2672 Marte
1697 2634 1821 2673 cum
1853 2634 1919 2674 eo

327 2709 568 2762 vertitur
602 2705 831 2770 Muctar,
869 2715 924 2762 et
966 2707 1104 2778 fugit
1138 2708 1192 2761 in
1223 2706 1478 2779 Syriam;
1512 2725 1675 2779 quem
1703 2725 1915 2780 praeoc-

326 2817 544 2873 cupans
569 2801 860 2856 interfecit.
925 2801 1098 2856 Porro
1139 2802 1454 2857 Abimelech
1500 2803 1700 2857 militat
1727 2813 1918 2858 contra

329 2894 646 2957 blusabnm,
696 2902 750 2950 et
785 2894 990 2948 victum
1025 2894 1249 2960 occidit,
1295 2904 1350 2949 et
1387 2895 1704 2967 subjugavit
1731 2895 1920 2951 Persi-

327 2987 459 3042 dem
491 2996 684 3040 totam.

408 3077 592 3131 Mundi
618 3090 764 3130 anno
789 3073 951 3138 618i,
981 3073 1180 3128 divina:
1205 3073 1602 3130 incarnationis
1623 3089 1770 3129 anno
1792 3074 1917 3139 08!,

330 3188 484 3227 anno
527 3187 658 3226 vero
711 3169 923 3238 imperii
953 3166 1250 3222 Justiniani
1279 3177 1478 3238 quarto
1509 3168 1656 3222 misit
1685 3168 1920 3222 Abimc-

332 3265 457 3321 lech
493 3273 685 3319 contra
716 3262 956 3317 Zubehir
987 3260 1199 3331 chagan
1233 3261 1286 3314 in
1339 3260 1558 3324 Macca,
1612 3267 1667 3314 et
1716 3259 1921 3314 occidit

329 3373 462 3415 eum
514 3357 716 3412 ibidem
770 3356 980 3425 rhagau
1006 3393 1022 3418 ,
1064 3361 1120 3408 et
1164 3352 1383 3408 subdita
1446 3353 1668 3422 regione
1711 3352 1919 3422 cbagan

330 3450 665 3504 adversante
690 3447 792 3502 sibi
825 3444 1200 3500 concremavit
1231 3443 1454 3498 domum
1497 3444 1626 3498 idoli
1655 3442 1777 3513 ejus
1814 3458 1921 3497 una

332 3559 462 3598 cum
493 3540 642 3595 idolo
669 3541 902 3594 cultura:
931 3538 1198 3608 ipsorum.
1265 3537 1440 3602 Quam
1475 3536 1544 3590 ob
1571 3550 1796 3590 causam
1833 3535 1924 3589 ille

330 3633 547 3703 chagan
585 3641 871 3702 prmtorem
908 3629 1146 3685 Persidis
1179 3628 1472 3698 promovit,
1491 3636 1545 3681 et
1578 3621 1808 3682 subacta
1839 3633 1924 3680 est

332 3721 652 3777 Abimelech
721 3730 830 3774 tam
897 3719 1143 3774 Persidis
1202 3718 1354 3788 regio
1411 3726 1466 3773 et
1518 3716 1924 3785 Mesopotamiae

341 3830 511 3884 quam
541 3813 799 3867 Armruia
833 3825 1029 3880 magna
1067 3809 1331 3876 Ethribi,
1363 3817 1418 3863 et
1446 3825 1541 3877 per
1577 3809 1629 3864 id
1667 3808 1924 3864 intestina

334 3921 532 3962 eorum
575 3905 715 3960 bella
753 3903 1110 3974 quieverunt.

412 3995 572 4049 Auno
625 3992 840 4063 imperii
885 3989 1189 4046 Justiniani
1250 3989 1444 4056 quinto
1518 3987 1680 4043 ﬁnem
1735 3987 1926 4042 habuit

335 4101 398 4147 et
436 4091 702 4145 liberatus
757 4095 842 4142 est
893 4086 963 4140 ab
1009 4085 1158 4140 omni
1221 4084 1364 4138 bello
1417 4083 1658 4136 Arabum
1719 4081 1929 4151 princi-

339 4194 528 4256 patus,
572 4191 626 4237 ct
663 4196 798 4252 pace
842 4179 1051 4250 potitus
1082 4176 1524 4242 estAbimclccb,
1560 4175 1781 4230 cunctis
1821 4174 1924 4229 sibi

340 4279 618 4334 subactis.

2017 1817 2167 1886 ginta
2219 1818 2412 1882 millia,
2482 1826 2538 1873 et
2598 1820 2827 1874 armatis
2869 1821 2950 1875 eis
3010 1821 3414 1890 cognominavit
3474 1821 3598 1874 illos

2020 1910 2281 1980 populum
2316 1909 2734 1977 acceptabilem,
2767 1908 3184 1980 principemque
3218 1913 3270 1964 in
3303 1911 3385 1965 eis
3415 1908 3596 1964 Nebu-

2021 1999 2129 2053 lum
2158 1998 2382 2052 nomine
2417 1998 2634 2052 statuit.
2684 1999 2846 2053 Fisus
2890 2008 3072 2054 autem
3116 2001 3166 2052 in
3223 1999 3329 2054 illis
3378 1998 3597 2067 scripsit

2018 2087 2296 2144 Arabibus
2348 2103 2456 2142 non
2521 2104 2581 2144 se
2651 2104 3068 2156 permansurum
3126 2091 3179 2143 in
3233 2104 3410 2160 pace,
3479 2103 3598 2156 quae

2025 2178 2234 2249 scripto
2267 2186 2635 2248 .convenerat.
2706 2177 2772 2232 Et
2796 2191 3081 2249 assumpto
3116 2180 3316 2251 populo
3350 2188 3601 2248 accepta-

2020 2270 2112 2324 bili
2141 2279 2192 2324 et
2219 2270 2438 2324 cunctis
2469 2269 2822 2340 equestribus
2852 2271 3066 2326 militiis
3106 2271 3241 2324 abiit
3265 2270 3599 2339 Sebastopo-

2022 2363 2113 2416 lim
2145 2363 2501 2417 maritimam.
2570 2363 2779 2418 Arabes
2825 2371 3006 2418 autem
3062 2364 3502 2424 dissimulantes,
3549 2372 3604 2416 et

2019 2466 2208 2521 pacem
2259 2453 2474 2506 solvere
2504 2453 2732 2509 minime
2787 2462 3177 2525 proponentes,
3231 2453 3323 2508 sed
3363 2453 3604 2522 impera-

2022 2542 2164 2597 torio
2189 2558 2419 2598 excessu
2456 2554 2620 2613 atque
2646 2545 2899 2614 procacia
2931 2545 3035 2599 hoc
3062 2545 3254 2616 agendi
3287 2544 3601 2598 violentiam

2019 2637 2315 2707 patientes,
2375 2639 2573 2690 armati
2625 2644 2679 2692 et
2741 2639 2844 2707 ipsi
2887 2638 3117 2693 veniunt
3172 2635 3602 2704 Sebastupolim,

2023 2735 2388 2796 protestantes
2422 2741 2489 2780 ne
2525 2727 2850 2795 imperator,
2880 2741 3004 2796 qua:
3029 2725 3262 2780 invicem
3296 2741 3417 2780 eum
3451 2723 3606 2794 jura-

2022 2821 2222 2874 meutis
2274 2833 2520 2874 consono
2557 2829 2720 2888 pacto
2768 2819 2987 2888 placita
3027 2817 3264 2882 fuerant,
3321 2816 3604 2890 solveret;

2023 2911 2267 2979 alioquin
2320 2892 2464 2964 Deus
2507 2908 2702 2961 vindex
2764 2915 2819 2962 et
2870 2906 3040 2976 judex
3101 2907 3388 2976 culparum
3441 2903 3602 2958 foret.

1947 3021 1990 3078 ο
2029 3000 2173 3056 Sane
2209 3017 2332 3056 cum
2359 3001 2660 3068 imperator
2691 3014 2792 3053 nec
2823 2997 3014 3052 auditu
3060 2998 3180 3067 ipso
3223 2995 3606 3065 hujuscemodi

2023 3097 2188 3148 verba
2225 3092 2507 3162 percipere
2541 3097 2840 3158 pateretur,
2896 3089 2972 3142 illi
3009 3089 3166 3158 pacis
3196 3096 3249 3142 et
3272 3087 3424 3141 verbi
3466 3087 3606 3140 scri-

2023 3193 2174 3254 ptum
2203 3184 2481 3238 solventes
2507 3190 2562 3236 et
2603 3182 2659 3235 in
2689 3180 2906 3234 excelsa
2935 3180 3087 3234 hasta
3110 3193 3209 3249 pro
3238 3177 3436 3232 vexillo
3480 3191 3606 3246 pro-

2025 3275 2254 3330 cedendi
2315 3274 2493 3343 gratia
2555 3270 2990 3343 suspendentes,
3057 3277 3254 3325 contra
3324 3267 3607 3324 Romanos

2025 3367 2231 3436 impetu
2254 3342 2495 3428 irrunut,
2523 3342 2777 3417 Muamed
2827 3361 3023 3414 ducem
3061 3358 3346 3418 habentes,
3373 3356 3606 3411 bellum-
3655 3373 3664 3382 ·

2024 3474 2132 3529 que
2155 3457 2334 3511 taliter
2365 3457 2627 3512 inierunt.
2664 3455 2732 3508 Et
2765 3455 2918 3522 prius
2941 3451 3163 3522 quidem
3195 3449 3437 3520 superati
3480 3458 3611 3504 sunt

2022 3549 2251 3604 Arabes.
2333 3545 2646 3617 Suggerens
2714 3545 2924 3598 interea
3002 3543 3253 3597 Muamed
3321 3539 3609 3595 auxilianti

2025 3641 2288 3695 Romanis
2341 3639 2662 3692 Sclavorum
2687 3637 2812 3691 duci
2848 3635 3014 3687 mittit
3040 3634 3090 3689 ei
3133 3632 3474 3704 marsupiut‘n
3503 3640 3612 3688 ttu-

2028 3722 2375 3788 mistnatibus
2420 3731 2670 3798 plenum,
2733 3726 3033 3791 multisque
3091 3720 3613 3791 repromiSsiombus

2029 3825 2175 3879 hunc
2207 3822 2478 3878 seduceus
2511 3817 2804 3888 persuadet
2839 3815 2906 3870 ad
2933 3831 2993 3871 se
3033 3814 3222 3883 fugere
3251 3827 3377 3866 cum
3414 3810 3613 3880 viginti

2028 3915 2270 3971 millibus
2298 3913 2645 3976 Sclavorum,
2675 3918 2729 3964 et
2754 3909 2836 3964 sic
2867 3907 3047 3977 fugam
3081 3903 3394 3970 Quiritibus
3427 3901 3616 3970 acqui-

2029 4007 2176 4064 sivit.
2229 4005 2384 4059 Tunc
2416 4004 2714 4071 imperator
2739 3998 2942 4054 occidit
2971 3999 3169 4052 horum
3213 3992 3464 4048 residuos
3508 4006 3613 4045 una

2029 4115 2154 4152 cum
2206 4096 2394 4151 liberis
2439 4104 2494 4148 et
2559 4091 2827 4147 uxoribus
2878 4099 3033 4144 trans
3094 4083 3380 4157 praecipitii
3432 4083 3612 4136 locum

2031 4187 2350 4242 Leucatium
2375 4185 2605 4248 dictum,
2638 4183 2732 4252 qui
2777 4181 3090 4235 maritimus
3116 4183 3236 4232 erat
3261 4174 3416 4244 juxta
3456 4171 3615 4228 Nico-

2033 4281 2363 4336 mediensem
2395 4278 2578 4334 sinum
2615 4276 2847 4345 positus.

416 4368 574 4422 Auno
609 4365 821 4437 imperii
851 4365 932 4419 sui
973 4363 1006 4418 6
1064 4360 1412 4416 Iustinianus
1435 4374 1647 4430 pacem,
1671 4373 1834 4429 quam
1863 4357 1931 4412 ab
1965 4361 2008 4412 ο
2103 4373 2262 4426 Anno
2296 4369 2513 4456 imperi}
2547 4367 2843 4424 ,ιυειίηίαηί
2883 4374 3081 4423 octavo
3110 4363 3323 4419 Sabms
3354 4357 3620 4430 panicias

340 4459 660 4516 Abimelech
715 4455 929 4519 habuit,
983 4469 1050 4508 ex
1102 4451 1343 4506 amentia
1398 4449 1672 4505 dissolvit.
1715 4448 1930 4503 Etenim

344 4553 676 4624 Cypriorum
729 4549 906 4604 insula
940 4545 1202 4619 populum
1264 4543 1721 4598 irrationabiliter
1763 4542 1936 4596 voluit

344 4645 768 4714 trausmigrare,
808 4649 864 4695 ct
896 4641 1296 4701 characterem,
1329 4638 1422 4707 qui
1457 4637 1664 4692 missus
1698 4636 1768 4690 ab
1797 4635 1934 4689 Abi-

340 4737 560 4795 melech
586 4737 786 4800 fuerat,
816 4747 939 4788 cum
969 4729 1185 4786 noviter
1216 4730 1372 4784 visus
1395 4738 1545 4783 esset
1569 4735 1626 4783 et
1653 4741 1934 4796 nunquam

341 4840 509 4884 antea
538 4825 738 4890 factus,
766 4839 873 4878 non
904 4821 1148 4877 admisit.
1208 4820 1500 4874 Multitudo
1538 4834 1668 4890 ergo
1702 4817 1932 4889 Cyprio-

347 4939 476 4979 rum
514 4919 643 4975 dum
681 4929 1025 4972 transmeare
1066 4914 1358 4978 niteretur,
1415 4912 1704 4968 submersa
1733 4917 1842 4974 est,
1883 4917 1938 4962 et

348 5031 417 5068 ex
455 5015 720 5083 languore
759 5009 992 5080 peribat,
1041 5007 1235 5077 reliqui
1271 5021 1404 5061 vero
1462 5004 1516 5058 in
1559 5004 1797 5074 Cyprum
1846 5015 1936 5056 re-

346 5106 500 5162 versi
549 5115 699 5160 sunt.
755 5103 820 5157 Et
855 5100 1060 5156 auditis
1099 5099 1184 5154 his
1229 5096 1546 5152 Abimelech
1576 5095 1822 5150 satanice
1857 5091 1936 5148 si-

349 5196 598 5252 mulatus
629 5196 858 5262 rogabat
897 5210 962 5247 ne
994 5208 1095 5262 pax
1138 5193 1467 5251 solveretur,
1501 5187 1596 5240 sed
1628 5186 1938 5255 susciperet

349 5301 634 5346 monetam
671 5305 851 5352 suam,
885 5302 1009 5340 cum
1048 5284 1256 5338 Arabes
1296 5297 1401 5336 non
1451 5279 1796 5347 susciperent
1831 5276 1937 5333 Ro-

347 5398 648 5439 manorum
715 5381 1039 5436 incisionem
1110 5379 1164 5430 in
1224 5375 1341 5429 suis
1397 5373 1657 5428 ntnnmis.
1735 5370 1937 5426 Verum

351 5477 482 5530 dato
509 5474 744 5545 pondere
782 5473 902 5527 auri
953 5473 1068 5526 ait:
1117 5469 1343 5523 Nullum
1388 5466 1640 5521 Romanis
1680 5463 1935 5518 danmum

351 5565 638 5634 efﬁcietur.
686 5582 748 5619 cx
777 5581 842 5619 eo
882 5565 1024 5633 quod
1081 5562 1293 5616 Arabes
1343 5575 1479 5616 nova
1531 5558 1817 5614 cuderent.
1871 5557 1941 5610 At

355 5659 454 5716 ilic
511 5672 729 5729 precem
778 5675 842 5712 cx
891 5658 1082 5712 timore
1136 5655 1438 5711 arbitratus
1489 5651 1766 5718 eliectam,
1827 5665 1937 5706 non

2040 4467 2334 4530 Armenize,
2367 4475 2643 4534 comperta
2676 4462 3034 4532 superatione
3068 4459 3468 4518 Romanorum,
3517 4455 3620 4506 Ar-

2043 4559 2279 4614 meniam
2342 4557 2616 4611 Arabibus
2673 4554 2944 4617 tradidit,
3005 4561 3059 4606 et
3111 4549 3359 4617 subjecta
3409 4554 3496 4600 est
3541 4544 3624 4598 eis

2041 4649 2534 4713 interior-Persis,
2589 4663 2712 4716 qua:
2752 4645 2959 4699 dicitur
3005 4643 3267 4698 Cherasa.
3331 4640 3397 4694 Et
3445 4637 3623 4692 oritur

2039 4744 2242 4799 ibidem
2295 4741 2584 4796 insidiator
2641 4737 2863 4792 nomine
2909 4735 3190 4796 Sabinus,
3255 4731 3350 4801 qui
3413 4730 3622 4784 multos

2037 4836 2281 4890 Arabum
2316 4829 2612 4893 interfecit,
2667 4827 2761 4882 sed
2797 4836 2852 4880 et
2895 4825 3074 4894 ipsum
3114 4823 3423 4891 chagauum
3451 4831 3624 4889 prope

2040 4928 2215 4984 modis
2271 4923 2528 4978 omnibus
2583 4920 2638 4974 in
2693 4933 2854 4974 amne
2893 4916 3129 4971 necavit.
3196 4913 3274 4967 Ex
3320 4920 3453 4966 tunc
3491 4923 3624 4980 ergo

2038 5033 2137 5089 per
2189 5014 2428 5084 amplius
2491 5011 2727 5082 Agareni
2789 5005 3068 5064 temerarii
3122 5004 3252 5060 facti
3296 4999 3623 5057 Romaniam

2039 5106 2532 5176 depOpulabautur.

2112 5197 2293 5254 Mundi
2324 5211 2470 5250 anno
2495 5193 2656 5261 6186,
2680 5193 2884 5249 divine
2913 5185 3310 5248 incarnationis
3334 5196 3478 5236 anno
3493 5179 3621 5238 686.

2043 5305 2188 5344 anno
2219 5303 2348 5343 vero
2395 5287 2608 5358 imperii
2640 5283 2934 5341 Iustiniani
2963 5283 2997 5338 9
3044 5277 3350 5334 Callinicus
3391 5271 3625 5327 habetur

2041 5377 2690 5447 Constantinopolitanus
2727 5375 2984 5439 antistes,
3040 5369 3135 5441 qui
3172 5366 3241 5421 12
3275 5362 3492 5435 praefuit
3521 5376 3621 5416 an—

2042 5467 2131 5522 nis
2185 5467 2468 5522 Ecclesize.
2521 5464 2638 5521 Iioc
2687 5466 2851 5519 etiam
2888 5475 3037 5516 anno
3081 5456 3320 5513 defectio
3359 5464 3443 5510 est
3487 5452 3624 5509 solis

2043 5561 2235 5615 effecta
2267 5560 2398 5615 hora
2425 5559 2531 5614 diei
2560 5558 2742 5622 tertia,
2776 5557 2852 5612 ita
2889 5565 2948 5610 ut
2979 5551 3229 5621 quedam
3261 5549 3423 5602 clara:
3447 5543 3619 5602 stella:

2045 5661 2318 5724 parerent.
2346 5649 2410 5708 Et
2442 5649 2744 5706 exercitum
2791 5647 2962 5703 movit
3001 5640 3246 5700 Moamed
3280 5647 3469 5698 contra
3502 5639 3609 5694 ito-
