3978 6212
366 197 503 264 1339

1460 189 1863 253 ANASTASII
1903 187 2536 252 BIBLIOTHECABH

3515 188 3651 254 13m

364 315 607 371 maniam
637 311 851 366 habens
870 322 1056 364 secum
1092 306 1356 377 profugos
1385 304 1612 359 Sclavos
1644 311 1833 373 utpote
1852 316 1949 357 ex-
1974 300 2027 361 Α
2052 300 2323 371 agendum
2348 302 2419 359 ab
2460 303 2593 358 urbe
2626 311 2808 357 motus
2851 303 3084 359 statione
3127 304 3234 358 lixa
3269 305 3391 360 vale
3425 306 3651 365 dicet-at

365 413 547 477 portes
581 402 882 463 Romaniae,
930 408 986 455 et
1020 398 1227 454 multos
1260 396 1421 452 duxit
1458 396 1734 465 captivos.
1777 390 1950 448 Porro

364 493 714 548 Justinianus
742 487 1088 559 diligentiam
1120 489 1271 544 circa
1307 486 1497 555 palatii
1527 485 1738 541 habens
1776 497 1949 553 nego-

369 583 440 637 tia
477 580 789 638 construxit
827 579 1326 648 triclinium,quod
1365 577 1661 634 hstiuiani
1695 586 1947 641 vocatur,

366 674 767 743 constituitque
787 672 1130 743 Stephanum
1148 671 1402 735 Persam,
1424 671 1770 727 sacellarium
1787 686 1949 727 suum

367 776 423 823 cl
445 767 754 838 spadonum
786 767 1057 837 primum,
1085 766 1369 821 dominum
1399 775 1453 819 et
1472 764 1762 829 arbitrum,
1792 763 1953 819 nimis

367 861 722 918 insidiantem
750 860 1007 931 sanguini
1050 870 1217 929 atque
1246 857 1554 923 crudelem,
1587 856 1677 926 qui
1709 855 1955 910 immise-

371 951 666 1006 ricorditer
692 951 997 1005 exteriores
1026 963 1281 1019 quosque
1330 946 1646 1013 verberare,
1684 946 1779 1002 sed
1806 955 1861 1003 et
1888 946 1960 1001 la-

374 1043 562 1113 pidare
597 1056 707 1099 tam
741 1044 891 1113 ipsos
914 1057 1079 1113 quam
1107 1043 1301 1096 horum
1335 1039 1715 1111 prmlatos(7l)
1740 1040 1958 1110 penitus

377 1150 486 1189 non
516 1135 798 1191 cessabat.
824 1133 1074 1204 Cumque
1113 1133 1412 1202 imperator
1440 1132 1677 1201 quadam
1709 1131 1801 1186 die
1829 1144 1957 1201 pro-

372 1226 551 1284 fectus
611 1227 831 1291 fuisset,
879 1225 1231 1296 praesumpsit
1279 1226 1513 1295 agrestis
1552 1224 1646 1278 illa
1683 1224 1857 1279 bestia
1904 1231 1962 1277 et

372 1330 608 1376 matrem
645 1336 866 1390 quoque
910 1320 1084 1387 ipsius
1132 1318 1482 1373 Anastasiam
1526 1317 1826 1386 Augustam
1865 1315 1962 1369 ha-

372 1413 531 1468 benis
560 1427 714 1466 morc
744 1411 895 1482 pueri
924 1410 1226 1480 tiagellare.
1257 1412 1318 1464 in
1351 1410 1437 1465 his
1465 1417 1646 1463 autem
1676 1416 1734 1462 et
1757 1409 1810 1462 iu
1838 1421 1955 1462 om-

379 1521 502 1559 nem
535 1504 756 1559 civilem
790 1505 1007 1575 capiam
1047 1503 1237 1558 multis
1272 1503 1433 1557 malis
1460 1503 1701 1559 ostensis
1734 1516 1958 1556 exosum

379 1596 512 1651 fecit
546 1596 769 1652 cunctis
805 1597 1218 1666 imperatorem.
1250 1594 1519 1651 Similiter
1555 1603 1611 1651 et
1641 1596 1696 1649 in
1728 1604 1956 1666 genera-

378 1690 445 1745 lis
474 1690 763 1759 logothesii
795 1690 963 1745 rebus
976 1690 1268 1746 constituit
1287 1689 1615 1745 monachum
1643 1690 1956 1760 quemdam,

378 1781 731 1840 Theodorum
762 1783 1006 1848 nomine,
1046 1784 1141 1853 qui
1179 1782 1334 1851 prius
1378 1782 1665 1837 inclausus
1695 1781 1873 1836 fuerat
1906 1781 1960 1836 iu

377 1871 799 1931 Thracensibus
823 1870 1042 1944 angusti
1074 1874 1347 1944 partibus,
1393 1874 1489 1930 sed
1537 1883 1592 1928 et
1639 1873 1820 1944 ipsum
1855 1889 1960 1928 sae-

377 1967 666 2023 vissimum
695 1973 749 2023 et
777 1966 1055 2022 crudelem
1082 1967 1310 2021 nimium
1330 1967 1711 2031 exsisteutem,
1729 1967 1823 2038 qui
1851 1968 1963 2039 plu-

378 2062 552 2115 rimos
575 2058 892 2129 reipublicae
922 2059 1202 2130 principes
1239 2068 1296 2114 et
1331 2059 1579 2115 illustres
1619 2059 1793 2125 viros,
1852 2074 1962 2116 non

380 2161 595 2207 tantum
626 2168 693 2209 ex
719 2152 1135 2208 ordinatoribns
1173 2153 1271 2207 sed
1321 2164 1387 2206 ex
1427 2151 1586 2207 urbis
1636 2151 1966 2207 habitatori-

381 2245 507 2311 bus,
542 2243 750 2300 frustra
774 2252 830 2300 et
860 2245 916 2299 in
945 2259 1148 2300 vanum
1173 2255 1225 2299 et
1247 2244 1699 2300 inexcusabiliter
1723 2243 1966 2299 exactio-

380 2353 481 2393 nes
525 2348 581 2393 et
636 2336 953 2394 functiones
985 2353 1055 2394 ex
1096 2338 1505 2407 proscriptione
1553 2337 1839 2392 exsolvere
1887 2336 1966 2391 fa-

380 2430 536 2484 ciens
581 2429 925 2499 l'unibusque
970 2430 1072 2485 hos
1103 2431 1452 2499 suspendens
1485 2429 1768 2498 palearum
1815 2427 1967 2483 fumo

381 2518 682 2575 alliciebat.
716 2518 948 2590 Insuper
989 2530 1045 2576 et
1095 2522 1409 2591 praefectus.
1445 2521 1796 2590 imperatoria
1843 2520 1967 2591 jus-

383 2608 538 2661 sione
569 2608 845 2676 plurimos
875 2608 1026 2663 viros
1048 2611 1367 2665 carceribus
1394 2610 1616 2666 tradens
1640 2625 1738 2680 per
1758 2611 1967 2681 aliquot

383 2709 563 2750 annos
588 2698 797 2751 servari
826 2698 1130 2752 mandavit.
1156 2697 1282 2753 Haec
1316 2700 1503 2754 omnia
1537 2714 1790 2755 crescere
1822 2700 1968 2756 fece-

383 2797 516 2841 runt
570 2786 759 2843 odium
804 2789 993 2860 populi
1036 2791 1181 2845 circa
1233 2792 1645 2860 imperatorem.
1697 2792 1968 2850 Prmterea

384 2879 687 2950 imperator
706 2880 958 2952 exigebat
981 2898 1011 2936 a
1033 2881 1301 2939 Callinico
1324 2884 1635 2952 patriarcha
1661 2886 1965 2942 orationem

2053 396 2268 462 amicis,
2321 394 2417 466 qui
2468 392 2535 449 ad
2585 410 2644 451 se
2691 395 3012 451 veniebant.
3060 395 3210 452 inter
3239 414 3383 467 qttos
3417 401 3489 453 ad
3521 416 3643 456 eum

2056 503 2255 543 venere
2282 488 2528 558 germani
2558 503 2778 558 quoque
2807 487 3025 543 Sodales
3068 488 3213 559 ejus,
3252 489 3469 545 Paulus
3503 497 3649 547 sciti-

2054 587 2143 635 eet
2195 578 2499 636 monachus
2549 579 2876 643 Callistrati,
2930 579 3023 650 qui
3059 590 3114 636 et
3158 570 3563 652 astronomus,
3596 594 3651 639 tt

2055 669 2323 743 Georgius
2361 671 2678 742 Cappadox,
2733 673 2826 742 qui
2860 680 2914 727 et
2955 673 3297 729 clusiarebes
3328 676 3646 739 exstiterat,

2056 763 2253 818 deinde
2281 767 2587 819 monachus
2618 763 2796 819 {actus
2819 772 2875 819 et
2899 764 3241 834 hegumenus
3271 764 3451 827 Flori,
3476 768 3572 837 qui
3598 768 3660 822 in

2057 852 2308 910 custodia
2343 854 2691 926 fregucmius
2742 858 2898 912 illum
2949 857 3241 914 visitantes
3290 859 3651 917 affirmabant

2058 960 2182 1001 eum
2234 947 2619 1018 imperatorem
2667 946 3037 1003 Romanorum
3088 948 3365 1005 futurum.
3413 952 3489 1006 At
3525 969 3663 1008 vero

2060 1035 2322 1093 Leontius
2354 1038 2495 1093 dixit
2533 1037 2599 1092 ad
2627 1054 2723 1094 eos
2753 1056 2769 1093 :
2813 1038 2914 1095 Vos
2948 1050 3151 1094 certum
3181 1043 3236 1095 in
3274 1044 3529 1099 custodia
3557 1062 3649 1100 su-

2059 1142 2152 1197 per
2194 1130 2416 1201 imperio
2438 1146 2518 1185 me
2562 1130 2787 1199 fecistis,
2837 1142 2886 1186 et
2917 1149 3055 1186 nunc
3100 1134 3210 1188 vita
3238 1151 3351 1189 mea
3391 1138 3446 1190 in
3485 1139 3647 1191 malis

2062 1225 2272 1292 ﬁnitur,
2323 1224 2654 1293 postmodum
2695 1227 2887 1295 quippe
2938 1242 3107 1280 meam
3152 1245 3238 1282 ero
3265 1245 3355 1296 per
3390 1230 3647 1300 singulas

2062 1318 2221 1372 horas
2270 1319 2583 1387 prn‘slolans
2643 1328 2882 1374 mortem.
2918 1320 3023 1386 Qui
3071 1320 3369 1376 dixerunt:
3410 1322 3531 1392 Ipse
3569 1341 3639 1379 ne

2062 1412 2352 1481 pigriteris,
2377 1420 2425 1465 et
2455 1411 2552 1464 hoc
2574 1413 2816 1481 protinus
2850 1412 3197 1482 adimplelur.
3234 1416 3371 1467 Audi
3405 1433 3496 1469 nos
3520 1426 3637 1470 tan-

2066 1514 2205 1575 tum,
2250 1513 2299 1556 et
2340 1520 2554 1573 sequere
2600 1520 2715 1558 nos.
2750 1503 2812 1557 Et
2845 1506 3146 1573 assumptis
3178 1504 3443 1561 Leontius
3468 1508 3645 1563 homi-

2068 1594 2232 1648 nibus
2258 1593 2395 1658 suis,
2437 1602 2493 1648 et
2539 1594 2709 1648 armis
2740 1601 3010 1662 quotquot
3053 1591 3275 1658 habuit,
3314 1597 3559 1651 ascendit
3588 1598 3645 1652 iu

2039 1686 2381 1754 'praztorium
2417 1684 2637 1739 silentio
2665 1685 2878 1750 multo;
2907 1696 2960 1739 et
2985 1684 3274 1755 pulsantes
3305 1699 3523 1758 portam
3555 1691 3656 1743 im-

2062 1784 2372 1847 peratorem
2415 1776 2634 1831 venisse
2668 1775 2944 1847 fingebant
2977 1778 3045 1831 ad
3078 1777 3458 1846 disponendos
3487 1798 3661 1855 quos-

2063 1867 2213 1933 dam,
2244 1868 2338 1939 qui
2373 1867 2484 1923 illic
2511 1883 2636 1923 esse
2670 1882 3054 1926 noscerentur.
3093 1868 3347 1942 Cumque
3384 1874 3489 1928 hoc
3523 1892 3665 1929 nun-

2064 1958 2259 2014 tiatum
2288 1957 2484 2015 fuisset
2505 1957 2781 2029 praefecto,
2814 1961 2910 2029 qui
2945 1968 3079 2016 tunc
3103 1974 3223 2018 erat
3248 1974 3304 2018 et
3328 1965 3418 2020 ille
3441 1968 3664 2022 concite

2064 2051 2307 2106 venisset
2336 2057 2391 2105 et
2414 2061 2599 2120 portas
2631 2052 2967 2120 aperuisset,
3002 2056 3220 2124 capitur
3248 2072 3280 2110 a
3311 2056 3572 2122 Leontio,
3609 2067 3671 2112 et

2066 2144 2242 2214 alapis
2273 2157 2451 2199 caesus
2483 2142 2684 2213 ligatur
2711 2156 2906 2198 utanus
2932 2154 2986 2200 et
3010 2145 3203 2214 pedes.
3234 2146 3536 2220 Ingressus
3571 2166 3667 2204 au-

2064 2247 2174 2291 tem
2225 2234 2518 2300 Leontius,
2552 2243 2607 2288 et
2641 2234 2958 2291 carceribus
3005 2241 3290 2300 reseratis,
3352 2243 3667 2313 solutisque

2068 2329 2199 2384 viris
2249 2328 2485 2383 retrusis
2544 2327 2731 2381 multis
2761 2335 2815 2381 et
2869 2326 3131 2391 fortibus,
3186 2332 3281 2401 qui
3332 2348 3428 2387 sex
3461 2345 3518 2388 et
3544 2348 3668 2389 octo

2068 2421 2232 2477 annis
2265 2421 2319 2476 in
2351 2420 2591 2476 vinculis
2647 2420 2893 2489 fuerant,
2933 2439 3167 2492 quorum
3216 2426 3407 2495 plures
3461 2428 3677 2483 milites

2067 2525 2248 2576 erant,
2302 2514 2403 2568 hos
2457 2514 2714 2580 armavit,
2753 2514 2896 2569 etin
2938 2514 3114 2569 forum
3174 2516 3347 2572 exivit
3396 2533 3533 2572 cum
3592 2523 3677 2575 eis

2067 2605 2316 2660 clamans
2354 2624 2367 2659 :
2402 2602 2672 2674 Quotquot
2725 2604 3039 2670 Christiani,
3073 2607 3143 2659 ad
3170 2604 3230 2662 S.
3269 2607 3562 2677 Sep/tiam.
3601 2608 3679 2665 Et

2072 2696 2299 2751 mittens
2351 2714 2447 2768 per
2502 2713 2721 2752 omnem
2776 2699 3042 2769 regionem
3088 2716 3223 2755 voce
3268 2717 3370 2755 sua
3407 2703 3689 2758 clamare-

2073 2787 2349 2859 praecepit.
2378 2786 2672 2842 Multitudo
2703 2803 2834 2843 vero
2871 2789 3104 2845 civitatis
3136 2794 3484 2845 tumultuata
3522 2795 3673 2849 cele-

2075 2882 2208 2934 riter
2232 2880 2298 2934 ad
2329 2878 2560 2935 luterem
2592 2881 2842 2935 ecclesiae
2874 2891 3205 2952 congregata
3234 2892 3343 2938 est.
3385 2883 3509 2953 lpsc
3542 2902 3674 2940 vero

385 2971 649 3042 faciendi,
688 2980 749 3029 ut
789 2975 1100 3031 destrueret
1130 2977 1423 3033 ecclesiam
1455 2988 1663 3035 sancta:
1692 2979 1784 3036 Dei
1804 2980 1967 3036 Geni.
1998 2986 2043 3050 ε
2076 2989 2199 3059 cum
2240 2973 2458 3027 duobus
2497 2974 2783 3029 monachis
2834 2974 3031 3029 amicis
3067 2975 3187 3030 suis
3228 2985 3285 3029 et
3330 2976 3668 3042 quibusdam

386 3066 570 3129 tricis,
608 3082 731 3138 quae
762 3067 1131 3138 metropolita:
1162 3069 1472 3137 dicebatur,
1515 3070 1673 3140 juxta
1709 3074 1971 3142 palatium

386 3158 575 3223 sitam,
599 3161 791 3215 volens
827 3160 881 3213 in
915 3161 1039 3214 loco
1068 3160 1266 3214 sistere
1297 3160 1539 3229 phialam
1568 3171 1623 3216 et
1656 3162 1817 3219 bases
1840 3179 1974 3218 cou-

386 3257 602 3303 strucre
622 3250 766 3321 vulgi
805 3250 1162 3314 Venetorum,
1196 3258 1256 3303 ut
1298 3252 1409 3305 illic
1439 3254 1825 3320 imperatorem
1859 3270 1978 3312 sus-

387 3342 656 3410 ciperent.
699 3342 767 3394 At
831 3356 964 3396 vero
993 3342 1311 3413 patriarcha
1350 3343 1573 3398 dicebat
1611 3363 1625 3400 :
1667 3343 1976 3403 Orationem

383 3429 597 3501 quidem
660 3431 731 3484 ad
781 3431 1122 3487 statuendam
1172 3435 1451 3489 ecclesiam
1482 3435 1756 3504 habemus,
1793 3442 1847 3495 in
1888 3444 1981 3497 de-

388 3523 739 3576 structionem
772 3539 895 3579 vero
922 3525 1158 3580 ecclesia
1197 3542 1302 3580 non
1336 3529 1685 3596 suscepimus.
1733 3529 1978 3602 Cogentc

390 3624 571 3671 autem
631 3630 757 3673 eum
815 3618 1170 3689 imperatore,
1228 3628 1284 3676 et
1338 3624 1675 3681 omnimodis
1726 3627 1980 3695 exigente

389 3708 722 3776 orationem,
774 3708 914 3764 dixit
955 3711 1272 3781 patriarcha
1313 3732 1326 3768 :
1364 3712 1551 3770 Gloria
1598 3714 1704 3772 Deo
1768 3719 1859 3788 qui
1888 3719 1982 3788 ju-

393 3800 529 3869 giter
557 3801 827 3855 sustinens
854 3802 1084 3871 patitur,
1118 3818 1260 3857 nunc
1289 3813 1338 3858 et
1372 3821 1577 3876 semper
1601 3817 1651 3862 et
1692 3809 1747 3862 in
1782 3808 1982 3864 uacula

388 3888 732 3946 surculorum.
762 3891 950 3947 Amen.
995 3892 1116 3960 Quo
1164 3894 1355 3949 audito
1388 3896 1781 3953 dcstruxcrunt
1807 3902 1982 3956 eccle-

391 3979 531 4033 siam
563 3987 617 4035 et
651 3979 902 4036 fecerunt
927 3982 1188 4053 phialam.
1218 3982 1394 4039 Porro
1421 3985 1534 4055 jam
1569 3987 1774 4042 dictam
1807 3989 1983 4045 cccle-

391 4072 532 4128 siam
574 4075 939 4145 metropolitze
971 4073 1221 4130 fecerunt
1257 4078 1405 4147 apud
1439 4076 1645 4133 Petrin.

461 4164 625 4220 Anno
676 4166 895 4235 imperii
948 4164 1249 4222 Justiuiaui
1304 4168 1522 4225 decimo
1562 4170 1737 4226 aciem
1783 4172 1984 4228 direxit

393 4254 945 4314 Muamcdadversus
978 4268 1229 4327 quartam
1272 4261 1615 4327 Armeniam,
1646 4271 1700 4318 et
1733 4265 1980 4335 captiva-

2073 3079 2138 3119 ex
2172 3062 2500 3119 clarioribus
2528 3065 2681 3128 viris,
2727 3064 2820 3134 qui
2863 3080 2930 3120 ex
2969 3064 3222 3122 custodia
3263 3076 3390 3121 sunt
3430 3069 3670 3137 egressi,

2077 3153 2472 3226 palriarcltiutn
2521 3153 2772 3209 ascendit
2822 3154 2889 3208 ad
2926 3155 3319 3225 patriarcbam.
3365 3154 3668 3210 Invenietis

2078 3256 2260 3301 autem
2289 3255 2344 3301 et
2370 3248 2548 3316 ipsum
2587 3255 2811 3318 propter
2840 3246 2932 3301 illa
2974 3262 3097 3317 quae
3129 3247 3284 3315 jussa
3314 3255 3442 3300 sunt
3479 3249 3666 3316 patri-

2081 3339 2167 3394 cio
2199 3336 2480 3408 Stephano
2509 3336 2653 3393 Rufo
2680 3338 2986 3403 turbatum,
3018 3339 3314 3407 persuadet
3342 3347 3394 3391 et
3424 3338 3668 3393 descen-

2080 3430 2211 3485 dere
2241 3429 2307 3483 ad
2340 3429 2588 3491 laterem,
2619 3437 2675 3482 et
2706 3430 2948 3483 clamare
2992 3429 3075 3484 sic
3110 3448 3125 3485 :
3161 3428 3290 3483 ΙΙαό
3342 3428 3455 3482 dies
3506 3446 3687 3492 quam

2081 3526 2206 3595 fecit
2240 3524 2518 3578 Dominus.
2564 3521 2832 3578 Universa
2861 3539 2990 3577 vero
3016 3522 3315 3577 multitudo
3347 3522 3680 3579 levaverunt

2082 3629 2271 3669 vocem
2306 3632 2320 3669 :
2353 3612 2699 3684 E/fodiantur
2741 3630 2864 3667 ossa
2896 3609 3229 3677 Iustiniani,
3262 3621 3318 3668 et
3353 3614 3428 3667 ita
3462 3614 3520 3668 in
3550 3613 3680 3684 hip-

2085 3707 2431 3778 podromium
2464 3707 2645 3761 omnis
2680 3704 2928 3761 cucurrit
2962 3706 3219 3776 pepulus.
3257 3706 3517 3777 Cumque
3557 3707 3685 3761 dies

2084 3799 2227 3855 facta
2286 3796 2502 3861 fuisset.
2536 3799 2776 3854 educunt
2820 3794 3195 3854 JuStiniauum
3249 3799 3304 3852 in
3354 3799 3683 3870 hippodro-

2087 3892 2279 3955 mium,
2338 3905 2583 3961 nasoque
2632 3890 2808 3960 ipsius
2845 3898 2901 3945 et
2944 3888 3130 3962 lingua
3186 3892 3367 3946 recisa
3422 3893 3679 3946 exsulem

2088 3984 2298 4041 faciunt
2354 3984 2497 4056 apud
2553 3982 2915 4039 Cltersonam.
2982 3983 3155 4039 Porro
3200 3984 3685 4054 comprehensum

2088 4079 2249 4134 turba
2286 4077 2630 4133 Theodotum
2666 4079 2995 4131 monachum
3059 4084 3114 4130 et
3166 4076 3485 4147 generalem
3537 4078 3684 4145 logo-

2085 4170 2288 4226 thetam
2320 4178 2484 4240 atque
2498 4168 2835 4239 Stephanum
2867 4166 3213 4222 sacellarium
3240 4166 3499 4234 Persam,
3531 4166 3683 4222 funi-

2088 4263 2301 4331 busque
2331 4269 2635 4316 retrorsum
2668 4260 2768 4314 hos
2808 4260 3004 4330 ligatos
3044 4258 3273 4313 trahunt
3302 4272 3402 4325 per
3433 4256 3679 4313 mediam

391 4349 466 4403 tis
523 4348 714 4403 multis
762 4362 1022 4405 reversus
1052 4358 1160 4405 est.
1194 4350 1398 4405 Eodem
1435 4369 1660 4424 quoque
1700 4371 1846 4411 anno
1882 4355 1980 4411 Ju-
2006 4343 2059 4404 D
2086 4357 2345 4427 plateam,
2381 4360 2433 4408 et
2465 4353 2530 4408 ad
2566 4353 2757 4407 bovem
2798 4351 3066 4406 deductos
3098 4349 3497 4415 incenderunt,
3528 4361 3583 4405 et
3608 4352 3680 4402 ita

392 4442 669 4498 stinianus
696 4443 767 4498 ab
792 4443 1026 4513 imperio
1068 4444 1265 4513 pulsus
1307 4454 1392 4501 est
1438 4447 1541 4501 hoc
1587 4448 1772 4503 modo.
1806 4447 1979 4505 Jussit

392 4532 678 4605 Stephano
724 4536 958 4605 patricio
990 4546 1044 4591 et
1089 4535 1346 4606 praetori,
1383 4549 1749 4607 cognomento
1794 4539 1977 4606 Rullo,

392 4638 561 4683 noctu
600 4629 914 4686 interficere
959 4631 1158 4700 vulgus
1207 4631 1905 4701 Constantinopolitanum,
1949 4652 1979 4691 a

395 4720 709 4788 patriarcha
756 4722 1102 4777 inchoaturo.
1158 4721 1423 4779 Leontius
1448 4738 1579 4778 vero
1624 4724 1892 4795 patricius
1927 4737 1982 4781 et

392 4811 673 4882 quondam
729 4814 992 4883 magister
1031 4814 1267 4869 militum
1327 4813 1715 4880 Orientalium.
1773 4819 1865 4887 qui
1923 4818 1976 4873 in

394 4904 559 4962 bellis
584 4920 729 4977 sarpe
756 4908 1121 4977 probabiliter
1154 4916 1401 4979 gesserat
1439 4914 1495 4964 et
1541 4917 1652 4965 tres
1709 4910 1764 4965 in
1802 4920 1983 4968 custo-

394 4997 486 5055 dia
517 5005 861 5069 transegerat
881 5014 1055 5055 annos
1084 5009 1403 5066 accusatus,
1445 5002 1723 5074 extemplo
1757 5018 1981 5060 revoca-

392 5104 488 5154 tus
508 5102 566 5152 et
589 5101 788 5164 praetor
822 5090 1064 5147 Helladis
1096 5105 1384 5163 promotus
1415 5105 1499 5151 est
1525 5114 1538 5148 :
1568 5094 1762 5166 jussus
1797 5108 1978 5153 autem

397 5190 484 5242 est
517 5185 572 5241 in
602 5190 716 5241 tres
743 5183 967 5239 immitti
995 5182 1293 5239 dromoncs
1325 5182 1628 5255 eademque
1643 5185 1733 5240 die
1751 5186 1820 5239 ab
1842 5187 1978 5241 urbe

399 5279 627 5336 moveri.
654 5273 828 5334 Nocte
858 5286 991 5332 vero
1021 5288 1189 5347 pen-es
1219 5270 1582 5331 Julianesium
1624 5282 1844 5347 portum
1879 5277 1979 5332 So-

399 5373 560 5439 phiae,
596 5372 753 5442 juxta
783 5388 847 5429 ea
878 5384 1001 5442 quae
1028 5370 1294 5427 dicuntur
1329 5364 1505 5425 Mauri
1536 5366 1725 5435 situm,
1771 5369 1836 5425 ad
1875 5371 1980 5425 iter

2085 4447 2373 4505 Leontium
2412 4447 2801 4517 imperatorem
2829 4440 3218 4500 laudaverunt.

2154 4540 2313 4595 Anno
2366 4539 2585 4609 imperii
2631 4538 2717 4595 sui
2749 4536 2931 4607 primo
2976 4534 3240 4590 Leontius
3272 4552 3404 4590 cum
3445 4550 3684 4606 regnare

2086 4632 2368 4704 coepisset,
2403 4630 2648 4702 undique
2678 4626 2905 4701 pacilioe
2934 4629 3158 4693 mansit,
3190 4629 3491 4699 tribusque
3518 4628 3683 4682 annis

2089 4724 2378 4795 imperium
2409 4725 2572 4779 rexit.

2158 4819 2319 4872 Auno
2350 4815 2564 4886 imperii
2603 4810 2817 4870 Leontii
2868 4816 3111 4872 secundo
3152 4815 3324 4869 movit
3368 4815 3679 4870 exercitum

2089 4906 2385 4966 Senalidus
2429 4908 2483 4963 in
2518 4908 2867 4975 lietuaniam,
2898 4920 2952 4965 et
3004 4909 3189 4964 multis
3220 4906 3415 4964 ductis
3444 4909 3679 4976 Captivis

2091 5017 2346 5057 reversus
2383 5011 2502 5069 est;
2544 5000 2929 5072 seditioneque
2971 5001 3196 5074 Sergius
3237 5002 3550 5064 concitata,
3585 5016 3681 5068 pa—

2091 5094 2286 5149 tricius
2314 5091 2547 5156 Lazicam,
2591 5093 2735 5147 hanc
2764 5094 3038 5148 Arabibus
3069 5093 3274 5150 subdit.

2162 5184 2323 5239 Anno
2352 5199 2483 5239 vero
2508 5183 2723 5253 imperii
2757 5182 2970 5240 Leontii
3002 5184 3165 5237 tertio
3212 5183 3331 5237 acie
3380 5182 3593 5237 Arabes
3623 5183 3675 5233 in

2082 5278 2321 5331 Africam
2354 5284 2500 5329 mola
2519 5274 2661 5329 hanc
2681 5275 3060 5329 obtinuerunt.
3091 5283 3145 5329 et
3168 5291 3233 5329 ex
3261 5277 3495 5346 proprio
3524 5289 3675 5330 exer-

2080 5371 2189 5425 citu
2205 5375 2419 5424 taxatos
2433 5367 2485 5421 in
2504 5368 2845 5438 cajquosdam
2863 5367 3514 5435 constituerunt.Qnibus
3531 5381 3673 5422 eota-

1915 5485 2146 5542 NOTzi'I.

471 5580 585 5657 (:11)
618 5580 894 5657 Prtelalos.
934 5584 1039 5657 Qui
1085 5585 1171 5657 eis
1208 5590 1515 5655 praeerant;
1543 5582 1670 5639 hinc
1701 5583 1950 5657 praelatio
2006 5584 2308 5654 προπαςία
2353 5582 2495 5653 apud
2528 5590 2631 5637 vel.
2673 5581 2770 5636 int.
2812 5581 2972 5651 epist.
3019 5580 3084 5636 ad
3127 5579 3532 5648 Antiocheuos,
3560 5591 3666 5649 qua

402 5649 464 5710 β.
496 5650 711 5722 lgnatio
783 5649 1099 5711 ascribitur.
1131 5649 1295 5711 mea.
