3960 6228
393 177 528 244 13H

1155 181 1524 243 HISTORIA
1563 181 2143 244 ECCLESIASTICA
2165 183 2268 242 EX
2304 184 2787 246 THEOPHANE.

3499 187 3517 250 1
3533 185 3636 247 345’.

386 288 833 353 pertisLeontius
851 289 1292 346 mittitJoannem
1311 292 1954 363 patricium,virumido-
1990 292 2034 347 A
2065 291 2302 348 Abdelas
2354 295 2409 348 in
2455 294 2800 359 llomaniam,
2850 302 3272 366 etgexpugnans
3332 294 3630 352 Tarentum

380 397 571 442 neum,
609 396 732 435 cum
765 381 1018 435 omnibus
1048 373 1323 437 Rotn'aicis
1357 384 1649 438 classibus.
1682 381 1784 448 Qui
1830 399 1954 436 cum

385 471 769 542 Carthaginem
825 473 1181 542 pervenisset,
1228 482 1282 529 et
1315 475 1457 530 bello
1492 483 1741 528 catenam
1769 483 1960 542 portus

386 565 508 637 cjus
525 564 851 634 aperuisset,
884 565 1243 638 inimicosque
1269 567 1323 622 in
1345 567 1522 639 fugam
1555 568 1830 630 vertisset,
1859 567 1960 621 hos

386 655 927 710 viriliterinsecutus
969 657 1223 711 universa
1265 656 1514 711 liberavit
1542 655 1736 710 Africae
1756 661 1957 717 castra,

389 747 709 817 relictisque
741 748 979 818 prepriis
1017 748 1469 803 observatoribus
1506 749 1616 802 haec
1645 748 1959 816 imperatori

391 837 691 908 suggessit,
728 837 1037 908 ibidemque
1061 839 1320 892 hiemavit
1347 837 1651 907 jussionem
1687 837 1964 906 prtestola-

391 941 481 986 tus
527 933 596 984 ab
646 945 733 984 eo.
788 931 854 983 At
885 945 1017 984 vero
1061 929 1509 1002 protosymliolus
1542 928 1629 982 his
1672 927 1966 996 compertis

395 1023 678 1092 cepiosum
697 1031 749 1076 et
767 1021 1124 1090 potentiorem
1149 1021 1412 1075 adversus
1429 1035 1524 1074 eos
1553 1021 1756 1075 stolum
1787 1027 1966 1073 trans-

393 1114 579 1178 mittit,
612 1122 667 1166 et
732 1111 1052 1182 praedictum
1129 1109 1392 1165 Joannem
1452 1126 1574 1165 cum
1622 1110 1762 1164 stolo
1790 1108 1966 1178 ipsius

392 1206 536 1262 bello
565 1219 595 1257 a
632 1211 790 1273 portu
825 1203 1070 1276 depellit,
1104 1213 1157 1258 et
1190 1203 1437 1256 exterius
1469 1201 1741 1255 hostiliter
1787 1209 1967 1254 castra

396 1303 631 1350 metatus
661 1301 744 1348 est
776 1312 788 1348 :
821 1293 1116 1362 praedictus
1146 1309 1274 1346 vero
1293 1291 1532 1346 Joannes
1560 1291 1625 1345 ad
1647 1289 1965 1344 Romaniam

392 1386 696 1457 repedavit,
730 1385 994 1454 majorem
1042 1384 1299 1438 virtutem
1345 1384 1412 1436 ab
1465 1383 1797 1451 imperatore
1828 1381 1972 1433 acci-

392 1494 523 1549 pere
549 1478 760 1542 volens,
794 1486 846 1531 et
874 1477 1024 1530 venit
1067 1491 1239 1545 usque
1274 1474 1339 1544 ad
1372 1472 1611 1535 Cretam,
1669 1472 1967 1542 principem

392 1568 670 1625 aditurus.
713 1563 1004 1621 Exercitus
1049 1574 1232 1620 autem
1284 1580 1380 1634 per
1442 1563 1681 1631 majores
1731 1577 1860 1616 suos
1900 1560 1965 1614 ad

392 1661 784 1730 imperatorem
845 1657 1147 1722 ascendere
1203 1656 1398 1710 nolens
1451 1655 1784 1725 (obtinuerat
1822 1653 1968 1707 enim

393 1769 489 1809 eos
518 1753 685 1806 timor
716 1761 879 1820 atque
918 1747 1197 1817 confusio)
1248 1747 1315 1802 ad
1364 1748 1654 1802 consilium
1707 1760 1828 1802 sese
1871 1761 1969 1800 ne-

395 1846 723 1917 quissimum
752 1842 1003 1898 contulit.
1035 1839 1103 1894 Et
1143 1841 1271 1895 huic
1309 1841 1735 1902 maledixerunt,
1767 1837 1973 1909 eligen-

395 1948 477 1994 tes
507 1939 888 2006 imperatorem
917 1934 1265 2003 Apsimarum
1296 1931 1655 2002 drnngarium
1684 1931 1970 2000 Cibyrata-

398 2043 578 2088 torum
619 2029 763 2100 apud
803 2027 1110 2083 Curiositas
1158 2025 1432 2090 habitum,
1487 2026 1636 2080 hunc
1687 2023 1970 2080 Tiberium

399 2125 768 2180 nominantes.
811 2120 1003 2192 Itaque
1049 2119 1280 2175 Leontio
1314 2117 1460 2190 apud
1498 2117 1967 2187 Constantinopo-

396 2217 490 2273 lim
519 2216 698 2287 poslto
726 2222 780 2270 et
801 2213 1124 2269 Neoresium
1160 2220 1377 2281 portum
1409 2210 1766 2276 emundante,
1802 2208 1976 2263 bubm

401 2311 486 2364 nis
520 2308 691 2378 pestis
737 2305 858 2360 urbi
904 2303 1177 2368 incubuit,
1235 2311 1290 2358 et
1325 2304 1380 2358 in
1420 2312 1653 2374 quatuor
1696 2302 1974 2356 mensibus

401 2401 806 2455 multitudinem
837 2398 1012 2468 plebis
1043 2397 1405 2468 consumpsit.
1443 2394 1606 2451 Venit
1634 2402 1816 2449 autem
1865 2394 1977 2448 Ab-

400 2493 638 2547 simarus
670 2500 776 2543 una
811 2504 934 2543 cum
969 2487 1132 2552 stolo,
1184 2487 1278 2558 qui
1324 2502 1512 2542 secum
1543 2497 1680 2541 erat.
1713 2495 1768 2537 et
1800 2485 1975 2552 appll-

399 2583 513 2638 cnit
542 2597 606 2637 ex
639 2581 872 2636 adverso
899 2579 1142 2633 civitatis
1175 2579 1227 2632 in
1264 2575 1453 2648 Syces.
1499 2575 1600 2630 Per
1632 2576 1973 2645 aliquantum

399 2688 536 2730 sane
582 2672 842 2741 temporis
876 2669 1097 2725 civitate
1148 2668 1378 2740 prodere
1409 2667 1631 2722 nolente
1663 2665 1972 2731 Leontium,

400 2764 639 2837 proditio
674 2761 815 2816 facta
835 2771 920 2817 est
949 2777 1048 2832 per
1084 2760 1417 2830 singularem
1459 2774 1678 2813 murum
1717 2757 1977 2812 Blacher-

401 2873 597 2914 narunt
641 2871 670 2908 a
707 2853 1048 2924 principibus
1077 2851 1306 2914 exteris,
1333 2849 1537 2918 quibus
1566 2849 1746 2902 claves
1771 2847 1973 2902 terreni

401 2951 547 3007 muri
595 2965 715 3003 cum
763 2947 1012 3002 horribili
1063 2946 1419 3014 jurejurando
1454 2945 1676 2998 credita:
1718 2944 1976 2996 fuerant:

404 3043 494 3100 isti
533 3057 771 3110 namque
804 3056 900 3111 per
927 3039 1159 3095 insidias
1191 3037 1534 3091 tradiderunt
1562 3037 1774 3090 urbem.
1806 3033 1981 3087 Porro

401 3134 636 3207 ingressi
673 3132 934 3188 classium
968 3130 1172 3184 milites
1220 3129 1418 3184 civium
1469 3128 1686 3192 domos,
1732 3123 1985 3181 denuda-

401 3236 601 3284 vernnt
631 3227 684 3280 in
713 3224 797 3279 his
835 3223 1167 3278 habitantes.
1201 3222 1271 3275 At
1293 3237 1422 3275 vero
1451 3219 1775 3290 Apsimarus
1802 3216 1981 3271 Leon-

405 3321 538 3376 lium
575 3319 791 3389 quidem
825 3331 959 3372 naso
990 3315 1167 3371 reciso
1203 3315 1259 3369 in
1310 3313 1706 3368 monasterium
1745 3309 1977 3365 Dalmati

404 3413 510 3469 sub
558 3410 808 3467 custodia
864 3406 982 3462 fore
1036 3409 1318 3476 praecepit,
1373 3405 1649 3476 principes
1689 3412 1872 3458 autem
1930 3412 1985 3457 et

404 3506 611 3558 amicos
637 3501 779 3572 ejus,
810 3505 1000 3568 utpote
1032 3497 1450 3552 commorientes
1495 3497 1567 3561 ei,
1615 3511 1790 3550 caesos
1818 3503 1984 3564 atque

403 3590 810 3660 proseriptione
832 3587 1120 3641 damnatos
1137 3585 1336 3640 exsilio
1354 3585 1632 3653 relegavit.
1649 3583 1988 3638 Heraclium—

405 3697 513 3752 que
534 3693 853 3750 germanum
887 3677 1110 3730 fratrem
1143 3689 1327 3736 suum,
1363 3681 1422 3726 ut
1462 3673 1641 3726 virum
1688 3673 1986 3726 vehemen—

406 3785 489 3832 ter
517 3775 796 3836 idoneum,
832 3769 1172 3839 singularem
1217 3779 1503 3838 praetorem
1540 3766 1785 3818 omnium
1837 3771 1988 3818 exte-

405 3869 612 3928 riorum
641 3865 975 3935 equestrium
999 3861 1338 3916 exercituum
1371 3864 1678 3928 promotum
1709 3858 1764 3910 in
1800 3862 1986 3924 partes

407 3957 764 4033 Cappadociae
793 3970 856 4008 ac
906 3954 1291 4008 clausurarum
1325 3951 1636 4005 discurrere
1684 3956 1988 4016 contraque

409 4056 591 4112 hostes
623 4067 809 4106 curam
841 4059 895 4105 et
931 4047 1358 4117 dispositionem
1392 4046 1575 4098 facere
1603 4042 1772 4096 misit.

479 4145 663 4201 Mundi
717 4158 862 4197 anno
909 4140 1072 4206 619-1,
1125 4139 1324 4194 divina:
1384 4133 1788 4192 incarnationis
1844 4148 1988 4188 anno

410 4241 534 4305 69f,
565 4255 710 4293 anno
733 4252 863 4290 vero
895 4232 1110 4303 imperii
1139 4230 1413 4285 Absimari
1440 4227 1637 4299 primo,
1663 4227 1755 4296 qui
1777 4233 1982 4296 septem

409 4334 626 4389 circiter
649 4329 939 4398 imperavit
972 4325 1152 4390 annis,
1178 4324 1539 4377 tumultuatus
1560 4330 1641 4376 est
1665 4321 1984 4376 Abderach-

409 4444 532 4482 man
603 4427 659 4480 in
727 4422 972 4484 Perside,
1010 4426 1064 4473 et
1107 4416 1426 4473 dominatus
1473 4421 1558 4470 est
1594 4414 1666 4482 ei,
1698 4422 1753 4470 et
1797 4430 1984 4486 perse—

408 4528 567 4576 cutus
601 4526 685 4574 est
713 4516 781 4571 ab
816 4515 932 4584 ipsa
962 4511 1194 4580 chagan.

478 4615 638 4666 Anno
668 4607 886 4678 imperii
915 4601 1187 4658 Absimari
1213 4599 1462 4656 secundo
1489 4598 1717 4654 Romani
1751 4615 1846 4669 per
1882 4598 1984 4671 Sy-

411 4704 545 4759 riam
571 4708 940 4771 peragrantes,
964 4705 1019 4749 et
1037 4693 1315 4748 venientes
1336 4707 1509 4762 usque
1526 4691 1593 4745 ad
1617 4689 1986 4755 Samosatum,

411 4804 466 4851 et
516 4793 890 4862 deprtedantes
932 4789 1364 4855 circumquaque
1431 4783 1728 4853 regionem,
1786 4781 1986 4837 multos

411 4883 752 4944 occiderunt,
784 4880 952 4934 millia
984 4879 1238 4934 videlicet
1268 4877 1533 4940 Arabum,
1566 4881 1627 4929 ut
1654 4874 1856 4938 ferunt,
1885 4873 1988 4929 dus

414 4983 592 5040 centa,
627 4973 991 5045 plurimisque
1038 4970 1228 5040 spoliis
1256 4968 1493 5038 sumptis
1535 4973 1589 5021 et
1619 4965 1984 5035 captivatione

414 5067 652 5122 Arabum
686 5064 855 5118 nmlta
887 5062 1092 5118 reversi
1134 5068 1284 5126 sunt,
1318 5060 1520 5113 timore
1554 5070 1754 5128 magno
1789 5056 1842 5110 in
1893 5071 1988 5112 cos

411 5167 648 5230 patrato.

485 5253 643 5305 Anno
690 5247 904 5318 imperii
951 5246 1228 5301 Absimari
1279 5243 1440 5300 tertio
1489 5241 1788 5298 exercitum
1824 5244 1992 5298 movit

2005 4295 2064 4352 Ι)

2061 386 2307 455 nihilque
2361 386 2651 456 proficiens
2687 387 2879 448 rediit,
2929 403 2990 441 ac
3042 388 3331 442 aedificavit
3381 388 3632 459 Mopsuc-

2063 477 2248 544 stiam,
2287 487 2338 530 et
2367 479 2549 547 posuit
2579 479 2632 532 in
2664 495 2724 532 ea
2758 479 3034 534 custodes.

2134 567 2294 622 Anno
2354 570 2568 639 imperii
2618 570 2892 625 Absimari
2941 578 3139 639 quarto
3186 567 3399 624 Baanes
3434 585 3639 636 cogno—

2065 671 2252 716 mento
2299 659 2634 730 Eptademon
2697 670 2950 730 quartam
3011 661 3322 715 Armeniam
3367 661 3638 716 Arabibus

2066 752 2330 806 subdidit.
2358 753 2682 807 Absimarns
2705 768 2836 807 vero
2867 751 3253 823 Pliilippicum,
3284 752 3451 805 filium
3478 749 3638 805 Nice-

2066 843 2224 913 phori
2276 845 2514 913 patricii,
2563 844 2616 899 in
2659 843 3062 914 Cephalleniam
3111 845 3354 897 exsulem
3393 843 3539 896 misit
3585 851 3642 895 ut

2068 935 2372 1004 imperandi
2407 937 2624 990 somnio
2653 935 3023 990 venundatum
3061 951 3074 988 :
3109 934 3555 990 asscrebatcnim
3585 949 3643 987 se

2070 1027 2122 1082 in
2157 1029 2367 1083 somnis
2397 1028 2600 1084 vidisse
2634 1030 2782 1098 quod
2819 1038 2986 1098 caput
3026 1045 3185 1083 suum
3219 1028 3644 1082 obumbraretur

2070 1121 2140 1174 ab
2170 1121 2375 1190 aquila.
2409 1119 2619 1187 Quibus
2645 1121 2944 1192 imperator
2977 1121 3183 1176 auditis
3216 1119 3363 1174 hunc
3390 1119 3644 1190 protinus

2069 1215 2262 1268 exsilio
2295 1213 2589 1285 relegavit.’

2141 1305 2304 1357 Anno
2339 1305 2551 1374 imperii
2582 1304 2856 1360 Absimari
2888 1305 3083 1374 quinto
3109 1304 3432 1358 seditionem
3459 1303 3647 1356 conci-

2073 1401 2329 1447 taverunt
2383 1393 2658 1464 principes
2707 1395 2977 1450 Armenia:
3011 1404 3202 1450 contra
3239 1394 3567 1454 Saracenos.
3593 1404 3646 1447 et

2071 1498 2167 1539 eos
2196 1485 2288 1554 qui
2341 1494 2497 1538 erant
2535 1486 2588 1539 in
2626 1486 2884 1541 Armenia
2935 1494 3308 1555 peremerunt.
3344 1495 3396 1540 et
3445 1485 3644 1538 iterum

2076 1576 2140 1630 ad
2168 1576 2516 1632 Absimarunt
2568 1576 2812 1641 mittunt,
2864 1585 2919 1632 et
2970 1575 3245 1630 Romanos
3281 1578 3334 1630 in
3368 1577 3644 1642 regionem

2075 1683 2230 1723 suam
2261 1669 2562 1724 adducunt.
2605 1669 2778 1722 Porro
2825 1666 3067 1723 Muamed
3099 1669 3217 1721 acie
3264 1669 3526 1721 adversus
3553 1681 3648 1720 eos

2074 1758 2280 1814 directa
2337 1762 2541 1814 multos
2593 1760 2816 1824 occidit,
2876 1769 2930 1816 et
2983 1761 3296 1815 Armeniam
3357 1759 3650 1812 Saracenis

2074 1851 2370 1914 submittit,
2410 1853 2818 1922 Optimatesqtte
2858 1854 3242 1906 Armeniorum
3283 1851 3646 1905 euacervatim

2075 1943 2131 1998 in
2173 1945 2427 2000 unoloco
2473 1946 2721 2000 viventes
2748 1945 3010 2000 incendit.
3047 1945 3149 1999 Per
3175 1944 3317 1998 idem
3349 1960 3477 1997 vero
3508 1953 3651 1997 tem-

2072 2048 2179 2104 pus
2207 2036 2508 2089 exercitum
2557 2037 2728 2090 movit
2760 2037 2902 2090 Azar
2933 2037 2986 2090 in
3021 2036 3264 2091 Ciliciam
3300 2051 3423 2090 cum
3460 2035 3647 2089 decem

2075 2125 2354 2190 millibus;
2398 2129 2487 2183 cui
2553 2144 2678 2184 cum
2734 2131 2929 2185 obvius
2985 2131 3318 2184 occurrisset
3369 2128 3652 2182 Heraclius

2076 2216 2250 2274 frater
2277 2221 2648 2292 imperatoris,
2684 2221 2950 2292 plurimos
3007 2237 3196 2275 eorum
3249 2220 3478 2284 occidit,
3517 2219 3657 2274 resi-

2075 2309 2214 2367 duos
2243 2328 2375 2367 vero
2405 2312 2620 2367 vinctos
2657 2313 2972 2382 imperatori
3009 2312 3335 2367 transmisit.

2149 2405 2310 2460 Anno
2330 2405 2545 2474 imperii
2579 2405 2854 2459 Absimari
2881 2415 3035 2459 sexto
3055 2403 3258 2457 Azidns
3284 2402 3458 2459 Cunei
3482 2402 3651 2455 aciem

2077 2507 2267 2554 contra
2323 2495 2571 2550 Ciliciam
2633 2497 2824 2563 movit,
2881 2511 3312 2565 expugnansque
3371 2493 3514 2548 Sisvi
3563 2511 3657 2545 ca-

2079 2600 2350 2646 strum....
2383 2588 2672 2644 Heraclius
2714 2589 3062 2659 imperatoris
3100 2587 3270 2641 frater
3299 2588 3562 2650 obtinuit,
3603 2593 3657 2639 et

2077 2680 2278 2737 bellum
2321 2681 2374 2735 in
2403 2696 2528 2735 eum
2563 2693 2854 2750 aggressus
2895 2678 3133 2732 Arabum
3167 2676 3454 2731 duoderim
3487 2674 3654 2728 millia

2079 2783 2267 2848 necat.
2307 2771 2515 2828 Interea
2567 2773 2914 2828 Justinianus
2955 2787 3078 2825 cum
3117 2787 3282 2840 penes
3320 2770 3655 2824 Chersonam

2079 2867 2304 2934 degeret
2334 2875 2390 2919 et
2422 2881 2482 2920 se
2514 2867 2708 2920 iterum
2755 2864 3152 2934 imperaturum
3181 2863 3540 2917 concinnatus
3567 2862 3661 2913 de-

2007 2955 2051 3016 C
2085 2958 2387 3022 nuntiaret,
2419 2957 2619 3011 accolaa
2640 2956 2887 3010 locorum
2914 2955 3232 3011 corumdem
3263 2955 3556 3009 discrimen
3595 2971 3660 3007 ex

2087 3048 2316 3118 imperio
2339 3047 2633 3118 provenire
2676 3055 3006 3111 metuentes,
3041 3046 3314 3101 consiliati
3350 3055 3478 3099 sunt
3513 3046 3661 3098 hunc

2088 3139 2393 3194 interficere
2431 3139 2514 3193 vel
2559 3150 2708 3193 certe
2753 3139 3070 3208 imperatori
3107 3139 3504 3194 transmittere.
3542 3137 3659 3208 Ipse

2085 3245 2215 3286 vero
2247 3245 2366 3285 cum
2404 3229 2456 3283 id
2504 3230 2790 3294 sensisset,
2838 3229 3014 3298 potuit
3064 3228 3320 3297 ell‘ugere,
3393 3237 3446 3281 et
3491 3227 3662 3280 Daras

2086 3322 2276 3377 adiens
2315 3321 2682 3376 Chazarorum
2726 3336 2784 3376 se
2824 3321 3072 3390 poposcit
3117 3321 3346 3389 chagani
3380 3321 3663 3375 obtutibus

2089 3416 2436 3486 praesentari;
2466 3417 2559 3485 qui
2593 3429 2718 3468 cum
2754 3413 2834 3468 rei
2857 3413 3324 3468 circumstantiam
3361 3413 3661 3475 didicisset,

2087 3506 2330 3575 suscepit
2363 3521 2486 3560 eum
2542 3520 2666 3558 cum
2719 3504 2929 3560 honore
2968 3505 3197 3575 ingenti,
3236 3515 3290 3560 et
3326 3505 3555 3559 tradidit
3586 3506 3661 3559 illi

2088 3597 2143 3650 in
2177 3612 2403 3651 uxorem
2445 3596 2789 3650 Theodoram
2821 3611 3133 3667 germanam
3185 3613 3430 3652 sororem
3483 3614 3662 3652 suam.

2086 3687 2218 3742 Post
2247 3687 2520 3741 modicum
2551 3701 2682 3740 vero
2723 3687 2985 3754 temporis
3013 3702 3174 3756 prece
3214 3685 3392 3740 oblata
3418 3689 3666 3758 chagano

2089 3775 2371 3832 descendit
2421 3775 2475 3829 in
2533 3773 2951 3846 Phenagoriam,
3006 3783 3060 3829 et
3108 3775 3218 3828 illic
3273 3777 3502 3843 degebat
3539 3791 3662 3828 cum

2097 3870 2410 3926 Theodora.
2443 3867 2542 3924 His
2575 3868 2779 3924 auditis
2810 3868 3134 3923 Absimarus
3169 3868 3336 3921 mittit
3366 3868 3432 3921 ad
3463 3868 3668 3938 chaga-

2090 3979 2244 4026 num,
2283 3961 2612 4032 promittens
2644 3961 2692 4016 ei
2723 3959 2966 4030 praebere
2994 3975 3225 4015 munera
3264 3961 3456 4025 multa,
3487 3961 3530 4014 si
3569 3959 3665 4013 Ju-

2090 4055 2391 4110 stinianum
2423 4051 2525 4107 sibi
2571 4050 2836 4106 duntaxat
2878 4049 3058 4104 vivum
3105 4051 3521 4113 transmitteret,
3581 4053 3664 4103 sin

2089 4153 2294 4209 autem,
2322 4153 2487 4213 caput
2510 4140 2654 4197 eius.
2689 4140 2903 4195 Cedens
2936 4156 3067 4212 ergo
3100 4141 3381 4211 chaganus
3411 4141 3669 4209 huiusce-

2089 4233 2235 4292 modi
2263 4235 2534 4306 petitioni,
2560 4235 2864 4290 custodiam
2901 4235 2949 4288 ei
2986 4232 3156 4299 misit,
3189 4247 3256 4286 ne
3290 4233 3442 4302 quasi
3473 4248 3500 4284 a
3535 4248 3669 4284 con-

2092 4327 2385 4384 tribulibus
2431 4326 2548 4382 suis
2595 4326 2822 4382 insidias
2855 4333 3156 4396 pateretur,
3197 4324 3463 4378 mandans
3493 4323 3670 4394 Papa-

2091 4420 2226 4487 tzin,
2267 4419 2360 4490 qui
2404 4427 2522 4473 erat
2551 4418 2664 4473 illic
2697 4419 2750 4474 in
2786 4433 3036 4489 persona!
3061 4431 3176 4472 suae
3203 4417 3319 4470 vice
3354 4415 3464 4485 (72)
3498 4415 3668 4484 depu-

2091 4523 2260 4577 tatus,
2313 4520 2369 4569 et
2425 4511 2694 4583 Balgitzin
2747 4511 3049 4582 principem
3108 4509 3398 4578 Bospltori,
3456 4516 3512 4561 nt
3544 4524 3667 4562 cum

2091 4605 2466 4660 renuntiatum
2486 4604 2648 4670 foret,
2671 4603 2903 4659 eundem
2923 4602 3261 4657 trucidarent
3278 4599 3667 4654 Justiniannm.

2095 4699 2195 4755 llis
2232 4707 2413 4752 autem
2439 4713 2537 4768 per
2561 4711 2781 4752 servum
2805 4696 3040 4766 chagani
3073 4694 3374 4750 Theodorae
3405 4693 3670 4747 nuntiatis

2092 4796 2148 4842 et
2200 4785 2514 4842 Iustiniano
2585 4786 2902 4856 patefactis,
2945 4797 3278 4839 convocatos
3321 4779 3430 4851 jam
3491 4783 3670 4838 dictos

2094 4879 2358 4949 Papatzin
2408 4885 2462 4933 et
2503 4877 2768 4947 Balgitzin
2800 4877 3097 4947 principem
3143 4877 3208 4930 ad
3247 4876 3666 4948 colloqnendum

2097 4979 2310 5025 secreto
2348 4968 2555 5024 chorda
2596 4969 2928 5040 strangulari
2980 4969 3217 5033 curavit,
3269 4967 3672 5034 confestimque

2094 5059 2437 5117 Theodoram
2495 5062 2549 5116 in
2596 5060 2949 5117 Charzariam
2986 5061 3176 5126 mittit,
3219 5069 3273 5114 et
3309 5061 3425 5129 ipse
3470 5076 3495 5108 a
3535 5057 3671 5110 Phe-

2095 5154 2316 5225 nagoria
2349 5154 2488 5210 clam
2524 5155 2739 5224 fugiens
2783 5154 2988 5210 Tomen
3015 5154 3318 5212 descendit.
3366 5160 3418 5204 et
3452 5152 3670 5203 inventa

2096 5262 2235 5301 nave
2268 5255 2460 5317 parata
2487 5245 2730 5303 ascendit
2759 5246 2810 5300 in
2844 5261 2986 5308 eam,
3017 5253 3070 5300 et
3097 5245 3363 5315 navigans
3394 5243 3548 5311 juxta
3583 5243 3672 5295 lit-

1917 5385 2148 5442 ΝΟΤᾸΞ.

489 5485 602 5555 (7‘2)
658 5484 719 5536 In
756 5497 996 5555 persona:
1042 5497 1154 5535 sua:
1180 5479 1318 5555 tvfce._
1351 5478 1445 5530 Ἐκ
1478 5476 1769 5555 π-ρορώπου
1799 5476 1989 5555 aptati.

415 5547 766 5611 Glossarium
818 5553 1103 5607 Numicum
1142 5568 1154 5604 :
1201 5549 1446 5618 βικάριος
1501 5547 1532 5601 6
1577 5549 1640 5600 ἐκ
1676 5547 1986 5618 προσώπου.

415 5626 736 5688 Anastasius
764 5625 816 5678 in
841 5622 1036 5678 Collat.
1067 5621 1124 5676 S.
1154 5617 1294 5675 Max.
1322 5633 1376 5671 τι
1397 5633 1459 5673 ex
1483 5628 1811 5688 persona,,ut
1835 5617 1992 5686 dixit,

2102 5479 2248 5536 Petri
2266 5479 2536 5550 Cpotitani
2556 5477 2808 5550 praesulis
2827 5477 3049 5550 missus.
3073 5493 3091 5526 ι
3119 5473 3259 5529 Hist.
3283 5473 3496 5550 tripart.
3521 5471 3573 5535 7,
3597 5471 3667 5527 δε

2108 5573 2124 5603 ς
2166 5542 2641 5608 convenientes-cx
2667 5562 2900 5620 persona
2933 5547 3338 5618 episc0porum.
3367 5563 3384 5595 ι
3429 5542 3597 5603 ΙιἈιςιι.
