3978 6212
411 203 550 269 1343

1471 206 1872 268 ΑΝΑΒἸἊΞΙΙ
1925 205 2559 268 ΒΙΒῙᾸΟΤΗΕΟΑΒΙῘ

3515 210 3613 276 l3“

413 327 531 370 tora
562 317 707 372 venit
748 335 921 389 usque
952 318 1019 373 ad
1063 319 1380 391 Symbolum
1413 320 1569 390 juxta
1613 320 1947 376 Chersonam
1971 362 1986 387 ,
2017 320 2064 376 Α
2089 320 2247 389 ejus;
2275 337 2510 391 quorum
2546 321 2636 376 ille
2673 321 3019 391 collausque
3053 321 3119 374 ad
3154 323 3464 376 solutionem
3492 330 3614 396 primi

412 409 478 460 ad
502 425 662 476 quant
699 410 924 465 mittens
945 414 1159 466 occulte
1192 411 1318 466 tulit
1357 411 1748 468 Basbacurium
1784 424 1837 470 et
1877 414 1988 468 fra-

413 511 552 556 trem
581 503 722 572 ejus,
756 501 978 557 Saliban
1013 520 1228 574 quoque
1258 521 1321 559 ac
1356 505 1694 576 Stephanum
1729 517 1782 563 et
1805 507 1990 562 Moro-

411 596 630 665 paulum
683 611 788 648 una
823 612 946 650 cum
980 596 1309 667 TheOpbilo.
1361 597 1464 665 Qui
1514 616 1636 654 cum
1683 601 1988 671 navigasset

410 703 533 741 cum
562 685 664 750 eis,
714 687 1016 745 Chersonis
1074 692 1303 759 pharum
1358 692 1636 752 transivit,
1679 692 1867 760 sicque
1896 693 1988 747 de-

413 795 559 832 mum
603 778 1026 836 translretautes
1073 781 1377 853 Necropyla
1424 800 1518 838 seu
1575 784 1712 838 ostia
1757 783 1986 854 Danapri

407 880 455 924 et
495 869 756 938 Danistri,
784 880 1105 940 tempestate
1149 873 1315 940 facta,
1353 891 1521 944 super
1547 876 1724 930 salute
1765 891 1863 930 sua
1894 877 1989 930 de-

407 964 610 1031 sperati
646 971 776 1016 sunt
813 981 1025 1019 omnes.
1068 966 1284 1035 Myaces
1314 982 1467 1028 vero,
1503 965 1791 1020 familiaris
1827 967 1989 1020 homo

408 1053 600 1121 ipsius,
634 1054 769 1109 dixit
789 1056 836 1110 ei
875 1075 887 1110 :
923 1055 1052 1110 Ecce
1096 1059 1376 1122 morimur,
1406 1057 1637 1112 domine.
1702 1057 1836 1113 Vove
1871 1059 1976 1113 Deo

407 1160 502 1212 pro
539 1147 713 1200 salute
743 1156 854 1207 tua.
887 1158 943 1201 ut
978 1150 1026 1201 si
1075 1149 1217 1203 Deus
1251 1151 1529 1218 imperium
1566 1151 1658 1203 tibi
1693 1161 1841 1203 tuum
1877 1150 1990 1205 red-

408 1236 626 1303 diderit,
651 1240 707 1292 in
731 1239 936 1293 nullum
970 1252 1180 1294 tuorum
1207 1241 1485 1295 ulciscaris
1517 1243 1874 1296 inimicorum.
1919 1245 1987 1296 At
2025 1294 2028 1298 .

411 1327 503 1382 ille
535 1330 875 1398 rcSpondcns
928 1330 982 1384 in
1033 1329 1219 1386 furore
1263 1332 1399 1386 dixit
1435 1353 1448 1387 :
1485 1333 1544 1387 Si
1573 1350 1844 1402 pepercere
1872 1335 1986 1388 cui-

411 1435 568 1488 quam
603 1422 863 1486 ipsorum,
912 1423 1010 1477 hoc
1043 1425 1098 1477 in
1143 1423 1258 1478 loco
1298 1424 1438 1478 Deus
1478 1443 1557 1479 me
1601 1424 1890 1496 demerget.
1921 1424 1986 1481 Et

410 1513 531 1566 sine
567 1513 810 1580 periculo
865 1517 932 1570 ab
981 1525 1120 1571 aestu
1181 1518 1274 1571 illo
1314 1519 1504 1584 exivit,
1545 1529 1600 1574 et
1649 1521 1893 1574 introivit
1932 1520 1983 1575 in

411 1603 729 1661 Danubium
777 1624 1018 1664 amnem.
1071 1609 1206 1666 Cum
1248 1619 1428 1664 autem
1471 1613 1714 1667 misisset
1753 1613 1986 1683 Stepha-

411 1712 540 1748 num
574 1699 638 1751 ad
674 1699 949 1755 Tcrbellin
979 1701 1264 1756 dominum
1289 1700 1583 1772 Vulgariaa,
1616 1713 1672 1758 ttt
1697 1705 1800 1758 sibi
1835 1705 1987 1758 auxi-

409 1786 540 1840 lium
581 1800 863 1860 prrcstaret
898 1793 967 1847 ad
997 1793 1352 1850 obtinendum
1386 1795 1663 1864 parentale
1695 1795 1984 1864 imperium

413 1895 594 1944 suum,
626 1883 942 1952 reprontisit
997 1887 1045 1940 ei
1100 1887 1336 1954 plurima
1370 1904 1429 1942 se
1466 1889 1607 1942 dona
1643 1888 1897 1942 daturum
1935 1901 1988 1944 et

412 1968 576 2024 ﬁliam
601 1972 717 2038 ejus
750 1975 801 2028 in
834 1977 1114 2031 mulierem
1145 1988 1496 2048 accepturum
1531 1980 1744 2048 ipsique
1777 1980 1829 2033 in
1855 1995 1990 2034 cutt-

409 2063 518 2118 ctis
548 2065 898 2120 obediturum
934 2077 986 2121 et
1027 2083 1453 2134 concursurum,
1487 2070 1845 2140 jurejurando
1874 2073 1989 2143 pol-

411 2153 621 2211 licitus.
657 2155 777 2224 Quo
802 2159 893 2214 ille
921 2175 1044 2214 cum
1077 2160 1284 2231 ingenti
1317 2163 1523 2218 honore
1541 2174 1990 2233 soscepto,,com-

410 2256 596 2303 mavet
629 2250 944 2306 universum
983 2253 1086 2308 sibi
1146 2254 1494 2324 suppositum
1552 2257 1831 2327 pupulum,
1857 2256 1990 2312 Vul-

411 2353 607 2408 garum
633 2343 868 2408 scilicet,
902 2352 1065 2415 atque
1109 2346 1361 2414 proximo
1387 2361 1534 2402 anno
1561 2347 1627 2401 ad
1672 2357 1987 2418 regnantem

411 2429 600 2484 urbem
631 2445 924 2489 venerunt.

479 2518 639 2573 Auno
696 2522 908 2590 imperii
964 2524 1240 2580 Absitnari
1303 2528 1540 2597 septimo
1600 2538 1853 2585 mortuus
1908 2539 1990 2584 est

409 2610 723 2666 Abimelech
745 2616 984 2672 Arabum
1013 2618 1290 2687 princeps,
1317 2628 1370 2672 et
1406 2621 1580 2674 tenuit
1609 2619 1813 2676 Vhaled
1848 2622 1990 2677 tilius

409 2701 534 2770 ejus
565 2705 933 2775 principatum
967 2708 1195 2762 :eodcm
1230 2726 1448 2780 quoque
1474 2727 1620 2766 anno
1653 2729 1777 2766 cum
1821 2712 1990 2768 Justi-

409 2791 609 2848 ttianus
668 2795 734 2849 ad
802 2797 1004 2867 regiam
1059 2801 1350 2855 civitatem
1397 2804 1642 2858 venisset
1698 2821 1804 2858 una
1865 2820 1989 2860 cum

411 2882 646 2942 Terbelli
682 2900 736 2944 et
762 2890 1027 2960 subjectis
1058 2892 1414 2964 Vulgaribus,
1441 2904 1623 2951 castra
1651 2905 1887 2951 metatus
1909 2905 2009 2953 est.

2091 410 2264 465 bravii
2295 411 2408 481 (75)
2430 413 2682 474 calcavit.
2723 411 2978 466 universa
3026 410 3180 480 plebe
3211 413 3502 468 clamante:
3536 417 3616 470 διο

2088 519 2180 569 per
2209 505 2444 574 aspidem
2482 515 2530 558 et
2567 503 2873 556 basiliscum
2907 501 3214 564 ascendisti,
3252 513 3301 556 et
3347 506 3618 561 conruleasti

2092 596 2290 650 leonem
2331 605 2382 649 et
2423 596 2724 649 draconem.
2768 593 2832 646 Et
2882 595 2955 646 ita
2992 595 3092 648 bos
3141 595 3439 653 destinatos
3479 600 3524 653 in
3557 603 3628 655 vi-

2091 688 2242 742 vario
2274 688 2636 742 animantium
2684 686 2882 754 capitis
2921 685 3397 743 animadversione
3428 693 3622 758 punivit.

2090 775 2416 829 Callinicum
2459 791 2588 830 vero
2636 775 3008 844 patriarcham
3055 776 3255 830 ablatis
3302 779 3466 834 oculis
3505 785 3632 851 apud.

2091 864 2316 919 Romam
2347 865 2543 920 exsilio
2584 866 2865 934 relegavit,
2898 875 2953 920 et
2990 881 3086 934 pro
3122 882 3189 921 eo
3225 865 3440 938 Cyrum,
3473 873 3549 938 qui
3578 875 3635 928 in.

2060 958 2268 1013 'insula
2318 958 2498 1013 fuerat
2548 958 2797 1013 inclusus
2831 958 3196 1023 Amastridis.
3247 967 3484 1031 tanquam
3519 981 3618 1019 eum

2090 1049 2185 1118 qui
2232 1051 2695 1120 praenuntiaverat
2745 1049 2853 1105 sibi
2895 1051 3095 1117 prioris
3126 1053 3506 1110 restitutionem
3535 1058 3618 1110 im-

2091 1145 2251 1216 perii.
2275 1155 2623 1215 surrogatum
2657 1144 2927 1215 provexit.
2964 1145 3407 1202 lnnumerabilem
3432 1165 3615 1218 quoque

2092 1235 2521 1301 multitudinem,
2565 1245 2671 1289 tam
2706 1252 2771 1289 ex
2807 1235 2956 1290 civili
3001 1251 3167 1304 quam
3209 1253 3272 1290 ex
3312 1232 3498 1292 militari
3531 1255 3611 1295 ca.

2090 1329 2291 1394 talogo,
2344 1327 2602 1398 perdidit.
2658 1325 2857 1383 Multos
2911 1329 3079 1382 etiam
3131 1330 3199 1382 in
3243 1343 3404 1383 saccos
3441 1332 3621 1386 muses

2088 1435 2276 1474 amara
2327 1420 2457 1474 fecit
2509 1429 2683 1474 morte
2728 1421 2934 1474 necari.
2981 1422 3135 1475 Alios
3178 1431 3381 1483 autem,
3418 1437 3519 1476 cum
3551 1423 3605 1477 ad

2090 1512 2381 1582 prandium
2422 1512 2503 1568 vel
2554 1527 2768 1567 caenam
2802 1513 3168 1577 accubitaret,
3219 1529 3338 1567 mox
3382 1515 3610 1582 surgebat,

2090 1606 2286 1675 partim
2336 1605 2668 1675 suspendio,
2711 1606 2908 1674 partim
2953 1606 3235 1661 occisione
3278 1607 3620 1684 perdebat..Et

2092 1697 2220 1752 hinc
2249 1714 2479 1769 magnus
2513 1701 2677 1752 timor
2703 1699 3016 1753 obtinuerat
3043 1714 3261 1754 omnes.
3290 1699 3422 1754 Misit
3451 1701 3640 1754 interea.

2089 1789 2322 1844 classem
2372 1787 2438 1842 ad
2482 1789 2784 1843 ducendam
2825 1803 2859 1844 a
2890 1789 3158 1843 Chazaria
3213 1807 3423 1845 uxorem
3465 1806 3622 1854 suam,

2089 1890 2144 1936 et
2192 1881 2376 1936 multae
2427 1897 2549 1935 cum
2597 1883 2890 1937 suisviris
2939 1883 3158 1952 scaphae
3202 1884 3448 1938 demersm
3497 1894 3625 1938 sunt.

2091 1972 2209 2038 Ouo
2233 1974 2418 2026 audito
2450 1975 2731 2043 chaganus
2776 1974 3054 2042 signiﬁcat
3086 1976 3136 2027 ei
3169 1975 3388 2029 dicens:
3424 1994 3441 2025 ι
3483 1974 3522 2029 0
3558 1977 3628 2026 in-

2091 2075 2317 2127 sensale,
2351 2080 2520 2117 nonne
2551 2064 2822 2131 oportebat
2860 2074 2907 2117 te
2941 2066 2994 2117 in
3017 2064 3242 2118 duabus.
3263 2066 3338 2121 vel
3357 2067 3507 2119 tribus
3530 2084 3628 2118 sca-

2089 2156 2204 2224 phis
2231 2155 2465 2223 accipere
2496 2154 2768 2208 mulierem
2795 2163 2965 2218 tuam,
2991 2165 3040 2209 et
3076 2173 3179 2210 non
3209 2166 3404 2210 tantam
3431 2158 3632 2210 occidere

2093 2246 2526 2300 multitudinem?
2564 2253 2644 2299 An
2686 2257 2842 2316 putas
2877 2246 3015 2316 quod
3043 2257 3092 2300 et
3129 2248 3263 2301 hanc
3300 2247 3465 2301 Marte
3489 2250 3633 2315 perci-

2090 2343 2208 2410 pias
2227 2342 2252 2394 ?
2283 2339 2413 2394 Ecce
2438 2340 2635 2409 peperit
2672 2340 2765 2392 tibi
2796 2349 2844 2392 et
2870 2340 3065 2407 ﬁlium.
3100 2339 3252 2393 Mitte
3277 2358 3393 2410 ergo
3415 2353 3458 2394 et
3488 2343 3637 2406 accipe

2092 2432 2234 2486 illos.
2291 2451 2309 2484 ι
2364 2433 2429 2484 At
2485 2433 2575 2485 ille
2632 2432 2804 2484 misso
2862 2431 3269 2502 TheOpltylacto
3323 2433 3637 2487 cubiculario

2092 2526 2251 2581 duxit
2285 2524 2630 2580 Theodoram
2662 2533 2714 2578 ct
2748 2524 2915 2578 lilium
2949 2524 3067 2593 ejus
3098 2524 3384 2589 Tiberium,
3413 2534 3461 2580 et
3494 2540 3639 2579 coro-

2094 2616 2244 2671 navit
2275 2630 2393 2678 eos,
2420 2625 2472 2669 ct
2507 2615 2849 2684 imperavere
2879 2615 3038 2669 simul
3069 2631 3187 2668 cum
3219 2616 3345 2683 ipso.

2161 2712 2320 2763 Auno
2367 2710 2582 2778 imperii
2631 2708 2941 2763 Justiuiani
2977 2709 3208 2761 secundo
3244 2705 3474 2759 Joannes
3521 2703 3642 2758 llic-

2092 2803 2545 2873 rosolymitanus,
2609 2803 2700 2870 qui
2757 2817 2853 2871 per
2909 2801 3127 2869 triginta
3183 2814 3351 2852 annos
3402 2796 3642 2850 Ecclesia:

2095 2893 2352 2964 praefuit,
2409 2893 2643 2946 habetur
2690 2893 2964 2956 antistes;
3011 2891 3307 2958 eodemque
3352 2903 3486 2941 anno
3519 2886 3644 2940 Vha-

411 2977 484 3031 Μ
536 2991 748 3048 portam
794 2981 1008 3040 Charsii
1049 2992 1104 3040 et
1156 3001 1330 3056 usque
1387 2986 1737 3043 Blacbernas.
1800 2990 1862 3043 Et
1893 3006 1986 3060 per
2014 2993 2056 3051 C
2089 2989 2163 3042 lid
2210 2987 2472 3056 surripuit
2515 2987 2802 3042 ecclesiam
2847 2986 3172 3039 catholicam
3216 2985 3450 3039 Damasci
3493 2984 3639 3037 livore

410 3077 525 3125 tres
567 3072 685 3130 dies
725 3075 1070 3146 alloquentes
1109 3092 1204 3132 eos
1238 3080 1329 3147 qui
1372 3088 1531 3133 erant
1575 3081 1628 3134 in
1681 3080 1836 3143 urbe,
1873 3096 2002 3136 con-

410 3163 573 3218 viciis
602 3167 1110 3224 dehonestabantur
1155 3171 1224 3223 ab
1265 3171 1397 3235 illis,
1447 3171 1541 3240 qui
1582 3186 1771 3226 eorum
1803 3173 1998 3226 saltem

410 3269 515 3309 nec
554 3259 777 3312 verbum
813 3259 1196 3313 admittebant.
1226 3259 1296 3313 At
1324 3276 1456 3314 vero
1488 3258 1842 3317 Iustinianus
1872 3278 1996 3317 cum

410 3343 606 3410 paucis
661 3346 1099 3410 contribulibus,
1158 3346 1301 3399 bello
1351 3357 1614 3416 excepto,
1668 3364 1765 3418 per
1813 3365 1998 3419 aquaa-

410 3433 640 3488 ductum
687 3437 970 3501 ingressus
1010 3446 1064 3493 et
1105 3441 1398 3500 tumultum
1445 3441 1695 3496 excitans
1741 3441 1999 3498 fodiendo

411 3527 603 3582 urbem
635 3528 895 3592 obtinuit,
934 3539 989 3584 et
1024 3539 1150 3601 post
1196 3532 1479 3601 paululum
1533 3533 1888 3591 tabernacula
1941 3536 1996 3590 in

409 3620 614 3690 palatio
638 3619 1066 3677 Blachernarum
1099 3623 1352 3680 tetendit.

483 3712 717 3783 imperat
761 3714 948 3783 itaque
989 3714 1170 3770 denuo
1213 3704 1476 3772 Romanis
1516 3715 1864 3775 Justinianus
1903 3735 2000 3775 an-

414 3805 503 3859 nis
552 3821 644 3860 sex
677 3822 692 3860 :
728 3805 975 3860 Arabum
1030 3823 1161 3862 vero
1200 3808 1458 3879 princeps
1515 3809 1757 3864 efﬁcitur
1804 3810 1998 3868 Vhalid

328 3883 332 3887 ’
413 3894 576 3948 annis
617 3911 831 3949 novem.
861 3895 1512 3968 Constantinopolitanus
1559 3903 1854 3972 episcopus
1905 3904 2000 3957 ha-

411 3981 570 4036 betur
593 3981 793 4053 Cyrus,
839 3984 932 4053 qui
976 4000 1069 4039 sex
1123 3985 1377 4055 praesedit
1415 3989 1574 4043 annis
1620 3986 1902 4057 Ecclesia};
1933 3990 2000 4046 de

410 4087 520 4142 quo
549 4073 768 4128 dicetur
797 4073 1051 4130 inferius.

483 4165 655 4235 igitur
688 4181 834 4221 anno
868 4168 1081 4236 imperii
1133 4169 1216 4222 sui
1268 4170 1447 4240 primo
1484 4171 1649 4237 idem,
1693 4190 1801 4244 quo
1834 4176 2003 4245 impe-

414 4259 555 4313 rium
577 4275 736 4314 suum
769 4260 973 4329 recepit
1003 4258 1375 4326 Justinianus,
1402 4266 1575 4315 multa
1594 4264 1734 4318 dona
1764 4264 2009 4322 Terbelli-

2102 3081 2365 3152 pestifero
2395 3081 2450 3133 in
2485 3077 2829 3132 Christianos
2863 3077 3074 3140 habito,
3108 3077 3412 3130 stimulatus
3441 3081 3638 3141 propter

2101 3172 2437 3227 eminentem
2474 3169 2610 3223 tanti
2657 3167 3107 3237 puchritudinem
3149 3166 3351 3235 templi,
3385 3174 3432 3217 et
3471 3161 3633 3230 prohi4

2099 3261 2221 3316 buit
2281 3261 2446 3316 scribi
2508 3257 2694 3312 Graece
2757 3257 3006 3326 publicos
3075 3255 3357 3326 logolhesii
3404 3252 3626 3309 codices,

2100 3353 2197 3410 sed
2253 3353 2306 3408 in
2355 3351 2611 3407 Arabicis
2649 3349 2904 3403 annotari
2939 3349 3060 3403 sine
3104 3355 3380 3415 computo,
3409 3344 3632 3414 quoniam

2101 3446 2444 3516 impossibile
2487 3454 2570 3498 est
2614 3443 2832 3496 illorum
2876 3441 3060 3511 lingua
3107 3439 3392 3493 monadem
3422 3437 3494 3489 vel
3523 3435 3640 3488 dua-

2100 3537 2306 3591 litatem
2343 3544 2435 3590 aut
2467 3535 2764 3588 trinitatem
2792 3539 2882 3583 aut
2908 3539 3030 3584 octo
3055 3537 3108 3582 et
3139 3530 3422 3582 dimidium
3452 3535 3534 3578 aut
3558 3524 3644 3576 tria

2099 3628 2292 3690 scribi,
2327 3633 2550 3697 propter
2587 3623 2732 3694 quod
2767 3632 2821 3677 et
2853 3637 3029 3692 usque
3062 3621 3224 3675 hodie
3272 3632 3398 3677 sunt
3428 3633 3542 3673 cum
3578 3615 3646 3670 eis

2101 3720 2296 3776 notarii
2329 3718 2646 3774 Christiani.

2173 3809 2357 3866 Mundi
2378 3824 2522 3863 anno
2540 3805 2703 3872 69.00,
2728 3805 2928 3860 divina:
2951 3803 3360 3858 incarnationis
3390 3817 3522 3855 anno
3542 3796 3645 3860 700.

2103 3919 2248 3957 anno
2292 3901 2504 3970 imperii
2557 3899 2642 3954 sui
2700 3897 2864 3952 tertio
2912 3895 3258 3950 Justiuianus
3311 3909 3487 3964 pacem
3531 3894 3649 3944 inter

2104 3995 2380 4050 Romanos
2405 4000 2458 4045 ct
2492 3990 2758 4060 Volgares
2789 3989 3008 4053 evertit,
3041 3994 3093 4042 ct
3123 3993 3414 4056 equestres
3453 3981 3647 4036 militias

2101 4089 2154 4142 itt
2209 4087 2475 4140 Thracem
2507 4083 2744 4137 transire
2786 4081 2992 4136 faciens
3032 4080 3317 4136 classibus
3355 4072 3647 4132 constructis

2102 4188 2294 4234 contra
2353 4176 2619 4246 Vulgares
2677 4183 2731 4228 et
2796 4172 3073 4228 Terbellin
3137 4170 3473 4240 properavit.
3535 4166 3648 4220 Cum

2104 4279 2284 4325 autem
2330 4269 2571 4323 venisset
2620 4266 2687 4320 ad
2736 4266 2932 4335 ripam,
2978 4265 3254 4334 navigium
3303 4264 3513 4334 quidem
3549 4265 3652 4311 ante

410 4351 685 4414 tribuens.
733 4351 895 4406 simul
949 4358 1002 4404 et
1047 4352 1250 4420 regalia
1305 4367 1460 4416 vasa,
1511 4353 1722 4409 dimisit
1767 4371 1892 4410 eum
1942 4357 1994 4411 in
2033 4332 2072 4384 υ
2103 4373 2345 4432 castrum
2398 4361 2676 4430 applicare
2709 4358 2870 4422 fecit,
2903 4357 3115 4422 equites
3154 4371 3292 4410 vero
3336 4356 3390 4410 iu
3437 4351 3649 4421 superio-

413 4460 564 4512 pare.
624 4443 895 4500 Caeterum
932 4444 1259 4498 Absimarus
1297 4446 1429 4499 urbe
1469 4447 1654 4500 relicta
1684 4449 1995 4518 Apollonia-

408 4536 531 4590 dent
571 4537 784 4607 fugiens
823 4537 936 4591 adit
971 4555 984 4591 :
1033 4537 1430 4591 insecutionem
1477 4546 1658 4592 tamen
1701 4555 1993 4610 perpessus

409 4629 836 4697 apprehenditur
877 4639 930 4684 et
964 4629 1029 4683 ad
1070 4626 1440 4683 Iustinianum
1491 4629 1798 4685 deducitur.
1829 4630 2001 4688 Porro

409 4719 698 4778 lleraclius
727 4739 754 4775 a
782 4721 997 4778 Thrace
1031 4726 1247 4778 vinctus
1282 4722 1552 4778 adductus
1592 4731 1676 4780 est
1717 4739 1840 4779 cum
1873 4741 1994 4780 om-

409 4814 574 4869 nibus
612 4813 706 4882 qui
740 4815 789 4868 ei
821 4815 1270 4883 opitulabantur;
1313 4830 1455 4884 quos
1496 4815 1551 4868 in
1596 4831 1752 4871 muro
1799 4833 1990 4874 omnes

409 4903 713 4976 suspendio
742 4904 1034 4958 interfecit.
1056 4905 1189 4960 Cum
1217 4915 1397 4960 autem
1423 4917 1476 4960 et
1502 4906 1568 4960 ad
1597 4905 1986 4962 Mediterranea

411 4998 768 5061 destinasset,
811 4998 1084 5067 plurimos
1114 5013 1180 5052 ex
1207 4998 1288 5052 eis
1330 4997 1602 5063 inventos,
1638 5010 1744 5054 tam
1774 5011 1988 5056 actores

409 5110 574 5166 quam
607 5092 871 5165 privatos,
914 5090 1168 5146 similiter
1208 5091 1502 5146 interemit.
1541 5091 1713 5148 Porro
1740 5093 1993 5149 Absima-

413 5205 534 5244 rum
588 5198 754 5258 atque
802 5184 1089 5241 Leontium
1138 5183 1356 5238 vinctos
1414 5183 1627 5240 catenis
1677 5201 1773 5254 per
1825 5192 1995 5239 totam

413 5281 603 5336 urbem
667 5279 884 5352 pompis
938 5276 1068 5334 fecit
1122 5275 1500 5332 dehonestari.
1559 5275 1812 5348 Cumque
1886 5278 2000 5331 ludi

412 5381 700 5443 equestres
755 5382 1050 5446 agerentur
1101 5373 1327 5442 ipseque
1393 5371 1448 5425 in
1511 5370 1650 5426 solio
1700 5364 2037 5435 resideret,'

413 5464 561 5518 diteti
596 5477 726 5523 sunt
755 5469 972 5539 publice
998 5467 1158 5524 tracti
1189 5475 1244 5523 ct
1269 5463 1496 5536 proiecti
1534 5463 1692 5536 proni
1728 5463 1796 5519 ad
1827 5463 1993 5535 pedes

2103 4456 2254 4509 ribus
2317 4453 2528 4523 campis
2581 4452 2702 4506 sine.
2759 4451 3024 4506 custodia.
3061 4456 3117 4504 et
3167 4449 3325 4502 omni
3377 4444 3649 4515 suspicione

2100 4555 2280 4602 castra
2329 4545 2522 4600 metari
2574 4544 2848 4615 pra‘cepit.
2895 4541 3102 4611 Populo
3149 4551 3339 4594 autem
3379 4542 3512 4594 sicut
3556 4532 3656 4588 ovi-

2101 4639 2201 4693 bus
2249 4653 2343 4707 per
2395 4653 2618 4704 campos
2672 4635 2738 4688 ad
2801 4633 3088 4704 legendum
3155 4631 3347 4686 fenum
3401 4632 3651 4699 dispchO.

2096 4732 2356 4785 viderunt
2403 4730 2781 4798 exploratores
2830 4725 3102 4797 Vulgaria:
3131 4741 3347 4779 .vanam
3404 4722 3653 4776 Romano-

2098 4839 2218 4877 rum
2257 4822 2711 4892 dispositionem,
2752 4827 2806 4872 et
2854 4819 3165 4873 coacervati
3213 4824 3272 4871 ut
3324 4817 3451 4872 fera:
3496 4813 3652 4870 subito

2087 4918 2410 4978 irruerunt,
2459 4924 2511 4968 et
2549 4912 2900 4967 vehementer
2944 4918 3411 4979 consumpserunt
3459 4903 3653 4959 Βοωδὶ-

2092 5025 2216 5066 cum
2249 5008 2412 5071 ovile,
2441 5005 2668 5060 multaut
2702 5003 2961 5073 praedam,
2996 5013 3051 5055 et
3087 5015 3262 5070 equos
3291 5007 3358 5053 et
3380 5013 3546 5059 arma,
3573 5004 3654 5047 ex'

2093 5100 2264 5168 ceptis
2301 5099 2386 5151 his
2431 5097 2528 5166 qui
2573 5094 2837 5164 perempti
2893 5100 3052 5156 sunt,
3098 5091 3456 5159 accipientes.
3506 5085 3652 5138 Porro

2093 5190 2441 5248 Justinianus
2473 5203 2595 5242 cum
2631 5187 2696 5241 ad
2731 5192 2973 5240 castrum
3028 5185 3258 5255 fugisset
3293 5197 3418 5235 cum
3468 5179 3546 5232 his
3573 5171 3648 5242 qui

2096 5291 2415 5344 evaserant,
2451 5296 2545 5350 per
2567 5288 2679 5332 tres
2710 5277 2829 5330 dies
2860 5283 3046 5346 portas
3081 5273 3281 5328 clausit
3302 5280 3354 5326 et
3394 5271 3650 5322 obseratas

2101 5374 2312 5437 tenuit,
2365 5371 2662 5436 vidensque
2690 5365 2990 5436 Vulgarum
3029 5361 3510 5435 perseverantiam,
3558 5357 3653 5424 ipse

2099 5463 2308 5532 primus
2345 5459 2474 5530 equi
2509 5458 2592 5513 sui
2640 5470 2836 5512 nervos
2870 5453 3129 5508 incidens.
3152 5465 3344 5506 omnes
3389 5447 3444 5504 id
3497 5446 3650 5516 ipsum

1938 5553 2166 5610 ΝΟΤιιΕ.

489 5657 604 5733 (73)
659 5660 861 5729 Bravii,
909 5662 1084 5734 βαῖου.
1134 5661 1390 5719 Fortasse
1419 5660 1625 5732 legerat
1671 5655 1993 5713 Anastasius

2094 5651 2311 5707 ηιϐεξου.
2339 5651 2431 5706 Est
2462 5657 2642 5704 autem
2674 5643 2923 5717 βραϐεῖον
2950 5641 3150 5713 palma.
