3978 6212
342 255 488 321 1345

1177 267 1548 329 HISTORIA
1593 270 2167 334 ECCLESIASTICA
2191 276 2292 336 EX
2328 277 2809 339 THEOPHANE.

3485 289 3626 356 1346

349 370 534 426 facere
579 369 767 441 jussit.
829 373 1011 430 Armis
1083 386 1261 433 autem
1325 380 1536 438 bellicis
1602 399 1766 453 supra
1823 401 1944 438 mu-
1975 389 2023 446 Α
2050 385 2244 442 horum
2291 389 2532 447 brachiis
2564 391 2763 447 vinctis
2796 391 2862 446 ad
2895 391 3009 448 lora
3038 396 3202 453 navis
3232 399 3543 468 alligantes,
3572 415 3626 460 et

245 462 261 474 ‘
334 477 468 517 rum
518 465 755 534 positis,
833 474 998 521 noctu
1055 468 1123 523 .in
1166 474 1431 543 Iscaphas
1501 477 1807 531 ascendens
1857 479 1936 532 la-

345 563 525 608 tenter
583 557 926 624 enavigavit,
989 567 1043 613 ct
1097 575 1223 615 cum
1275 565 1604 619 confusione
1660 567 1807 620 venit
1867 567 1933 622 ad

339 647 536 698 urbem
547 685 561 699 .

412 738 571 790 Anno
613 736 826 808 imperii
857 736 1159 796 Justiniani
1209 752 1405 813 quarto
1431 746 1729 800 exercitum
1764 747 1933 802 movit

331 824 637 884 Masalmas
708 832 973 886 adversus
1033 843 1326 904 tyrannum
1396 847 1618 906 propter
1675 839 1931 910 indigna-

325 921 544 972 tionem
597 923 872 974 exercitus
922 936 1028 974 uua
1071 937 1195 976 cum
1259 923 1516 979 Mauhina
1569 943 1671 997 .per
1725 927 1930 984 Mauri-

334 1008 564 1064 nianutn
615 1012 832 1077 occisi;
881 1021 937 1066 et
989 1013 1129 1068 hanc
1190 1015 1503 1072 obsidentes
1547 1019 1929 1077 hiemaverunt

323 1105 566 1159 ibidem.
641 1105 722 1158 Ad
792 1121 932 1174 quos
999 1106 1170 1159 mittit
1229 1106 1532 1178 imperator
1585 1110 1730 1168 duos
1788 1129 1927 1182 prm-

335 1208 526 1259 tores,
587 1196 934 1250 Theodorum
1000 1195 1357 1252 Carterucam
1407 1209 1463 1254 et
1502 1202 1922 1273 Theophilatum

323 1288 595 1354 Saliban,
653 1304 776 1342 cum
811 1290 1067 1343 exercitu
1120 1298 1175 1344 et
1235 1292 1438 1361 agresti
1503 1298 1703 1364 pepulo
1751 1299 1923 1352 rusti-

329 1400 457 1439 cam
531 1398 755 1452 Operam
824 1382 1020 1436 daturo
1093 1381 1162 1435 ad
1233 1383 1620 1440 debellandum
1691 1403 1786 1443 eos
1867 1397 1922 1443 et

317 1475 760 1545 insequendum.
819 1474 924 1542 ipsi
972 1488 1103 1528 vero
1151 1473 1217 1527 ad
1269 1477 1682 1530 contentionem
1731 1477 1785 1530 in
1840 1477 1921 1532 al-

313 1576 603 1622 terutrum
635 1566 932 1629 venientes,
973 1577 1027 1618 et
1050 1564 1367 1620 inordinate
1398 1567 1450 1620 in
1484 1582 1581 1622 eos
1607 1570 1916 1640 congressi,

326 1667 640 1720 vertuntur,
703 1663 757 1709 et
812 1655 978 1708 multa
1012 1656 1178 1708 millia
1241 1657 1549 1726 perierunt,
1607 1667 1660 1712 et
1718 1661 1914 1729 captivi

2038 479 2320 550 lapidibus
2347 484 2488 538 hanc
2524 483 2836 553 implentes,
2869 484 2922 538 in
2957 486 3288 556 profundum
3331 493 3620 551 miserunt.

2037 569 2132 627 llis
2172 582 2354 628 autem
2384 573 2732 630 Justiuianus
2759 578 3078 648 compertis,
3127 595 3225 648 pro
3266 583 3443 639 salute
3487 602 3624 656 pue-

2026 678 2220 720 rorum
2261 668 2516 734 saeviens,
2552 668 2721 737 jussit
2755 685 2851 725 eos
2880 670 2948 725 ad
2988 687 3048 726 se
3091 675 3421 742 quantocius
3453 678 3625 733 adv-e-

2034 757 2171 811 uire.
2227 758 2360 813 Cum
2408 770 2591 815 autem
2648 761 2826 816 stolus
2883 778 3070 819 mense
3129 764 3392 822 Octobrio
3439 784 3619 825 motus

2019 862 2084 904 et
2141 851 2194 904 in
2250 853 2440 921 pelago
2497 868 2911 925 praeoccupatus
2965 864 3112 911 esset
3180 860 3232 912 in
3287 861 3432 915 astri
3491 875 3616 918 ortu

2020 942 2175 1011 quod
2225 943 2426 997 Artura
2477 943 2713 1012 dicitur,
2774 962 2911 1015 pene
2972 957 3120 1004 totus
3170 949 3458 1010 demersus
3508 964 3612 1010 est.

2029 1033 2174 1088 Sane
2211 1045 2508 1091 numerata
2550 1047 2679 1092 sunt
2712 1053 2902 1093 eorum
2937 1042 3026 1109 qui
3066 1043 3356 1114 naufragio
3401 1047 3616 1113 periere

2027 1125 2198 1179 tnillia
2253 1129 2603 1197 septuaginta
2653 1131 2775 1184 tria.
2837 1133 2907 1184 At
2968 1147 3097 1186 vero
3126 1132 3476 1192 Justinianus
3528 1138 3614 1192 his

2023 1217 2226 1285 agnitis
2271 1234 2382 1274 non
2431 1227 2514 1275 est
2566 1224 2848 1287 tristatus,
2882 1225 3013 1292 quin
3057 1226 3236 1294 potius
3273 1228 3479 1294 gaudio
3525 1245 3612 1283 rr-

2014 1308 2221 1376 pletus.
2267 1309 2333 1363 Et
2359 1311 2677 1388 lilujusmodi
2730 1315 2910 1369 adhuc
2953 1317 3190 1371 vesania:
3233 1318 3469 1385 deditus,
3499 1323 3615 1374 cla-

2021 1417 2174 1456 more
2219 1419 2415 1474 magno
2445 1405 2710 1460 minitans
2746 1408 2939 1462 iterum
2975 1409 3138 1462 alium
3180 1415 3382 1465 stolum
3417 1413 3608 1478 mittit,

2019 1501 2072 1546 et
2131 1497 2278 1549 arari
2347 1507 2511 1567 atque
2569 1499 2636 1552 ad
2701 1501 3073 1568 pavimentum
3127 1503 3608 1569 illidi.,uni\'erscs

2019 1602 2192 1657 usque
2213 1589 2279 1643 ad
2314 1591 2646 1659 mingentem
2684 1591 2752 1646 ad
2787 1594 3046 1663 parietem
3072 1595 3262 1664 jussit.
3295 1597 3606 1653 Audieruut

2017 1677 2132 1734 haec
2165 1681 2256 1748 qui
2289 1692 2447 1736 erant
2487 1700 2553 1738 ex
2599 1685 2796 1740 castris
2839 1686 2968 1752 illis,
3006 1696 3059 1740 et
3100 1703 3222 1742 sese
3261 1690 3600 1757 munierunt,

1789 1727 1801 1729 _
2017 1727 2130 1734 --ψ
2167 1727 2256 1748 .,_-
2292 1727 2447 1736 νη..-
2489 1727 2553 1738 ν..
2601 1727 2796 1740 -........,
2839 1727 2968 1752 .....,,
3007 1727 3059 1740 ν.
3100 1727 3222 1742 οων
3261 1727 3600 1757 ........ι.υ...,

325 1748 483 1802 mulli
535 1749 682 1800 εῑιιοιῖ
735 1753 884 1802 5¹¹¹¹ῑο
936 1748 1001 1800 Al
1061 1748 1136 1801 illi
1189 1749 1412 1802 εδτοίηει
1459 1765 1651 1842 ﬁmum
1684 1759 1739 1806 ει
1771 1753 1912 1809 esas
1945 1727 1986 1780 Β
2015 1774 2303 1840 coactique
2345 1783 2540 1828 contra
2579 1777 2964 1845 imperatorem
3004 1793 3196 1848 sapere
3232 1779 3502 1836 miserunt
3532 1783 3601 1837 ad

307 1836 567 1908 :abreptis
630 1838 1003 1902 obsederunt,
1070 1852 1362 1909 quousque
1417 1838 1694 1901 civitatem
1752 1856 1911 1910 cepe-

311 1938 458 1983 Iunt
522 1945 538 1983 :
595 1931 908 1985 defecerant
960 1931 1106 1986 enim
1163 1931 1272 1986 illis
1329 1948 1492 1996 escae,
1553 1948 1620 1987 ac
1671 1949 1766 2002 per
1806 1935 1909 1990 hoc

325 2021 596 2076 recessuri
644 2031 822 2076 erant.
894 2021 1066 2077 Porro
1128 2022 1228 2077 viri
1292 2022 1609 2094 Tyanenses
1653 2025 1742 2080 his
1775 2026 1909 2082 visis

309 2109 598 2180 desperati
639 2123 972 2183 acceperunt
999 2114 1227 2170 verbum
1260 2113 1636 2175 indemnitatis
1673 2132 1806 2182 sum,
1854 2125 1909 2171 et

304 2205 574 2258 ‘exierunt
634 2207 700 2259 ad
767 2221 893 2270 eos,
963 2215 1016 2261 et
1077 2205 1340 2262 derelicta
1412 2219 1496 2263 est
1559 2208 1755 2264 civitas
1811 2209 1906 2264 de-

317 2303 468 2350 serta
536 2312 710 2366 usque
780 2298 834 2351 in
907 2311 1232 2367 praesentem
1297 2299 1465 2354 diem.
1541 2301 1740 2355 Verum
1825 2301 1903 2356 illi

307 2399 430 2440 'non
477 2398 761 2442 servantes
810 2388 1035 2442 verbum
1105 2388 1206 2443 hos
1269 2389 1325 2442 in
1392 2405 1636 2444 eremqu
1685 2391 1904 2446 exsules

304 2479 786 2543 transu'tisetunt,
845 2491 907 2537 et
977 2481 1181 2537 multos
1245 2498 1312 2538 ex
1371 2482 1457 2539 his
1520 2500 1715 2569 servos
1766 2485 1902 2540 reti-

307 2579 576 2624 nuerunt.

387 2659 572 2715 Mundi
626 2677 771 2716 anno
813 2661 994 2729 6202,
1053 2664 1248 2720 divina:
1304 2665 1700 2720 incarnationis
1753 2681 1900 2722 anno

302 2753 452 2819 702,
502 2769 646 2808 anno
694 2772 824 2810 vero
870 2757 1082 2827 imperii
1133 2757 1430 2812 Justiniani
1488 2762 1683 2829 quinto
1728 2761 1900 2814 movit

305 2847 614 2900 exercitum
657 2847 804 2903 Abas
845 2859 1039 2902 contra
1084 2849 1445 2916 Romaniam,
1497 2863 1551 2908 et
1602 2855 1790 2909 multis
1841 2855 1896 2909 in

304 2942 682 3011 captivitatem
715 2943 896 2998 ductis
938 2942 1119 3007 rediit,
1149 2951 1205 2997 et
1241 2947 1407 3014 C(Bpit
1438 2945 1710 3001 aediﬁcare
1737 2945 1897 3001 Garis

307 3033 366 3088 in
404 3035 624 3104 regione
651 3036 940 3104 Eupoleos.

370 3125 539 3180 Anno
579 3127 796 3196 imperii
831 3125 1130 3185 Justiniani
1175 3136 1328 3185 sexto
1368 3127 1538 3182 movit
1587 3129 1888 3184 exercitqu

306 3212 550 3270 Uthman
596 3226 786 3270 cmttra
838 3217 1124 3287 Ciliciam,
1180 3231 1234 3276 et
1278 3221 1452 3274 multa
1493 3229 1676 3274 castra
1723 3223 1891 3275 verbo

307 3306 539 3376 accepit.
574 3304 856 3363 Proditum
897 3321 1080 3365 autem
1113 3319 1198 3366 est
1229 3311 1278 3366 ei
1313 3319 1367 3366 et
1396 3309 1731 3366 Camachum
1762 3327 1887 3367 eum

302 3399 690 3466 adjacentibus
736 3401 840 3456 sibi
889 3402 1051 3457 locis.
1102 3403 1313 3457 lnterea
1360 3402 1707 3459 Justiuianus
1749 3405 1890 3459 stolo

300 3492 530 3558 eopioso
554 3499 768 3546 armato
795 3492 1040 3546 Maurum
1067 3493 1355 3562 patricium
1387 3494 1888 3550 misitChersonem

307 3597 415 3634 una
449 3598 572 3636 cum
623 3583 902 3653 Stephano
944 3585 1176 3655 patricio
1219 3595 1584 3655 cognomento
1615 3585 1886 3650 Asmicto,

301 3672 570 3725 malorum
628 3675 889 3727 memoria
942 3689 1245 3729 succensus
1314 3674 1748 3745 insidiarumque
1800 3691 1889 3730 rc-

299 3762 564 3818 cordatus
613 3775 802 3818 contra
851 3781 908 3820 se
957 3779 987 3818 a
1019 3765 1548 3821 Chersouitensibus
1598 3774 1652 3820 et
1695 3783 1724 3818 a
1775 3768 1883 3819 Bo-

301 3858 798 3927 sphorianensibus
822 3874 891 3913 ac
921 3858 1147 3928 reliquis
1186 3859 1503 3914 clitnatibus
1543 3859 1885 3925 eﬂectarum,

299 3965 494 4004 omnes
537 3966 705 4005 naves
730 3992 745 4017 ,
786 3953 1082 4006 dromoues
1118 3953 1400 4016 videlicet,
1445 3955 1641 4008 trieres
1671 3961 1725 4008 et
1765 3970 1887 4010 sca-

295 4042 472 4112 phas,
527 4045 802 4099 chimeras
859 4061 923 4100 ac
983 4047 1171 4100 lintres
1221 4062 1396 4116 usque
1449 4047 1515 4100 ad
1565 4048 1884 4115 chelandia,

296 4150 399 4205 per
451 4134 796 4190 collationem
855 4137 923 4190 ab
976 4153 1307 4210 unoquoque
1364 4140 1732 4195 habitantium
1793 4158 1889 4196 ur-

297 4228 461 4291 bern,
513 4239 830 4284 senatorum
894 4230 1107 4285 scilicet
1168 4240 1222 4286 et
1269 4234 1769 4302 ergasteriacorum
1831 4241 1886 4289 et

294 4321 633 4392 plebeiorum
658 4338 722 4378 ac
752 4324 932 4379 omnis
955 4324 1140 4388 oﬂicii,
1183 4326 1430 4396 collegit.
1457 4325 1668 4392 Quibus
1697 4328 1888 4384 missis

2012 1861 2321 1932 chaganutn
2379 1864 2432 1919 in
2487 1865 2842 1932 Chazariam,
2906 1866 3152 1937 p'etentes
3215 1873 3474 1940 populum
3533 1877 3600 1930 ad

2009 1953 2318 2008 custodiam
2361 1956 2469 2010 sui.
2512 1955 2714 2012 Verum
2766 1957 2909 2012 inter
2956 1959 3071 2015 haec
3119 1961 3348 2030 erigitur
3396 1972 3450 2017 et
3491 1963 3601 2018 lle-

2009 2047 2110 2102 iias
2153 2047 2471 2118 spatharius
2520 2059 2572 2103 et
2614 2048 2889 2104 Bardanes
2932 2051 3112 2116 exsul,
3179 2053 3271 2123 qui
3309 2061 3450 2110 tunc
3476 2054 3599 2112 fue-

2008 2148 2094 2193 rat
2140 2155 2168 2194 a
2219 2139 2569 2210 Cephallenia
2626 2156 2912 2198 revocatus
2965 2153 3192 2213 eratque
3244 2160 3368 2199 cum
3414 2147 3597 2202 classe

2007 2234 2151 2300 apud
2217 2231 2576 2301 Chersonem.
2633 2231 2804 2287 Porro
2863 2233 3165 2302 imperator
3218 2235 3305 2292 his
3358 2239 3596 2308 cognitis

2005 2324 2157 2378 misit
2210 2339 2336 2378 cum
2402 2325 2590 2394 paucis
2650 2325 3012 2382 dromonibus
3066 2326 3359 2398 Georgium
3421 2330 3593 2396 patri-

2004 2412 2148 2466 cium
2175 2425 2538 2482 cognomento
2561 2413 2786 2485 Syrum,
2809 2425 2866 2470 et
2891 2417 3204 2486 generalem
3232 2419 3594 2492 logothetam,

2001 2510 2056 2558 et
2083 2501 2348 2558 Joannem
2398 2505 2733 2573 praefectum,
2778 2513 2945 2576 atque
2977 2506 3440 2578 Christophorum
3477 2520 3594 2567 tur-

2003 2595 2262 2649 marchen
2318 2595 2718 2649 Thracensium
2766 2611 2893 2651 cum
2953 2608 3260 2654 tercentum
3322 2605 3592 2671 armatis,

2003 2687 2226 2742 tradens
2266 2687 2348 2742 eis
2397 2685 2691 2742 Tudunum
2743 2704 2807 2743 ac
2847 2689 3156 2758 Zohelum,
3203 2695 3295 2763 qui
3330 2693 3594 2752 deberent

2000 2775 2267 2831 Chersoni
2311 2777 2552 2843 restitui,
2597 2779 2901 2834 secundum
2945 2781 3092 2850 quod
3137 2793 3299 2836 antea
3347 2782 3590 2855 fuerant,

1998 2867 2067 2921 ad
2123 2869 2388 2923 rationem
2441 2869 2775 2925 reddendam
2825 2871 3074 2941 chagauo
3132 2889 3230 2942 per
3282 2878 3588 2945 apocrisia-

1999 2961 2176 3022 riutn,
2229 2961 2625 3029 ducendosque
2673 2961 2741 3014 ad
2790 2976 2850 3015 se
2901 2961 3111 3016 Heliam
3169 2974 3333 3035 atque
3384 2965 3591 3022 Barda-

1920 3068 1964 3125 c
1997 3052 2170 3104 nium.
2218 3049 2431 3115 Quibus
2477 3053 2948 3108 transmeantibus
2988 3055 3044 3108 iu
3092 3055 3452 3125 Chersonem,
3499 3061 3587 3115 his

1989 3142 2331 3198 Chersonita:
2394 3144 2658 3198 rationem
2716 3145 2944 3201 reddere
2992 3146 3271 3217 dedignati
3319 3161 3468 3205 sunt.
3527 3151 3586 3208 In

1991 3236 2295 3289 crastinum
2341 3250 2469 3290 vero
2511 3237 2660 3292 solos
2703 3237 2806 3292 hos
2848 3239 2998 3296 cives
3044 3241 3255 3311 ingredi
3305 3244 3584 3298 exhortati

1991 3335 2180 3396 portas
2238 3326 2595 3393 clauserunt,
2655 3336 2709 3384 et
2774 3332 3086 3400 generalem
3147 3334 3368 3402 quidem
3430 3337 3586 3409 logo—

1991 3419 2202 3473 thetam
2272 3435 2380 3473 una
2428 3435 2554 3475 cum
2620 3421 2878 3492 prtefecto
2944 3423 3127 3493 gladio
3201 3427 3581 3495 trucidarunt,

1991 3508 2284 3565 Tudunum
2311 3526 2441 3565 vero
2462 3526 2586 3566 cum
2622 3512 2829 3568 Zohelo
2851 3521 2904 3568 et
2938 3514 3051 3582 jatn
3085 3517 3234 3570 dicto
3267 3519 3583 3576 turmartba

1991 3617 2099 3656 una
2153 3617 2276 3656 cum
2324 3602 2586 3656 trecentis
2625 3603 2891 3657 militibus
2940 3604 3206 3661 Chazaris
3241 3609 3583 3665 tradiderunt

1989 3700 2044 3746 et
2090 3690 2159 3745 ad
2197 3690 2503 3760 chagauum
2549 3691 2768 3747 mittere
2811 3706 3168 3753 curaverunt.
3215 3697 3450 3755 'l‘uduno
3481 3717 3584 3755 au-

1990 3789 2097 3837 tem
2140 3784 2194 3836 in
2241 3783 2434 3837 itinere
2481 3789 2721 3847 mortuo,
2776 3784 3008 3840 Chazari
3064 3790 3118 3840 in
3167 3792 3576 3859 susceptionem

1987 3889 2110 3928 eum
2133 3872 2455 3928 occiderunt
2481 3874 2822 3929 turmachem
2859 3892 2965 3930 una
2999 3893 3122 3932 eum
3150 3878 3254 3934 300
3287 3882 3576 3940 militibus.

1989 3963 2143 4020 Tunc
2203 3965 2259 4019 hi
2302 3966 2397 4036 qui
2445 3966 2740 4022 Chersonis
2791 3978 2954 4024 erant
3005 3979 3440 4045 ceterorumque
3485 3993 3578 4032 ca-

1989 4063 2256 4122 strorum,
2307 4055 2621 4114 Justiniauo
2651 4059 2869 4128 quidem
2905 4063 3048 4116 mala
3099 4063 3385 4135 imprecati
3421 4079 3572 4137 sunt,

1987 4149 2318 4204 Dardanium
2375 4166 2506 4205 vero
2569 4148 2968 4221 Philippicum,
3037 4156 3132 4225 qui
3208 4157 3325 4213 illic
3397 4159 3576 4218 fuerat

1984 4243 2180 4296 exsilio
2227 4243 2524 4311 relegatus,
2569 4243 2732 4297 etiam
2778 4253 2835 4298 ut
2882 4244 3270 4315 imperatorem
3317 4249 3573 4307 laudibus

1987 4336 2324 4390 extulerunt.
2375 4335 2470 4390 llis
2511 4336 2809 4406 compertis
2848 4334 3226 4406 Justinianus,
3267 4349 3322 4396 et
3363 4358 3574 4412 peram-

296 4415 557 4484 prarcepit
601 4431 794 4472 onmes
837 4417 1145 4472 habitantes
1193 4419 1247 4472 in
1297 4421 1495 4474 castris
1544 4421 1653 4476 illis
1698 4422 1880 4490 gladio
1912 4413 1956 4469 ι)
1986 4427 2129 4496 plius
2188 4428 2498 4491 insaniens,
2551 4428 2690 4483 ﬁlios
2722 4429 2940 4498 quidem
2997 4429 3162 4486 Helia:
3207 4433 3473 4502 spatltarii
3514 4437 3570 4493 in

294 4506 607 4563 interficere
649 4517 704 4563 et
748 4510 1021 4563 nemiuem
1070 4511 1381 4576 vivilicare,
1442 4512 1663 4567 tradens
1699 4515 1780 4568 eis
1821 4523 1873 4568 et

291 4597 506 4654 Heliam
566 4603 926 4672 spatharium,
978 4605 1068 4674 qui
1124 4605 1350 4660 deberet
1403 4608 1661 4677 princeps
1697 4607 1874 4663 Cher-

287 4692 446 4745 souis
515 4694 798 4747 constitui.
869 4695 973 4760 Qui
1048 4695 1385 4752 Chersonem
1455 4699 1870 4768 pervenientes,

285 4782 512 4836 nemine
559 4783 662 4838 sibi
699 4785 1013 4851 resistente,
1055 4798 1236 4842 castra
1277 4801 1540 4858 ceperunt
1583 4802 1638 4844 et
1681 4805 1872 4846 omnes

282 4872 470 4942 gladio
524 4875 961 4944 interfecerunt,
1013 4881 1261 4951 exceptis
1306 4881 1640 4946 infantibus,
1686 4891 1872 4951 utpote

285 4967 536 5035 parvulis
581 4968 667 5023 bis
716 4980 1004 5039 parcentes
1061 4982 1113 5026 et
1165 4973 1267 5027 sibi
1321 4974 1422 5028 hos
1474 4974 1528 5027 in
1584 4975 1868 5028 servitium

284 5073 655 5119 reservantes.
702 5062 994 5118 Tudunum
1040 5077 1221 5120 autem
1269 5066 1572 5137 principem
1626 5065 1868 5122 Cherso—

281 5153 408 5219 nis,
452 5155 542 5224 qui
576 5164 636 5209 ut
681 5172 748 5210 ex
797 5172 1032 5228 persona
1070 5158 1302 5228 chagani
1342 5167 1485 5223 erat,
1523 5167 1578 5214 et
1621 5157 1868 5225 Zoelum,

279 5246 379 5314 qui
414 5261 479 5299 ex
528 5247 670 5301 linea
708 5257 762 5303 et
805 5264 1006 5319 genere
1041 5250 1252 5320 primus
1285 5251 1486 5306 civium
1538 5251 1868 5318 habebatur,

281 5349 449 5407 atque
509 5339 647 5394 alios
702 5342 1068 5412 quadraginta
1132 5343 1377 5397 illustres
1437 5359 1534 5398 seu
1597 5345 1869 5413 primores

277 5430 585 5488 Chersonis
641 5449 748 5488 una
801 5450 924 5489 cum
977 5435 1181 5491 familia
1220 5438 1482 5507 ipsorum
1538 5438 1753 5492 vinctos
1801 5439 1868 5493 ad

281 5523 672 5591 imperatorem
718 5525 1011 5581 miserunt.
1058 5528 1212 5584 Alios
1246 5542 1380 5582 vero
1408 5535 1616 5598 septem
1652 5544 1716 5584 ex
1757 5530 1869 5598 pri-

278 5615 529 5671 moribus
559 5613 860 5674 Chersonis
903 5619 958 5672 in
1005 5620 1242 5676 verubus
1282 5620 1478 5691 ligneis
1525 5621 1637 5690 igni
1690 5621 1868 5690 appli-

277 5712 472 5758 cantes
505 5714 866 5776 assavcrunt;
903 5708 1042 5766 alios
1076 5710 1240 5766 etiam
1276 5709 1464 5781 viginti
1498 5717 1621 5780 post
1650 5717 1863 5781 tergum

1983 4517 2174 4572 matris
2243 4521 2367 4573 sinu
2424 4520 2693 4589 peremit,
2755 4521 2896 4573 hanc
2959 4529 3140 4574 autem
3188 4524 3368 4592 coegit
3428 4540 3570 4580 con-

1971 4605 2126 4675 juugi
2159 4609 2382 4678 proprio
2408 4624 2608 4680 coquo,
2643 4609 2736 4679 qui
2767 4617 2884 4662 erat
2917 4600 3116 4678 genere
3148 4609 3335 4669 Indus.
3367 4613 3570 4687 Sicque

1979 4698 2088 4750 alio
2136 4701 2352 4770 navigio
2395 4708 2718 4755 constructo
2763 4698 3010 4754 Maurum
3043 4704 3333 4772 patricium
3371 4706 3565 4764 [Iesum

1977 4787 2196 4860 dirigit,
2278 4793 2496 4846 traditis
2547 4794 2598 4848 ei
2647 4793 2715 4847 ad
2766 4795 3052 4849 civitatum
3104 4803 3565 4870 expugnationem

1979 4885 2250 4940 machinis
2285 4894 2340 4940 et
2369 4887 2542 4941 ariete
2571 4887 2833 4958 omnique
2878 4888 2946 4943 ad
2991 4891 3142 4946 urbis
3175 4873 3563 4951 exterminium

1975 4977 2364 5044 instrumento,
2396 4979 2666 5033 mandans
2691 4981 2767 5034 illi
2801 4995 2987 5036 muros
3017 4984 3235 5052 quidem
3266 4988 3563 5043 Cherson's

1974 5083 2301 5139 onmemque
2341 5069 2531 5124 urbem
2583 5071 2648 5125 ad
2697 5080 2900 5127 terram
2938 5084 3306 5145 prosternere,
3356 5080 3560 5132 nullam

1973 5176 2104 5216 vero
2143 5163 2378 5215 animam
2427 5178 2495 5216 ex
2537 5164 2657 5234 ipsa
2697 5166 2996 5232 viviﬁcare,
3047 5169 3408 5239 crebriusque
3438 5187 3561 5237 qua:

1973 5269 2003 5307 a
2058 5269 2121 5308 se
2181 5261 2476 5323 agerentur
2543 5257 2996 5327 suggestiouibus
3081 5242 3357 5312 iniimare.
3446 5257 3559 5314 Hoc

1972 5353 2156 5399 autem
2203 5355 2612 5412 transmeante,
2666 5364 2871 5419 perque
2922 5349 3146 5403 arietem
3197 5357 3403 5403 turrem
3436 5365 3560 5420 «μιω

1971 5436 2262 5492 dicebatur
2315 5438 2720 5503 Centiuarisia,
2775 5441 2941 5496 simul
2991 5449 3046 5495 et
3090 5442 3390 5512 proximam
3434 5443 3557 5513 ejus

1970 5526 2256 5599 Syagrium
2297 5540 2546 5608 vocatam
2607 5531 2938 5601 deponcnte,
2997 5529 3368 5604 Chazarisque
3427 5552 3555 5606 per-

1973 5621 2322 5676 venientibus
2371 5620 2531 5678 factae
2574 5632 2702 5678 sunt
2752 5624 2986 5680 inducite
3035 5624 3185 5680 belli.
3246 5625 3552 5683 Bardanius

1969 5722 2150 5770 autem
2203 5713 2434 5788 fugiens~
2470 5716 2536 5772 ad
2588 5719 2892 5791 chaganum
2945 5718 3223 5794 pergebat.
3253 5719 3386 5776 Cum
3420 5736 3553 5784 vero
