3978 6212
410 302 543 366 1347

1503 294 1903 355 ANAS’I‘ASII
1953 290 2581 364 BIBUOTIIECARII

3552 291 3671 357 13ιὸ

404 419 660 475 inefﬁcax
706 416 881 473 stolus
926 414 1159 468 eﬂ‘ectus
1200 411 1268 466 ad
1311 411 1700 481 imperatorem
1755 425 2001 466 remeare
2026 422 2079 473 Α
2108 418 2174 465 ιιι
2221 411 2300 465 ait
2348 408 2671 464 inclausus:
2724 404 2785 461 Si
2841 403 2984 460 Deus
3027 401 3200 474 jubet,
3251 417 3310 459 tu
3344 406 3672 477 quamobrem

405 514 588 567 minus
618 509 874 573 auderet,
893 503 1271 560 Justinianum
1293 504 1516 575 quidem
1548 503 1820 559 exsecrati
1846 510 1998 572 sunt,

405 601 740 656 Bardanium
796 606 980 652 autem
1043 604 1105 651 ut
1153 595 1549 664 imperatorem
1604 604 1658 650 et
1716 594 1823 665 ipsi
1881 595 2003 647 lau-

404 696 567 748 dibus
629 691 971 745 extulerunt.
1028 687 1297 742 Praeterea
1354 687 1636 757 petierunt
1680 700 1711 739 a
1753 688 2003 756 chagano

406 784 492 839 uti
544 785 705 838 daret
749 781 854 837 sibi
908 779 1303 853 Philippicum.
1352 778 1529 833 Porro
1577 778 1828 848 cbagano
1868 793 1993 832 ver-

406 880 534 931 bum
587 876 658 929 ab
716 875 827 929 illis
877 875 1154 944 exigente,
1213 886 1281 926 ne
1330 870 1662 941 proderetur
1706 870 1777 924 ab
1817 869 1899 923 eis
1948 875 2002 922 et

405 969 716 1024 deferretur
759 967 810 1021 ei
858 982 958 1037 per
1004 979 1452 1035 unumquemque
1496 965 1672 1018 virum
1724 964 2001 1017 numisma

410 1076 616 1123 unum,
657 1059 738 1113 illi
793 1058 1051 1128 protinus
1091 1057 1177 1111 itis
1217 1057 1365 1112 datis
1401 1061 1737 1126 acceperunt
1786 1051 2001 1121 Philip-

405 1156 593 1221 picum
650 1154 1068 1222 imperatorem.
1119 1149 1257 1205 Cum
1321 1160 1504 1203 autem
1561 1148 1761 1203 classis
1815 1160 2000 1200 mora-

409 1256 563 1300 retur
608 1253 662 1300 et
717 1245 1007 1315 suggestio
1068 1243 1218 1296 nulla
1276 1244 1530 1307 veniret,
1590 1241 1767 1296 sensit
1823 1237 2002 1293 Justi-

408 1341 609 1391 nianus
661 1352 910 1401 causam,
962 1337 1312 1406 sumptisque
1357 1350 1544 1390 secum
1581 1334 1668 1389 his
1709 1335 1803 1404 qui
1841 1340 2002 1387 erant

405 1427 643 1493 Obsicii,
703 1437 759 1483 et
816 1438 972 1498 parte
1016 1427 1539 1493 Thracesiensium,
1595 1427 1850 1482 ascendit
1901 1440 1999 1480 us-

406 1534 514 1589 que
574 1518 833 1589 Sinopem
890 1519 961 1573 ad
1017 1518 1283 1575 discenda
1343 1533 1467 1588 qua:
1523 1517 1822 1572 Chersonae
1884 1515 2003 1570 fue-

404 1620 532 1665 t'ant
587 1620 764 1681 gesta.
807 1609 1056 1682 Cumque
1099 1610 1411 1665 intueretur
1452 1608 1750 1663 interiores
1789 1614 1998 1678 partes,

405 1704 556 1758 videt
613 1704 850 1758 classem
910 1704 977 1757 ad
1026 1704 1217 1757 urbem
1267 1703 1389 1756 vela
1446 1708 1758 1755 moventem
1788 1739 1803 1764 ,
1856 1697 2002 1752 fren-

2105 501 2432 557 contradicis
2459 502 2486 554 .’
2517 502 2633 554 Hoc
2667 507 2844 551 autem
2873 494 2996 551 dico
3026 496 3142 561 tibi,
3173 498 3304 568 quia
3346 507 3505 552 sexta
3536 516 3676 571 syna-

2104 594 2204 647 dus
2232 593 2370 647 male
2399 592 2546 661 facta
2575 599 2675 644 est.
2732 589 2795 644 Si
2821 605 2945 659 ergo
2971 587 3342 659 imperaverit,
3379 590 3520 644 hanc
3564 607 3677 660 pro-

2096 687 2227 756 jice,
2282 696 2332 741 et
2382 686 2649 755 efﬁcietur
2677 684 2958 753 imperium
2992 684 3087 737 tibi
3120 683 3263 750 {orte
3294 693 3461 753 atque
3497 683 3680 756 longe.

2104 758 2405 844 vumdQui
2461 793 2588 832 cum
2641 776 2959 846 juramento
3022 775 3321 845 spopondit
3370 777 3422 830 ei
3474 790 3536 831 se
3587 778 3679 833 hoc

2104 871 2395 927 facturum.
2442 871 2580 925 Cum
2613 881 2799 924 autem
2829 867 3095 924 Leontius
3127 867 3448 924 Justiniano
3475 885 3682 925 succes.

2103 963 2305 1027 sisset,
2358 961 2608 1017 ascendit
2663 959 3007 1030 Philippicus
3058 959 3127 1014 ad
3197 958 3547 1023 inciausum,
3591 962 3679 1032 qui

2103 1057 2237 1110 dicit
2274 1056 2324 1110 ei
2359 1072 2374 1108 :
2412 1052 2496 1108 Ne
2523 1054 2743 1123 festines
2770 1068 2789 1106 :
2834 1053 2926 1122 ﬁet
2957 1051 3071 1105 tibi.
3112 1051 3364 1124 Cumque
3411 1061 3470 1106 et
3524 1053 3681 1110 Absi-

2103 1164 2292 1204 marus
2344 1148 2693 1216 imperasset,
2748 1158 2945 1200 rursus
2998 1143 3247 1198 ascendit
3293 1144 3359 1198 ad
3399 1161 3548 1210 eum,
3587 1145 3678 1201 cui

2105 1242 2195 1294 ille
2235 1241 2431 1295 iterum
2465 1240 2543 1293 ait
2570 1253 2584 1290 :
2640 1233 2725 1293 Ne
2752 1236 3041 1292 aceeieres:
3070 1234 3206 1289 illud
3232 1237 3363 1289 enim
3388 1235 3679 1307 prauo“-

2106 1347 2193 1391 tur
2243 1346 2312 1391 te.
2387 1334 2562 1391 Porro
2605 1350 2733 1389 cum
2791 1332 3134 1403 Phi1ippicus
3191 1332 3285 1387 hoc
3336 1333 3666 1402 quibusdam

2104 1431 2299 1485 amicis
2358 1429 2476 1484 suis
2545 1428 2782 1482 lldenter
2828 1426 3030 1482 fuisset
3083 1425 3407 1488 confessus,
3466 1428 3531 1480 ab
3580 1426 3665 1481 eis

2103 1524 2397 1580 Absimaro
2429 1525 2738 1578 nuntiatum
2769 1529 2876 1586 est,
2908 1521 3001 1591 qui
3035 1534 3242 1576 caesum
3277 1532 3341 1575 ac
3365 1529 3577 1573 tonsum
3602 1533 3667 1575 ac

2105 1618 2302 1675 ferreis
2343 1619 2580 1675 vinculis
2627 1615 2908 1688 alligatum
2962 1615 3107 1670 hunc
3158 1615 3214 1668 in
3272 1613 3670 1685 Cephalieniam

2104 1713 2348 1769 exsulem
2405 1711 2571 1767 misit.
2601 1708 2739 1765 Cum
2788 1716 2967 1763 autem
3011 1705 3360 1762 Justinianus
3396 1705 3680 1777 imperium

404 1799 656 1865 deusque
710 1803 769 1849 ut
815 1797 934 1862 leo,
983 1805 1039 1849 et
1092 1796 1209 1865 ipse
1256 1795 1323 1849 ad
1378 1794 1572 1849 urbem
1632 1805 1992 1854 reversurus,

2105 1806 2457 1875 suscepisset,
2492 1803 2772 1859 revocavit
2810 1816 2956 1863 eum,
2993 1808 3049 1855 et
3080 1815 3208 1854 cum
3239 1808 3521 1870 regnaret,
3563 1798 3685 1853 fecit

407 1885 671 1953 impetum
722 1886 1145 1941 demonstravit.
1203 1884 1405 1939 Verum
1459 1884 1763 1954 Philippico
1806 1898 1998 1955 perve-

409 1978 593 2031 niente
638 1978 753 2046 ipse
809 1980 874 2032 ad
934 1978 1265 2032 Damastrim
1311 1978 1542 2032 veniens
1594 1987 1777 2032 castra
1825 1985 1999 2031 meta-

404 2079 497 2124 tus
533 2078 636 2125 est.
677 2076 747 2124 At
773 2084 905 2125 vero
934 2068 1273 2141 Philippicus
1304 2071 1569 2125 continuo
1602 2069 1769 2125 tnittit
1800 2077 1998 2125 contra

406 2161 687 2220 'l'iberium
736 2164 956 2235 quidem
990 2164 1240 2219 Maurum
1280 2166 1572 2236 patricium
1620 2179 1745 2219 cum
1786 2162 1999 2219 Joanne

407 2259 692 2328 spathario
749 2268 1120 2329 cognomento
1175 2258 1428 2322 Strutho,
1480 2257 1693 2313 Heliam
1730 2271 1861 2312 vero
1920 2257 1998 2311 si-

405 2351 615 2406 iniliter
668 2367 791 2407 cum
847 2351 1166 2407 incursione
1213 2352 1436 2407 militari
1493 2359 1685 2407 contra
1734 2348 2001 2406 Justinia—

408 2459 538 2496 num
611 2445 667 2497 in
742 2442 1112 2507 Damastrim,
1187 2444 1494 2513 iterumque
1565 2444 1733 2497 alium
1806 2451 1996 2497 contra

409 2534 882 2597 Barisbacurium,
929 2534 1023 2605 qui
1067 2535 1193 2605 fuga
1249 2534 1430 2590 fuerat
1479 2552 1638 2591 usus.
1672 2534 1739 2589 Et
1776 2534 1998 2590 Maurus

407 2627 628 2695 quidem
671 2642 777 2680 una
815 2643 940 2681 cum
982 2630 1094 2699 jam
1137 2630 1284 2683 dicto
1325 2630 1554 2683 Strutho
1592 2643 1717 2683 cum
1757 2629 1825 2683 ad
1869 2627 1998 2683 Bia-

410 2719 646 2773 t-hernas
699 2719 948 2784 abiisset,
1005 2721 1213 2773 invenit
1253 2719 1535 2774 Tiberium
1586 2721 1757 2774 altera
1801 2729 1997 2774 tenen-

410 2821 519 2866 tem
579 2826 741 2864 manu
792 2811 1142 2866 columeHant
1195 2821 1399 2866 sanctae
1446 2827 1651 2867 mensa:
1701 2811 1794 2865 Dei
1832 2810 1997 2865 Geni-

411 2904 570 2958 tricis
617 2903 811 2957 altaris
858 2911 915 2957 et
963 2904 1133 2957 altera
1176 2904 1419 2974 pretiosa
1457 2902 1625 2973 ligna,
1664 2911 1719 2957 et
1757 2903 1812 2956 in
1850 2903 1994 2957 collo

413 2996 685 3067 phylacta,
723 3002 877 3049 extra
905 2994 1148 3049 tribunal
1181 3004 1362 3051 autem
1405 2995 1734 3051 residentem
1759 2996 2000 3051 Anasta—

407 3089 583 3150 siam,
641 3085 815 3156 patris
859 3085 982 3155 ejus
1032 3096 1303 3150 matrem,
1363 3101 1486 3157 quae
1538 3086 1715 3141 Mauri
1765 3086 1997 3157 pedibus

2106 1892 2592 1969 pseudosynodum
2650 1892 3040 1963 episcoporum
3067 1890 3224 1960 juxta
3267 1892 3688 1960 pseudo-mona-

2104 1987 2194 2044 chi
2241 1994 2296 2041 et
2352 1983 2590 2041 inciausi
2630 1997 2964 2045 sermonem,
3015 1989 3074 2036 et
3103 1980 3308 2048 abjecit
3340 1987 3590 2033 sanctam
3636 1986 3691 2033 et

2106 2079 2469 2135 universaiem
2526 2083 2738 2132 sextam
2798 2072 3093 2146 synodum.
3172 2071 3491 2139 Eodemque
3544 2084 3689 2124 anno

2104 2186 2282 2226 vanus
2309 2169 2598 2226 oculorum
2637 2167 2941 2222 caecitatem
2978 2164 3257 2229 incurrit;
3315 2164 3526 2235 quique
3566 2177 3688 2218 cum

2105 2262 2162 2316 in
2220 2260 2391 2315 multa
2446 2259 2663 2330 positus
2703 2256 3004 2313 securitate
3045 2256 3099 2310 in
3132 2256 3416 2327 regalibus
3445 2255 3686 2323 degeret,

2106 2352 2627 2423 multitudinemque
2642 2352 3005 2421 pecuniarum
3031 2359 3085 2404 et
3112 2348 3692 2419 splendidissimarum

2105 2444 2537 2501 substantiarum
2578 2442 2714 2508 illic,
2767 2458 2835 2497 ex
2890 2439 3080 2496 multis
3134 2450 3282 2495 retro
3342 2438 3694 2508 temporibus

2105 2537 2289 2593 abhis
2316 2537 2410 2607 qui
2445 2545 2604 2591 antea
2654 2536 3062 2606 imperaverant
3089 2572 3107 2598 ,
3151 2547 3216 2587 ex
3262 2531 3701 2602 proscriptioni-

2106 2631 2209 2685 bus
2238 2642 2294 2685 et
2339 2629 2576 2685 diversis
2632 2628 3042 2693 occasionibus,
3086 2627 3449 2703 maximeque
3489 2639 3523 2678 a
3552 2640 3707 2695 pra:-

2104 2720 2251 2775 tlicto
2279 2717 2594 2775 Justiniano
2624 2719 2978 2775 coilectarum
3033 2715 3356 2781 invenisset,
3398 2714 3519 2769 haec
3567 2715 3705 2770 fru-

2103 2821 2215 2865 stra
2258 2819 2312 2865 et
2358 2811 2638 2865 incassum
2679 2826 2744 2865 ac
2784 2810 2906 2865 sine
2946 2808 3131 2863 dolore
3158 2806 3452 2877 dispersit.
3517 2807 3598 2862 Et
3643 2810 3699 2865 in

2103 2898 2573 2969 disputationibus
2616 2899 2838 2969 quidem
2896 2897 3014 2955 suis
3062 2896 3412 2952 rationabilis
3452 2903 3512 2951 et
3569 2913 3704 2964 pre-

2103 2988 2238 3043 dens
2269 2985 2708 3053 existimabatur,
2738 2987 2793 3042 in
2835 2987 3053 3042 actibus
3084 2993 3265 3039 autem
3307 2984 3615 3038 inhoneste
3635 2997 3701 3036 ac

2106 3079 2327 3148 indigne
2382 3078 2552 3132 vitam
2604 3092 2996 3132 eottsmnmans
3046 3074 3428 3144 improbabilia
3485 3072 3701 3144 ubique

408 3178 701 3246 provoluta
752 3177 1038 3248 ﬂagitabat
1099 3192 1167 3232 ne
1229 3193 1364 3233 suus
1419 3178 1767 3233 occideretur
1824 3193 1997 3248 nepos
2024 3157 2068 3214 ο
2109 3169 2641 3225 demonstrabatur:
2679 3176 2799 3225 erat
2832 3180 3017 3225 autem
3046 3168 3341 3225 haereticus
3366 3175 3422 3222 et
3448 3168 3699 3223 adulter.

410 3268 689 3332 Tiberius,
735 3277 924 3336 utpote
967 3267 1057 3336 qui
1102 3268 1243 3321 nihil
1277 3277 1521 3349 gesserat
1559 3283 1808 3337 pravum.
1839 3269 2005 3323 Cum—

408 3376 515 3427 que
550 3360 639 3411 illa
679 3359 845 3427 pedes
900 3359 1022 3428 ejus
1064 3366 1273 3413 teneret
1302 3368 1363 3414 et
1407 3375 1532 3413 cum
1578 3360 1835 3432 laerymis
1869 3379 2001 3435 sup-

408 3451 673 3518 plicaret,
726 3450 1011 3518 ingressus
1064 3461 1151 3505 est
1208 3449 1474 3507 Struthus
1530 3452 1675 3505 intra
1735 3454 1999 3520 tribunal,

406 3549 462 3593 et
510 3540 561 3593 vi
611 3540 846 3608 arripuit
915 3540 1091 3608 illurn,
1154 3550 1206 3596 et
1280 3543 1521 3613 pretiosa
1574 3542 1792 3611 quidem
1842 3544 1989 3616 ligna

410 3631 478 3683 ab
524 3644 595 3683 eo
654 3630 869 3684 sublata
925 3645 1094 3701 supra
1160 3646 1407 3687 mensam
1467 3633 1684 3701 posuit,
1745 3634 1997 3706 phylacta

410 3739 542 3778 vero
590 3724 646 3777 in
702 3722 843 3776 collo
886 3736 988 3777 suo
1036 3725 1346 3793 suspendit.
1397 3723 1574 3781 Puero
1620 3737 1800 3782 autem
1855 3727 2000 3783 foras

406 3816 607 3872 educto
653 3821 820 3885 atque
864 3814 1159 3884 dispoliato
1206 3830 1481 3887 supraque
1532 3817 1698 3872 limen
1728 3832 1996 3888 expanso,

410 3916 602 3977 guttur
658 3905 780 3975 ejus
849 3907 1025 3962 instar
1089 3908 1206 3962 ovis
1263 3915 1550 3973 secarunt,
1617 3913 1673 3962 et
1732 3907 1876 3963 hunc
1942 3908 1997 3963 in

408 3998 615 4070 templo
655 3995 757 4052 SS.
804 3997 1244 4069 Anargyrorum,
1285 3997 1432 4068 quod
1480 3997 1721 4053 Paulinae
1750 4005 1995 4066 vocatur,

409 4091 628 4162 sepeliri
675 4086 1030 4145 mandarunt.
1075 4090 1522 4161 Comprehensos
1566 4104 1697 4146 vero
1737 4100 1996 4161 praeterea

405 4194 463 4240 et
510 4184 956 4248 Barisbac‘urius,
1004 4185 1214 4255 primus
1256 4183 1523 4253 patricius
1571 4192 1625 4239 et
1673 4199 1856 4240 comes
1900 4178 1997 4238 ob;

407 4278 610 4349 sequii,
663 4279 1026 4345 interemptus
1105 4288 1208 4330 est.
1263 4274 1434 4329 Porro
1488 4275 1642 4331 Helia
1702 4263 1810 4330 una
1867 4291 1992 4331 cum

406 4385 474 4425 eo
526 4368 639 4439 .qui
711 4383 897 4425 secum
961 4380 1079 4423 erat
1137 4368 1469 4424 ascendente
1534 4370 1588 4424 in
1655 4370 1989 4435 Damastrin,

2107 3259 2280 3317 Porro
2316 3261 2463 3334 Cyro
2503 3262 2815 3331 patriarcha
2856 3264 3017 3333 pulso
3049 3261 3317 3319 Joannem
3369 3263 3698 3318 communi-

2106 3361 2348 3408 catorem
2396 3368 2559 3408 suum
2611 3363 2779 3424 atque
2827 3355 3146 3410 haereticum
3203 3355 3261 3411 in
3312 3356 3694 3426 patriarcbam

2105 3446 2398 3515 promovit.
2706 3500 2709 3501 ν

2177 3532 2365 3592 Mundi
2410 3551 2557 3592 anno
2598 3535 2763 3600 θροι,
2821 3536 3023 3592 divina
3074 3537 3487 3592 incarnationis
3545 3551 3705 3591 anno

2101 3627 2228 3695 704,
2270 3630 2503 3699 imperat
2550 3629 2819 3684 Romanis
2855 3629 3229 3701 Philippicus,
3262 3629 3358 3700 qui
3394 3629 3707 3701 imperavit

2100 3722 2263 3777 annis
2309 3722 2547 3779 duobus.
2592 3721 2867 3777 Arabibus
2900 3730 3099 3794 praeest
3134 3720 3354 3787 Hualid,
3382 3723 3483 3793 qui
3520 3722 3702 3777 duca-

2100 3822 2213 3867 tum
2263 3830 2456 3870 novem
2505 3816 2683 3870 tenuit
2738 3816 2923 3872 annis.
2972 3813 3214 3870 Joannes
3269 3830 3505 3885 quoque
3545 3816 3698 3871 Con-

2098 3906 2625 3977 stantitmpolitanus
2672 3917 2837 3978 atque
2874 3905 3121 3962 Joannes
3151 3906 3704 3978 Hierosolymitanus

2100 3998 2372 4055 habentur
2398 4001 2695 4063 antistites,
2730 4017 2966 4069 quorum
2998 4002 3137 4056 alter
3164 4001 3367 4066 tribus,
3402 4000 3554 4057 alter
3575 4016 3703 4056 vero

2096 4089 2320 4159 triginta
2370 4087 2589 4160 praefuit
2644 4090 2805 4145 annis
2837 4085 3116 4144 Ecclesiae.

2170 4184 2328 4236 Anno
2377 4182 2547 4253 igitur
2599 4183 2816 4251 imperii
2856 4181 2942 4237 sui
2983 4180 3319 4252 Philippicus
3358 4184 3550 4252 primo
3592 4185 3703 4239 Ar-

2097 4276 2308 4331 menios
2347 4274 2416 4329 de
2466 4288 2612 4330 terra
2648 4290 2746 4330 sua
2779 4277 2988 4345 pellens
3011 4276 3064 4330 in
3107 4277 3372 4330 Armenia
3406 4292 3615 4346 quarta
3647 4288 3703 4333 rt

2094 4366 2348 4423 Melitene
2375 4368 2627 4421 habitare
2659 4370 2863 4437 coegit.
2901 4365 3073 4421 Porro
3107 4380 3216 4422 non
3257 4370 3559 4437 praevaluit
3596 4386 3703 4425 Stc-

403 4474 461 4516 et
513 4462 581 4516 ad
628 4475 913 4517 sermones
957 4476 1081 4515 cum
1145 4475 1210 4515 eo
1265 4461 1359 4531 qui
1408 4460 1521 4516 illic
1576 4471 1694 4516 erat
1742 4462 1983 4517 exercitu
2022 4501 2063 4555 ὓ
2093 4460 2215 4514 vius
2246 4459 2454 4515 moveri
2489 4466 2681 4513 contra
2711 4466 2963 4514 sanctam
2991 4467 3048 4514 et
3072 4459 3447 4516 universalem
3476 4473 3697 4517 sextam

406 4555 686 4619 veniente,
727 4554 1064 4624 verbumque
1105 4552 1449 4624 impunitatis
1499 4552 1703 4624 pepuio
1742 4554 1836 4623 qui
1869 4563 1987 4609 erat

403 4662 527 4701 cum
579 4645 894 4703 JuSiiniano
940 4648 1252 4719 praebente.
1308 4644 1637 4716 sequestrati
1692 4654 1822 4701 sunt
1868 4647 1990 4700 uni-

406 4738 548 4794 versi
604 4749 659 4794 ct
696 4740 1076 4795 discesserunt
1127 4755 1155 4793 a
1206 4736 1556 4801 Justiniano,
1611 4738 1788 4793 solum
1842 4737 1990 4795 hunc

401 4831 720 4887 deserentes
780 4841 835 4888 et
898 4836 964 4887 ad
1028 4842 1211 4903 partes
1270 4830 1557 4903 Philippici
1623 4830 1984 4887 conﬂuentes.

403 4924 559 4979 Tunc
616 4925 912 4993 prmdictns
977 4926 1163 4980 llelias
1232 4926 1550 4998 spatharius
1611 4922 1798 4979 furore
1861 4938 1987 4978 cur-

402 5032 550 5079 rens,
611 5015 753 5070 collo
805 5014 929 5083 ejus
978 5017 1346 5087 apprehenso,
1400 5019 1666 5088 pugione,
1713 5032 1823 5086 quo
1869 5025 1987 5070 erat

398 5112 711 5176 accinctus,
741 5110 1047 5179 amputavit
1070 5118 1232 5178 caput
1261 5110 1458 5181 ipsius,
1488 5121 1540 5163 et
1565 5124 1660 5179 per
1678 5109 1982 5164 Romanum

398 5205 738 5274 spatharinm
794 5201 861 5256 ad
917 5201 1281 5274 Philippicum
1335 5203 1504 5258 misit.
1560 5205 1628 5257 At
1679 5219 1807 5258 vero
1860 5202 1985 5256 Phi-

399 5297 637 5368 Iippit‘tts
693 5311 789 5367 per
842 5294 1094 5350 eumdem
1150 5294 1487 5364 spatharinm
1546 5292 1651 5347 hoc
1703 5292 1771 5348 ad
1820 5291 1980 5347 Occi-

396 5390 645 5444 dentales
677 5395 859 5457 partes
877 5403 1067 5457 -ttsque
1092 5385 1321 5440 Romam
1347 5384 1679 5439 transmisit.
1872 5412 1899 5454 ιι

474 5475 739 5534 l‘ra-terea
774 5479 1095 5550 priusquam
1142 5477 1442 5547 imperaret
1483 5485 1604 5529 erat
1633 5475 1856 5546 quidam
1892 5474 1979 5528 in-

402 5566 623 5625 clausus
673 5571 727 5624 in
762 5572 1097 5627 monasterio
1143 5569 1446 5626 Callistrati
1487 5569 1756 5638 praevisor
1785 5575 1840 5621 et
1873 5569 1982 5620 hie-

399 5655 637 5721 reticus,
684 5661 777 5728 qui
826 5662 1141 5718 ascendenti
1204 5663 1270 5716 ad
1318 5676 1379 5718 se
1435 5659 1743 5731 Philippico
1792 5657 1976 5713 dixit:

400 5746 689 5817 Imperium
715 5763 789 5803 est
826 5757 920 5809 tibi
958 5755 1265 5821 repositum.
1328 5755 1396 5809 At
1450 5753 1540 5810 ille
1578 5753 1832 5808 turbatus
1870 5761 1972 5808 est.

2093 4553 2385 4623 synodum,
2423 4550 2744 4606 subvertere
2792 4549 3025 4606 studens
3082 4549 3293 4616 divina,
3331 4568 3461 4621 quas
3513 4556 3583 4605 ah
3626 4568 3695 4608 ea

2095 4639 2355 4696 roborata
2395 4646 2547 4705 sunt,
2580 4638 2861 4710 dogmata.
2897 4641 3119 4711 Reperit
3142 4649 3325 4697 autem
3373 4645 3465 4699 sui
3491 4659 3695 4700 sensus

2088 4733 2376 4799 Joannem,
2402 4748 2563 4804 quem
2588 4733 2909 4803 episcopum
2937 4733 3509 4805 Constantinopoleos
3537 4736 3693 4801 fecit,

2089 4828 2342 4899 deposito
2392 4826 2539 4896 Cyro
2577 4824 2810 4896 praesule
2866 4825 3053 4896 hujus,
3110 4842 3270 4896 quem
3308 4828 3518 4882 exsilio
3552 4825 3697 4884 réle-

2088 4920 2235 4991 gavit
2285 4918 2339 4973 in
2381 4918 2721 4972 monasterio
2748 4915 2981 4983 Choras,
3024 4917 3425 4987 Nicolaumque
3483 4935 3519 4975 a
3569 4919 3696 4975 dia-

2088 5024 2228 5064 cono
2264 5023 2496 5064 caucum
2550 5007 2831 5073 eﬂectum,
2866 5010 2964 5078 qui
3001 5025 3127 5063 cum
3169 5010 3491 5065 medicinali
3544 5018 3692 5066 esset

2085 5102 2378 5173 disciplina
2443 5101 2713 5170 sophista,
2765 5107 2898 5157 tunc
2957 5111 3204 5173 quaestor
3258 5110 3402 5165 erat,
3462 5105 3693 5175 Ageipi-

2085 5196 2348 5264 diumque
2388 5194 2681 5249 diaconum
2711 5195 2916 5266 Magna
2956 5196 3226 5261 ecclesia,
3282 5205 3454 5268 atque
3485 5199 3688 5252 Antio-

2084 5291 2247 5343 chum
2288 5289 2786 5359 cbartophylacem,
2819 5299 2875 5344 et
2900 5290 3037 5345 alios
3072 5304 3285 5344 morum
3328 5293 3683 5355 earumdem,

2084 5382 2180 5450 qui
2246 5381 2414 5436 etiam
2492 5383 2704 5452 scripto
2760 5381 3371 5438 anathematizaverunt
3427 5395 3681 5440 sanetam

2083 5481 2291 5528 sextam
2329 5477 2622 5547 synodum.
2652 5474 2862 5532 interea
2903 5475 3168 5548 Volgares
3190 5492 3286 5547 per
3312 5475 3507 5533 Philea
3539 5479 3677 5533 clam

2083 5565 2138 5621 in
2162 5577 2453 5638 angustum
2484 5568 2808 5629 incidentes.
2840 5578 2894 5624 et
2921 5585 3117 5641 magna
3152 5568 3299 5626 caede
3329 5569 3478 5625 facta
3502 5585 3676 5639 usque

2083 5659 2149 5713 ad
2192 5659 2387 5714 urbem
2435 5658 2843 5724 discurrentes,
2873 5669 2928 5715 et
2962 5662 3168 5717 multos
3216 5662 3666 5721 transvchcntes.

2084 5749 2400 5822 nuptiisque
2453 5751 2732 5822 opulentis
2786 5762 2840 5809 et
2874 5753 3183 5825 dapsilibus
3237 5754 3489 5824 prandis
3545 5766 3667 5810 cum
