3978 6212
289 293 436 362 ηις)

1102 290 1469 350 HISTORIA
1505 285 2083 348 ECCLESIASTICA
2120 287 2224 348 EX
2251 286 2741 350 THEOPIIANE.

3432 284 3569 353 1350

293 402 452 458 vario
495 407 724 469 argento
755 403 1065 464 creteroque
1113 403 1378 466 apparatu
1439 397 1669 466 repertis
1711 409 1887 464 usque
1916 397 1967 456 A
2063 398 2224 454 Anno
2266 399 2480 470 imperii
2525 399 2781 466 Artemii,
2809 397 2904 470 qui
2940 406 2994 455 et
3028 399 3354 456 Anastasius
3389 400 3573 459 dictus

295 495 370 550 ad
424 506 649 546 auream
698 500 909 561 portam
961 487 1363 554 discurrentes,
1414 497 1639 559 totaque
1679 488 1892 543 Thrace

293 588 478 659 praeda
513 596 804 650 cvacuata,
849 582 1004 640 illarsi
1054 599 1180 640 cum
1227 585 1540 640 innumeris
1599 585 1893 654 pecoribus

293 685 366 737 ad
419 678 642 752 propria
700 686 833 734 sunt
865 677 1097 732 reversi.
1134 675 1409 731 Similiter
1436 686 1492 731 et
1523 677 1737 732 Arabes
1761 676 1892 732 Mis-

294 774 467 830 thiam
511 781 778 841 ceperunt
826 777 880 824 et
907 769 1011 824 alia
1049 777 1252 829 castra,
1287 768 1459 823 multa
1506 769 1687 838 praeda
1737 769 1898 824 fami-

297 868 498 921 liarum
553 866 915 936 plurimarum
971 873 1026 918 ct
1071 876 1336 934 pecorum
1395 862 1886 917 innumerabilium

297 962 466 1016 facta.

373 1052 533 1106 Anno
563 1049 778 1118 imperii
823 1047 1116 1118 Philippici
1170 1047 1414 1103 secundo
1455 1046 1629 1103 movit
1678 1045 1894 1102 exerci-

288 1153 419 1198 tum
452 1143 634 1198 Habas
671 1153 865 1196 contra
900 1141 1250 1207 Romaniam,
1287 1149 1342 1195 et
1365 1141 1512 1211 cepit
1545 1137 1896 1194 Antiochiam

293 1235 522 1292 Pisidia:
553 1250 676 1289 cum
730 1233 900 1287 multa
929 1231 1131 1303 praeda,
1161 1242 1218 1288 et
1266 1246 1526 1288 reversus
1554 1239 1659 1285 est.
1698 1229 1902 1284 Factus

301 1343 490 1386 autem
528 1340 611 1386 est
661 1337 717 1384 et
761 1338 920 1383 terra:
967 1335 1156 1381 motus
1188 1327 1244 1380 in
1276 1324 1458 1396 Syria.
1510 1323 1742 1378 Biennio
1771 1338 1902 1377 vero

291 1425 520 1495 .imperii
577 1422 866 1492 Philippici
914 1423 968 1474 in
993 1420 1084 1476 his
1139 1428 1478 1482 transeunte,
1512 1417 1773 1486 circoque
1801 1429 1903 1469 na-

313 1517 503 1571 talicio
533 1522 940 1578 consummato,
973 1527 1100 1566 cum
1133 1511 1349 1565 Prasini
1393 1509 1678 1571 vicissent,
1722 1507 1900 1561 visum

303 1617 392 1663 est
448 1605 764 1678 imperatori
807 1605 1035 1660 sabbato
1097 1602 1455 1657 Pentecostes
1493 1601 1738 1670 equitem
1775 1613 1901 1654 cum

297 1701 664 1769 susceptione
713 1713 776 1751 ac
831 1697 1057 1766 organis
1096 1693 1336 1765 ingredi,
1386 1701 1441 1749 et
1498 1692 1670 1747 lavari
1716 1691 1770 1744 in
1801 1707 1902 1759 pu-

305 1797 456 1849 lilico
514 1794 710 1848 balneo
773 1790 1062 1860 Zeuxippi,
1095 1799 1152 1844 et
1185 1805 1311 1843 cum
1369 1787 1585 1841 civibus
1633 1784 1903 1854 prosapiae

293 1885 546 1954 antiquae
576 1882 864 1952 prandere.
905 1880 1043 1934 Cum
1089 1888 1274 1934 autem
1307 1877 1538 1932 meridie
1571 1877 1901 1944 quiesceret,

301 1985 535 2045 repente
567 1989 662 2044 per
693 1988 916 2026 auream
950 1980 1166 2042 portam
1199 1971 1448 2026 introivit
1484 1963 1663 2022 Rufus
1694 1969 1904 2039 primus

305 2077 607 2122 stratorum
683 2062 1043 2132 Obsequii,..
1068 2101 1121 2117 ..
1178 2070 1546 2132 cognomento
1606 2059 1783 2114 Burafi
1848 2067 1904 2112 et

309 2158 586 2212 Theodori
616 2155 832 2226 patricii
867 2153 1083 2223 Myacii,
1111 2167 1236 2206 cum
1269 2151 1469 2204 taxatis
1505 2164 1646 2220 quos
1669 2148 1902 2203 habebat

310 2255 367 2306 itt
420 2250 635 2303 Thrace
687 2248 949 2303 thematis
997 2247 1108 2311 sui,
1137 2255 1192 2298 et
1227 2243 1498 2299 festinans
1546 2245 1599 2296 in
1638 2241 1902 2312 palatium

315 2347 528 2399 invenit
565 2342 934 2413 Pbilippicum
973 2337 1206 2394 meridie
1245 2338 1643 2408 quiescentem,
1675 2343 1726 2388 et
1750 2347 1902 2388 com-

303 2439 645 2507 prehensum
696 2450 820 2489 eum
859 2433 1014 2488 duxit
1045 2445 1268 2487 sursum
1327 2430 1380 2484 in
1433 2427 1737 2482 oratorium
1767 2424 1903 2479 Pra-

303 2529 582 2590 sinorum,
615 2536 668 2580 et
711 2524 825 2580 illic
857 2523 980 2593 ejus
1011 2522 1204 2577 oculos
1251 2519 1417 2582 eruit,
1466 2519 1618 2573 nullo
1671 2518 1902 2574 sciente.

315 2621 376 2675 tu
412 2618 716 2671 crastinum
754 2625 958 2679 autem,
991 2613 1046 2667 id
1084 2619 1170 2667 est
1199 2611 1540 2675 Pentecoste,
1578 2615 1906 2665 coacervato

313 2711 369 2764 itt
416 2706 614 2777 Magna
651 2705 886 2760 ecclesia
923 2703 1126 2774 populo
1164 2709 1462 2758 coronatus
1490 2708 1576 2755 est
1621 2698 1905 2753 Artemius

311 2803 523 2869 primus
577 2815 609 2853 a
671 2799 926 2861 secretis,
976 2803 1193 2851 mutato
1265 2794 1492 2848 nomine
1555 2791 1901 2847 Anastasius.

309 2892 554 2946 Sabbato
623 2903 755 2946 vero
815 2896 940 2958 post
1000 2885 1366 2941 Pcntecosten
1433 2883 1610 2937 oculis
1660 2884 1905 2952 privatus

312 2989 370 3036 et
392 2979 713 3034 Theodorus
739 2977 980 3050 Myaces,
1014 2985 1069 3031 et
1103 2973 1345 3032 secundo
1384 2973 1615 3026 sabbato
1643 2972 1696 3025 id
1724 2973 1905 3038 ipsum

1999 498 2102 553 est,
2147 492 2389 546 secundo
2436 498 2687 549 mortuus
2722 501 2808 548 est
2846 489 3042 547 Vhalid
3082 491 3325 548 Arabum
3355 493 3490 559 dux,
3522 507 3577 551 et

1997 579 2242 633 Suliman
2278 579 2330 634 in
2383 580 2690 650 principatu
2737 582 3003 647 succedit,
3037 582 3128 650 qui
3160 582 3338 637 tribus
3358 584 3578 652 praefuit

2000 671 2184 727 annis.
2276 671 2583 728 Germanus
2647 688 2869 743 quoque
2926 672 3577 746 Constantiuopolitanus

2000 763 2232 819 habetur
2261 766 2512 827 antistes,
2531 766 2625 835 qui
2660 765 2836 821 eidem
2869 767 3069 820 throno
3098 767 3411 836 quindecim
3438 786 3576 840 prai-

1999 856 2143 912 sedit
2178 859 2361 914 annis.
2429 858 2632 914 Eodem
2659 875 2881 929 quoque
2913 875 3056 914 anno
3090 862 3393 919 translatus
3426 872 3512 920 est
3545 880 3576 919 a

1997 949 2200 1020 Cyzico
2228 949 2363 1005 urbe
2385 951 2674 1019 metrOpoli
2699 949 3261 1024 Constantinopolim,
3300 955 3354 1009 in
3387 972 3498 1026 quo
3525 967 3581 1010 et

2003 1042 2484 1097 commonitorium
2538 1044 2946 1112 translationis,
3003 1047 3151 1115 quod
3208 1047 3576 1114 subinfertur,

2001 1137 2418 1205 pronuntiatum
2449 1145 2535 1192 est
2572 1139 2862 1194 continens
2887 1139 2960 1193 ita
2991 1157 3004 1193 :
3034 1141 3302 1198 Electione
3319 1153 3369 1198 et
3392 1160 3580 1213 appro-

2001 1227 2214 1284 batione
2250 1230 2779 1298 retigiosissimorum
2829 1232 3256 1302 presbyterorum
3314 1248 3362 1290 et
3396 1237 3580 1292 dims-

2005 1336 2193 1373 narum
2220 1329 2270 1374 et
2307 1321 2470 1374 totius
2500 1321 2816 1376 verterabilis
2851 1323 2981 1376 cleri
3018 1327 3262 1396 sacrique
3289 1342 3502 1384 senatus
3528 1341 3578 1383 et

2005 1411 2165 1465 amici
2199 1410 2400 1466 Christi
2437 1413 2621 1481 populi
2659 1411 2762 1467 Deo
2803 1401 3378 1486 conservandie'hujus
3422 1423 3580 1490 regia!

2005 1501 2172 1566 urbis,
2197 1502 2377 1557 divina
2407 1506 2606 1574 gratia,
2633 1520 2750 1574 quae
2778 1521 2980 1575 semper
3017 1509 3230 1575 inﬁrma
3263 1521 3417 1564 curat
3443 1524 3491 1566 et
3518 1531 3579 1569 ea

2004 1608 2120 1664 qua:
2155 1604 2281 1649 sunt
2324 1594 2599 1662 adimplet,
2648 1597 2924 1650 transtulit
2960 1597 3278 1654 Germanum
3301 1607 3581 1660 sanctissi-

2008 1701 2148 1739 mum
2184 1687 2467 1754 prwsulem
2511 1687 2878 1757 Cyziceusium
2921 1695 3263 1759 metropoleos
3298 1696 3351 1749 in
3375 1699 3578 1762 episca-

2005 1796 2124 1842 pum
2161 1781 2317 1850 hujus
2362 1780 2468 1836 Deo
2509 1783 2880 1837 conservandae
2913 1801 2976 1838 ac
3006 1786 3360 1854 imperatoria
3393 1792 3582 1844 civita-

2005 1873 2095 1925 tis.
2137 1870 2308 1927 Facta
2341 1883 2516 1926 autem
2547 1882 2626 1927 est
2654 1890 2888 1943 prwsens
2922 1879 3204 1932 translatio
3221 1880 3270 1933 in
3297 1885 3580 1949 praesentia

2007 1962 2278 2018 Michaelis
2313 1965 2638 2020 sanctissimi
2668 1966 2958 2036 presbyteri
2994 1979 3043 2022 et
3078 1975 3415 2040 apocrisiarii
3450 1991 3580 2042 apo-

2005 2059 2207 2114 stolica:
2235 2059 2398 2124 sedis,
2425 2069 2474 2113 et
2498 2061 2820 2129 reliquorum
2841 2063 3174 2118 sacerdotum
3203 2082 3264 2118 ac
3290 2068 3579 2135 pra'sutum

2005 2153 2100 2206 sub
2161 2152 2396 2206 Artemio
2449 2151 2785 2219 imperatore.
2874 2153 3044 2209 Porro
3111 2172 3234 2210 cum
3301 2159 3581 2213 Artemius

2006 2245 2287 2300 didicisset
2308 2244 2453 2314 quod
2481 2246 2678 2300 classis
2714 2246 3110 2300 Saracenorum
3146 2249 3216 2303 ab
3248 2250 3578 2304 A'exandria

2011 2339 2062 2390 in
2107 2336 2402 2392 Phtenicen
2443 2347 2795 2407 properasset
2830 2337 2894 2390 ad
2930 2339 3276 2392 incidendum
3307 2341 3578 2410 lignamen

2007 2430 2411 2500 ('ypl't'SSillllm,
2473 2430 2664 2484 electis
2709 2445 2773 2482 ex
2833 2430 3053 2499 proprio
3108 2433 3249 2486 stolo
3304 2434 3581 2489 velocibus

2007 2522 2229 2590 scaphis
2262 2523 2410 2576 misit
2443 2529 2660 2577 tavatos
2685 2537 2747 2576 ex
2781 2522 3020 2577 themate
3052 2522 3300 2589 Obsicio,
3353 2531 3406 2579 et
3435 2526 3578 2594 apud

2009 2615 2261 2670 Rhodum
2296 2630 2490 2671 omnes
2520 2615 2702 2685 colligi
2728 2615 2912 2684 jussit.
2949 2619 3350 2687 praeposuitque
3386 2627 3583 2688 pra-to-

2010 2723 2124 2763 rem
2162 2707 2246 2763 eis
2291 2717 2345 2761 et
2383 2705 2838 2774 caputJoannem
2891 2707 3097 2777 Magna:
3130 2709 3376 2765 ecclesia:
3421 2710 3584 2763 mini-

2009 2813 2233 2863 strum,
2287 2802 2380 2870 qui
2435 2799 2720 2854 dicebatur
2781 2816 2918 2870 papa
2970 2800 3310 2864 Joannacis,
3376 2802 3582 2872 quique

2007 2893 2280 2963 generalis
2309 2901 2428 2947 erat
2457 2903 2582 2944 tunc
2615 2892 2905 2960 logotheta.
2939 2891 2990 2945 ls
3013 2906 3143 2961 ergo
3173 2908 3296 2946 cum
3326 2891 3579 2948 Rhodum

2009 2986 2240 3039 adiisset
2296 2992 2352 3036 et
2421 2983 2636 3052 navigia
2698 2983 3136 3047 convenissent,
3201 2985 3586 3053 alloquebatur

313 3073 540 3145 pertulit
571 3071 840 3142 Georgius
871 3067 1244 3137 Buramphus,
1283 3067 1416 3121 etin
1460 3064 1716 3119 exsilium
1749 3060 1905 3116 missi
1935 3083 1976 3142 ρ
2009 3074 2284 3143 principes
2325 3086 2489 3140 super
2527 3072 2769 3125 motione
2832 3087 2895 3127 ac
2961 3073 3158 3128 itinere
3217 3075 3460 3144 ipsorum
3512 3065 3581 3131 in

312 3175 445 3223 sunt
502 3164 649 3236 apttd
702 3161 1165 3218 Thessalonicen.

380 3255 566 3311 Mundi
619 3269 764 3308 anno
823 3251 1004 3314 6206,
1055 3250 1260 3306 divinae
1312 3244 1714 3302 incarnationis
1764 3259 1908 3300 anno

313 3348 437 3416 706,
471 3363 614 3401 anno
659 3360 786 3400 vero
815 3343 1030 3416 imperii
1067 3341 1303 3397 Artemii
1344 3341 1522 3411 primo
1553 3337 1908 3395 incursiones

313 3442 605 3497 Masalmas
632 3439 900 3494 adversus
924 3435 1252 3490 Romaniam
1285 3433 1477 3497 movit,
1522 3441 1576 3487 et
1611 3431 1907 3502 dispoliata

315 3533 526 3588 Galatia
590 3530 752 3585 rediit
809 3543 933 3582 cum
991 3526 1169 3597 prazda
1211 3533 1264 3577 et
1298 3524 1493 3594 spoliis
1544 3522 1756 3577 multis.
1807 3520 1909 3575 Ast

315 3630 590 3686 Artemius
621 3623 1034 3696 magistratibus
1063 3623 1114 3675 in
1148 3621 1504 3689 equeStribus
1531 3616 1745 3671 militiis
1781 3615 1906 3670 ido-

315 3722 458 3787 neis,
483 3729 539 3776 et
583 3713 1002 3772 rationabilibus
1034 3711 1087 3764 in
1125 3713 1288 3764 rebus
1319 3709 1580 3764 civilibus
1613 3705 1907 3770 ordinatis,

309 3817 426 3884 jam
493 3812 738 3878 requiem
792 3806 1026 3878 degebat
1077 3802 1333 3872 adeptus.
1393 3802 1642 3869 Cumque
1700 3796 1911 3853 Arabes

313 3912 511 3958 contra
542 3898 865 3954 Romaniam
900 3906 1043 3949 terra
1077 3894 1328 3960 marique
1365 3897 1734 3953 armarentur,
1762 3886 1912 3946 misit

315 4000 619 4066 imperator
663 3989 942 4061 principes
994 3987 1048 4039 in
1101 3982 1316 4057 Syriam
1361 3982 1430 4037 ad
1480 3979 1698 4046 Vhalid,
1751 3982 1912 4050 quasi

317 4103 419 4157 pro
473 4087 558 4141 his
585 4099 708 4155 quae
743 4084 808 4137 ad
843 4096 1033 4151 pacem
1063 4080 1338 4151 pertinent
1379 4078 1688 4143 locuturos,
1719 4074 1911 4129 Danie-

319 4183 426 4233 lem
475 4177 734 4231 videlicet
787 4174 932 4228 inter
976 4173 1138 4235 alios,
1184 4170 1496 4238 Sin0piten,
1537 4169 1829 4237 patricium
1859 4171 1914 4221 et

317 4270 636 4343 praefectum
666 4267 842 4330 urbis,
875 4263 1145 4319 mandans
1184 4263 1232 4318 ei
1268 4263 1560 4332 diligenter
1587 4260 1914 4331 investigare

296 4367 388 4440 ,αθ
413 4371 563 4418 motu
594 4375 784 4416 eorum
835 4368 890 4414 et
914 4358 1121 4413 virtute
1169 4366 1362 4410 contra
1403 4354 1729 4411 Romaniam
1781 4369 1908 4408 con»

2008 3163 2306 3219 thniccn
2360 3163 2428 3218 ad
2473 3162 2824 3218 incidendum
2880 3163 3153 3234 lignatnen
3213 3174 3267 3221 et
3311 3182 3584 3238 prmpara-

2009 3257 2236 3320 tionem,
2297 3271 2418 3326 qua:
2481 3256 2821 3312 inveniretur
2872 3256 3269 3327 Agarenorum.
3337 3261 3585 3330 Cumque

2009 3362 2202 3404 omnes
2231 3348 2490 3404 alacriter
2527 3348 2908 3412 ohaudissent,
2962 3349 3014 3403 hi
3057 3353 3150 3421 qui
3194 3359 3353 3407 erant
3379 3351 3586 3408 Obsicii

2011 3440 2116 3494 hoc
2145 3440 2460 3495 nullatenus
2489 3439 2851 3506 admiserunt,
2880 3452 2933 3494 et
2960 3440 3343 3511 imperatorem
3363 3444 3583 3512 quidem

2011 3531 2262 3586 detestati
2314 3538 2464 3591 sunt,
2524 3529 2816 3584 diaconum
2862 3547 2990 3587 vero
3043 3529 3308 3589 Joannem
3367 3533 3590 3589 frameis

2013 3633 2381 3692 peremerunt.
2445 3619 2582 3675 Hinc
2615 3637 2751 3691 ergo
2783 3625 2911 3676 stoli
2947 3622 3108 3678 divisi
3140 3624 3207 3678 ad
3237 3640 3336 3678 sua
3365 3626 3590 3694 naviga-

2012 3720 2211 3766 verunt
2255 3711 2394 3766 loca.
2456 3711 2537 3765 illi
2592 3729 2722 3767 vero
2779 3730 3010 3784 nequam
3044 3728 3363 3784 operatores
3393 3725 3589 3771 contra

2014 3801 2214 3871 regiam
2251 3801 2619 3856 ascenderunt
2657 3803 2870 3858 urbem.
2920 3803 3056 3857 Cum
3103 3815 3285 3859 autem
3323 3803 3590 3875 Adramy-

2013 3895 2152 3948 tium
2207 3894 2472 3949 atliissent
2530 3905 2826 3964 essentque
2877 3897 2994 3950 sine
3021 3895 3219 3965 capite,
3261 3895 3592 3952 invenerunt

2014 3986 2127 4040 illic
2160 3986 2436 4040 hominem
2470 3987 2782 4057 indigenam
2825 3986 3195 4043 Theodosium
3226 3990 3469 4052 nomine,
3493 3990 3589 4059 qui

2013 4079 2360 4150 publicorum
2407 4089 2527 4135 erat
2583 4081 2914 4137 tributorum
2977 4093 3256 4154 exceptor,
3315 4085 3464 4140 iners
3527 4100 3591 4139 ac

2015 4172 2204 4234 idiota,
2237 4180 2290 4224 et
2327 4173 2526 4227 hortati
2563 4183 2693 4230 sunt
2726 4190 2851 4230 eum
2898 4177 3189 4246 imperare.
3235 4179 3302 4231 At
3343 4180 3432 4233 ille
3466 4177 3590 4249 fuga

2017 4280 2152 4318 usus
2197 4263 2251 4317 in
2284 4275 2468 4319 monte
2504 4266 2747 4336 latebat;
2803 4284 2962 4338 quem
3011 4271 3288 4325 inventum
3332 4280 3389 4324 ιιι
3417 4271 3593 4340 impe-

2018 4365 2255 4413 ratorem
2311 4358 2566 4415 laudibus
2634 4361 2989 4426 extulerunt,
3054 4364 3101 4416 vi
3155 4372 3414 4433 cogentes
3465 4381 3589 4417 eum

317 4455 605 4512 struenda.
639 4452 743 4519 Qui
778 4468 902 4506 cum
946 4451 1180 4506 abiisse!
1219 4457 1274 4504 et
1321 4457 1642 4509 remeasset.
1678 4446 1904 4500 nuntia-
1929 4423 1984 4484 Ῑ)
2014 4451 2301 4521 imperare.
2335 4451 2547 4518 Quibus
2577 4452 2853 4509 Artemius
2887 4423 3146 4524 cognitis.
3197 4423 3438 4525 praefecit
3470 4457 3589 4510 urbi

316 4553 401 4604 vit
433 4546 751 4618 imperatori
800 4560 1058 4615 magnum
1111 4553 1304 4598 contra
1335 4543 1538 4610 regiam
1592 4539 1780 4594 urbem
1814 4555 1908 4609 per

261 4688 266 4692 .
320 4652 528 4697 terram
579 4647 634 4694 et
684 4652 832 4692 mare
892 4637 1322 4691 instrumentum
1373 4648 1587 4689 eorum.
1621 4631 1777 4687 Tunc
1818 4631 1909 4686 ille

318 4733 584 4806 praecepit
657 4745 768 4802 quo
843 4729 1228 4798 unusquisque
1286 4733 1538 4796 sumptus
1597 4739 1772 4794 usque
1840 4722 1906 4776 ad

316 4826 548 4881 triennii
607 4834 824 4894 tempus
881 4822 1118 4878 sollicite
1180 4825 1540 4889 praepararet,
1583 4816 1675 4886 qui
1724 4821 1907 4868 autem

317 4919 431 4973 hoc
494 4931 602 4970 non
664 4912 995 4983 possederit,
1048 4912 1116 4964 ab
1168 4909 1331 4973 urbe,
1377 4908 1575 4977 inquit,
1617 4903 1885 4958 discedat.

315 5009 627 5066 Constituit
654 5015 838 5062 autem
875 5003 1202 5077 praepositos
1247 4997 1686 5056 construentium
1718 5008 1912 5060 naves,

315 5109 388 5170 et.
413 5101 582 5172 coepit
609 5099 880 5156 aedificare
912 5095 1211 5152 dromones
1251 5100 1306 5148 et
1336 5091 1515 5147 dieres
1561 5087 1824 5160 igniferas
1858 5093 1914 5141 et

317 5191 598 5247 maximas
654 5191 875 5257 trieres,
907 5195 963 5243 et
1014 5185 1325 5241 maritimos
1369 5183 1591 5248 quidem
1629 5179 1916 5236 renovavit

318 5298 538 5347 muros,
586 5283 844 5340 similiter
883 5287 1067 5336 autem
1097 5289 1154 5334 et
1187 5285 1461 5338 terrenos,
1516 5275 1720 5330 sistens
1755 5285 1914 5325 arco-

320 5376 554 5432 balistas
584 5386 638 5432 et
692 5389 964 5445 mangana
993 5373 1047 5427 in
1103 5370 1350 5426 turribus
1395 5377 1450 5424 et
1495 5374 1914 5437 argumentosas

321 5470 464 5523 alias
515 5469 839 5534 machinas;
881 5475 935 5523 et
975 5464 1280 5522 secundum
1311 5461 1456 5532 quod
1505 5459 1768 5530 possibile
1807 5457 1914 5513 sibi

320 5570 444 5614 erat
497 5562 688 5614 urbem
738 5557 994 5624 munivit,
1046 5554 1340 5626 frugesque
1366 5552 1632 5624 plurimas
1674 5551 1726 5604 in
1760 5564 1915 5619 rega-

322 5653 472 5710 libus
530 5654 743 5711 horreis
795 5654 1001 5724 posuit,
1047 5660 1214 5724 atque
1265 5649 1509 5708 munitas
1557 5645 1778 5702 sibimet
1825 5659 1912 5699 re-

321 5748 586 5804 servavit.

2009 4544 2346 4600 domesticos
2381 4545 2633 4601 homines
2669 4562 2799 4602 suos
2836 4547 3117 4617 principes
3143 4564 3245 4600 una
3275 4563 3396 4602 cum
3423 4549 3589 4608 stolo.

2011 4650 2173 4704 quem
2214 4636 2332 4705 ipse
2371 4623 2781 4699 construxerat,
2834 4647 2888 4690 et
2937 4638 3162 4693 armatis
3215 4643 3296 4694 eis
3350 4639 3467 4708 ipse
3503 4637 3594 4692 Ni-

2011 4742 2177 4781 caeam
2239 4729 2522 4798 ingressus
2584 4729 2696 4781 ahit
2753 4731 2807 4782 in
2867 4730 3103 4795 urbem,
3156 4729 3467 4800 ibidemque
3535 4747 3593 4784 se

2013 4819 2206 4872 munit.
2254 4820 2505 4875 Rebelles
2535 4828 2717 4874 autem
2767 4821 3162 4887 ascendentes,
3217 4829 3272 4877 et
3316 4832 3593 4877 commoto

2015 4915 2130 4962 toto
2157 4911 2396 4964 themate
2431 4908 2638 4964 Obsicii
2683 4919 2738 4966 et
2771 4910 3169 4982 Gothogrtecis,
3225 4913 3593 4982 comprehen-

2016 5001 2202 5070 sisque
2229 5002 2416 5058 multis
2453 5003 2671 5072 pusillis
2699 5012 2752 5058 et
2784 5005 2995 5075 magnis
3045 5005 3424 5076 negOtiatoriis
3464 5019 3597 5059 sca-

2015 5095 2160 5163 phis.
2220 5110 2318 5162 per
2362 5103 2563 5148 terram
2623 5111 2827 5166 perque
2859 5113 3011 5152 mare
3040 5097 3425 5170 Chrysopolim
3462 5111 3594 5149 cur-

2017 5196 2163 5241 runt.
2211 5185 2348 5242 Cum
2391 5197 2571 5241 autem
2605 5188 2756 5244 urbis
2787 5190 2985 5246 classis
3019 5191 3072 5244 in
3107 5200 3266 5260 portu
3306 5187 3362 5241 S.
3406 5185 3595 5239 Mamte

2018 5279 2310 5332 stationem
2354 5279 2583 5341 fixisset,
2619 5281 2854 5350 singulis
2904 5281 3216 5351 quibusque
3258 5277 3455 5332 diebus
3500 5291 3597 5345 per

2018 5385 2111 5424 sev
2144 5384 2362 5424 menses
2399 5370 2631 5424 invicem
2665 5380 3069 5442 expugnarunt.
3117 5368 3252 5422 Cum
3280 5383 3412 5420 vero
3444 5369 3596 5421 urbis

2018 5461 2193 5517 stolus
2236 5463 2302 5516 ad
2336 5459 2519 5516 Neorii
2567 5465 2720 5517 urbis
2755 5473 2972 5532 portum
3011 5461 3290 5531 profectus
3331 5461 3592 5524 stetisset,

2017 5556 2298 5610 transiens
2329 5554 2673 5610 Theodosius
2734 5555 3078 5610 Thracenses
3122 5554 3360 5609 obtinuit
3388 5565 3593 5625 partes.

2019 5647 2340 5702 Proditione
2375 5663 2504 5703 vero
2546 5647 2686 5702 facta
2724 5663 2818 5717 per
2851 5655 3061 5715 portam
3103 5645 3401 5717 singularis
3451 5644 3596 5701 muri

2026 5740 2451 5794 lllachcrnarum
2527 5741 2715 5796 urbem
2777 5742 2940 5810 cepit.
3009 5742 3100 5796 Ast
3156 5740 3327 5812 iniqui
3394 5739 3596 5799 Oiisicii
