3960 6228
382 281 519 351 13.31

1541 265 1943 330 ANASTASII
1965 259 2596 324 BIBLIOTHECARII

3520 260 3540 323 l
3553 259 3673 323 352

379 393 566 466 populi
607 403 712 445 una
747 400 870 442 cum
898 378 1276 452 'Gothogrtecis
1314 386 1487 432 noctu
1530 391 1627 446 per
1657 377 1848 430 domos
1876 374 1956 428 ci-
1985 380 2028 436 Α
2060 369 2279 466 nomine
2306 366 2504 429 Zuher,
2538 366 2590 420 in
2627 363 3126 466 praesentiastetit
3171 363 3398 420 dicens:
3453 363 3674 466 Servs:

384 484 536 537 vium
573 479 969 538 discurrentes,
1022 471 1318 524 maximum
1367 466 1504 522 nulli
1547 475 1837 537 parcentes
1863 479 1962 516 cx—
2007 515 2026 529 ,

385 575 590 628 cidittm
637 567 843 637 operati
895 571 1043 619 sunt.
1106 560 1388 629 Principes
1419 572 1622 622 autem,
1670 558 1760 626 qui
1799 557 1851 608 in
1899 569 1961 608 ea

385 671 579 725 crant,
623 659 847 712 Artemii
929 670 1036 708 una
1097 667 1221 708 cum
1285 651 1560 705 Germano
1613 648 1965 702 sanctissimo

383 757 698 828 patriarcha
732 748 1344 818 Constantinopolitano
1393 743 1830 813 comprehensos
1861 741 1964 792 du-

383 853 585 900 xerunt
631 844 682 896 in
733 856 918 896 casam
958 837 1187 892 Artemii
1245 845 1298 890 et
1333 849 1523 889 eorum
1554 834 1647 904 qui
1683 848 1806 885 cum
1847 832 1967 899 ipso

385 946 564 988 erant.
626 933 796 986 Porro
833 929 1115 984 Artemius
1153 927 1240 980 his
1275 925 1431 989 visis,
1467 923 1848 992 desperatione
1880 922 1968 976 sui

387 1029 607 1092 fessus,
638 1033 812 1081 semet
851 1025 1030 1093 ipsum
1086 1019 1355 1081 tradidit,
1402 1017 1679 1085 verboque
1727 1013 1970 1084 impuni-

389 1121 517 1171 tatis
558 1117 796 1186 expetito
826 1113 1134 1168 monastico
1171 1110 1395 1164 indutus
1423 1115 1510 1162 est
1537 1106 1747 1160 habitu.
1795 1107 1968 1169 Quem

389 1210 733 1266 Theodosius
787 1208 1016 1260 illrcsum
1041 1217 1330 1259 reservans
1357 1200 1498 1270 apud
1518 1197 1969 1253 Thessalonicam

386 1303 585 1358 exsilio
615 1301 894 1370 relegavit.
943 1297 1116 1349 Per-ro
1147 1294 1486 1362 Philippicus
1528 1292 1813 1361 imperavit
1846 1289 1971 1358 qui-

381 1393 512 1447 dem
546 1393 707 1444 annis
751 1390 966 1443 duobus
999 1395 1054 1441 et
1105 1385 1389 1439 mensibus
1436 1399 1656 1445 novem,
1691 1382 1971 1436 Artemius

389 1495 520 1535 vero
557 1496 702 1534 anno
737 1494 845 1532 uno
895 1486 949 1531 et
1001 1477 1282 1530 mensibus
1316 1476 1519 1528 trihus.
1572 1472 1680 1527 Leo
1711 1482 1972 1542 praeterea

387 1587 515 1625 cunt
549 1580 694 1624 esset
729 1577 929 1640 praetor
958 1566 1346 1627 Orientalium,
1382 1566 1641 1634 quoniam
1673 1565 1976 1620 auxiliabe-

392 1673 480 1714 t:tr
510 1662 774 1721 Artemio,
808 1675 913 1712 non
940 1667 1022 1713 est
1053 1657 1307 1712 subditus
1339 1654 1670 1710 Theodosio.
1729 1652 1975 1708 Habebat

2065 457 2201 527 fugit
2248 456 2458 524 furatus
2508 453 2785 522 pecuniam
2836 451 3082 518 multam,
3131 463 3180 505 et
3231 461 3448 520 propter
3503 440 3671 507 illum

2064 548 2208 616 equis
2236 547 2548 598 insedimus.
2597 542 2768 597 Porro
2798 542 3044 612 ipsorum
3079 544 3262 613 agnita
3291 556 3513 614 .prmtor
3562 548 3673 598 dc-

2065 640 2336 707 ccptioue,
2370 637 2508 690 dixit
2534 637 2600 689 ad
2641 651 2775 690 eos:
2830 633 2914 688 Ne
2965 637 3245 689 turbemini
3276 651 3295 690 :
3347 653 3474 689 nam
3527 654 3674 706 quo-

2067 745 2268 800 cunque
2323 730 2654 798 perrea‘erit,
2709 729 2763 782 in
2819 729 3014 782 castris
3066 729 3265 782 nostris
3333 731 3671 798 reperiemus

2067 841 2206 879 eum.
2264 824 2544 879 Tristatus
2579 833 2758 878 autent
2798 824 2975 893 potuit
3005 825 3219 878 occulte
3251 840 3346 895 per
3373 825 3673 880 hominem

2071 933 2231 971 suum
2274 918 2618 971 innotescere
2673 916 2756 970 his
2801 916 2896 986 qui
2941 917 3147 969 Amorii
3178 924 3371 978 erant,
3416 917 3624 972 dicens
3652 935 3671 971 :

2074 1007 2274 1062 Timete
2303 1009 2492 1074 Deum,
2535 1025 2598 1062 ne
2633 1009 2974 1070 vosmetipsos
3023 1009 3289 1076 prodatis.
3350 1007 3494 1062 Ecce
3521 1011 3672 1062 enim

2069 1109 2120 1154 et
2157 1099 2454 1153 Masalmas
2491 1101 2899 1169 appropinquat.
2959 1098 3023 1152 Et
3067 1099 3201 1153 exii:
3232 1099 3399 1153 etiam
3435 1101 3674 1169 episco-

2074 1207 2176 1261 pus
2212 1191 2278 1244 ad
2339 1207 2487 1251 curti,
2531 1200 2584 1244 et
2634 1191 2822 1245 eadem
2874 1191 2990 1259 ipsa
3049 1189 3182 1243 dicit
3231 1190 3301 1244 ei.
3354 1188 3496 1244 Cum
3534 1206 3673 1247 vero

2075 1282 2389 1338 Suhclimau
2445 1283 2726 1338 didicisset
2777 1282 2922 1351 quod
2978 1280 3184 1334 exisset
3228 1282 3295 1333 ad
3359 1295 3490 1334 eum
3550 1283 3674 1350 epi-

2075 1389 2316 1444 scopus,
2373 1376 2534 1428 mittit
2577 1373 2643 1427 ad
2695 1381 3024 1442 praetorem:
3079 1370 3159 1424 Da
3209 1371 3393 1434 nobis,
3441 1372 3669 1437 dicens,

2073 1469 2398 1537 episcopum.
2459 1466 2564 1533 Qui
2633 1477 2864 1520 Incestus
2917 1463 3097 1518 factus
3159 1464 3452 1520 abscondit
3513 1481 3668 1530 eum,

2076 1560 2292 1614 cuidam
2326 1559 2608 1612 hominum
2647 1572 2871 1612 suorum
2911 1555 3276 1626 praecipiens:
3324 1554 3531 1618 Nobis,
3576 1557 3671 1611 in-

2077 1651 2217 1730 quit,
2253 1649 2676 1719 colloqueutibsts
2710 1647 2872 1701 indue
2903 1663 3022 1701 eum
3060 1648 3181 1701 aliis
3213 1649 3390 1709 stolis,
3426 1658 3480 1701 et
3510 1649 3672 1718 quasi

387 1763 571 1808 autem
607 1753 1010 1822 conspirantem
1045 1751 1150 1806 sibi
1182 1758 1236 1804 et
1261 1759 1680 1804 concurrentem
1707 1747 1963 1801 Artabas-
1999 1738 2044 1794 Β
2071 1733 2284 1812 propter
2313 1741 2456 1810 ligna
2502 1739 2580 1792 vel
2625 1755 2819 1808 aquam
2871 1739 3091 1792 missum
3147 1739 3261 1792 sine
3303 1749 3362 1792 ut
3414 1741 3578 1793 cadat
3611 1742 3670 1793 in

388 1847 522 1899 dum
561 1845 898 1906 Armenium,
935 1851 1221 1912 praetorem
1266 1839 1742 1904 Armeniacorum,
1798 1839 1885 1893 cui
1917 1845 1972 1891 et

395 1937 686 2006 spopondit
718 1936 884 1988 tiliam
911 1948 970 1988 se
1001 1948 1152 1988 suam
1188 1933 1241 1985 in
1278 1946 1500 1985 tuurem
1539 1930 1653 1985 fore
1691 1930 1970 1998 daturum;

389 2028 538 2098 quod
566 2035 619 2079 et
651 2025 774 2079 fecit
789 2064 803 2078 .

465 2117 649 2171 Mundi
698 2131 842 2169 anno
905 2112 1065 2177 6208,
1119 2113 1317 2166 divina:
1371 2109 1770 2166 incarnationis
1825 2125 1972 2165 anno

397 2208 520 2270 708.
552 2208 862 2264 Germanus
906 2204 1550 2274 ConstantinopoliIanus
1593 2202 1825 2256 habetur
1875 2219 1976 2257 an-

392 2300 550 2353 tistes
573 2335 588 2360 ,
630 2297 722 2368 qui
758 2297 1018 2350 Ecclesia:
1051 2310 1242 2348 novem
1270 2293 1486 2363 praefuit
1512 2291 1689 2345 armis.
1722 2289 1976 2345 Theodo-

393 2388 510 2444 sius
543 2402 672 2442 vero
701 2388 930 2456 imperat
959 2400 1105 2439 anno
1138 2399 1284 2450 uno;
1316 2383 1477 2451 cujus
1503 2391 1748 2451 tempore
1777 2380 1977 2434 Masal-

399 2498 518 2536 mas
559 2481 822 2534 adversus
866 2477 1404 2546 Constantinopolim
1455 2477 1627 2530 aciem
1660 2474 1870 2544 dirigit,
1923 2480 1977 2527 et

396 2572 658 2640 praemisit
721 2567 1056 2624 Suhelimam
1117 2583 1244 2623 cum
1299 2568 1546 2622 exercitu
1608 2583 1705 2637 per
1743 2568 1974 2630 siccam,

399 2666 695 2720 llumarum
727 2677 856 2714 vero
886 2675 980 2730 per
1009 2675 1178 2714 mare.
1208 2660 1380 2712 Porro
1412 2660 1527 2727 ipse
1567 2667 1690 2727 post
1726 2672 1823 2712 eos
1849 2671 1975 2710 cum

397 2757 568 2810 multo
620 2763 882 2824 apparatu
935 2752 1117 2806 hostili
1174 2755 1341 2805 venit.
1409 2751 1743 2805 Suhelimam
1794 2757 1976 2803 autent

394 2859 450 2903 ct
487 2848 792 2902 Bacharum
838 2847 1118 2901 Amorium
1169 2845 1544 2916 pervenientes
1599 2843 1852 2898 scribunt
1904 2841 1975 2897 ad

399 2937 636 2993 Leonem
685 2947 976 3008 praetorem
1001 2936 1356 2989 Orientalium
1387 2936 1461 2988 ita
1495 2952 1508 2988 :
1556 2933 1815 2988 Nouimus
1851 2932 1980 3002 quia

396 3034 676 3102 imperium
711 3032 1067 3086 Romanorum
1100 3040 1149 3084 te
1181 3035 1346 3083 decet.
1421 3028 1544 3083 Veni
1581 3044 1703 3098 ergo
1755 3028 1826 3080 ad
1861 3042 1977 3092 nos,

397 3137 446 3180 et
495 3127 775 3196 loquamur
829 3142 946 3195 qua:
990 3125 1058 3178 ad
1119 3139 1300 3192 pacem
1355 3131 1499 3176 sunt.
1545 3123 1770 3175 lntuens
1798 3128 1980 3173 autem

397 3218 733 3270 Suhelimatn
784 3216 1069 3269 Amorimtt
1131 3212 1433 3268 exercitum
1474 3227 1586 3266 non
1642 3210 1880 3273 habere,
1931 3214 1988 3262 et

397 3308 744 3361 inimicitiam
775 3322 942 3376 penes
970 3305 1354 3372 magistratum
1385 3305 1568 3374 jacere
1600 3304 1670 3357 ob
1722 3302 1984 3355 auxilium

403 3399 556 3469 quod
597 3398 843 3450 Artemio
894 3396 1248 3460 conferebat,
1304 3394 1522 3448 obsedit
1580 3394 1747 3456 illud,
1798 3392 1988 3448 volens

400 3491 513 3542 illic
541 3497 595 3544 et
624 3487 940 3541 Masalmam
969 3496 1310 3557 exspectare.
1341 3485 1460 3539 Mox
1494 3493 1672 3539 autem
1705 3491 1763 3537 ut
1795 3499 1988 3553 appro-

403 3579 686 3649 pinquavit
735 3577 944 3632 civitati
985 3618 1000 3640 ,
1061 3586 1351 3647 cmperunt
1403 3576 1668 3630 Saraceni
1728 3575 1986 3630 laudibus

398 3665 682 3723 dilfamarc
713 3677 1000 3737 praetorem
1049 3665 1286 3722 Leonem
1329 3668 1742 3736 imperatorem,
1779 3681 1985 3734 rogan-

400 3768 486 3816 tcs
547 3760 743 3815 ethos
795 3760 891 3830 qui
961 3760 1108 3815 intus
1152 3767 1353 3824 erant,
1409 3759 1462 3813 id
1523 3759 1702 3828 ipsum
1749 3756 1983 3812 efﬁcere.

401 3849 666 3918 videntes
720 3865 902 3904 autem
947 3858 1001 3904 et
1057 3850 1112 3904 hi
1162 3851 1254 3919 qui
1311 3860 1468 3903 erant
1523 3850 1772 3916 Amorii,
1834 3848 1985 3919 quod

403 3940 664 3994 Saraceni
726 3940 872 3994 hunc
921 3954 1112 3994 amore
1162 3940 1470 4002 laudarent,
1529 3938 1889 3994 laudaverunt
1925 3949 1984 3994 et

405 4027 531 4095 ipsi.
569 4028 917 4093 Cognoscens
949 4041 1079 4082 vero
1114 4036 1313 4097 praetor
1336 4027 1480 4097 quod
1507 4028 1709 4083 taxatio
1739 4043 1802 4082 ac
1833 4029 1986 4099 prin-

401 4120 618 4189 cipibus
638 4136 744 4174 non
768 4121 1163 4176 exsistentibus
1191 4122 1492 4192 periturum
1515 4121 1656 4178 foret
1677 4122 1984 4188 Amoriunt,

401 4213 673 4282 signilicat
721 4212 1081 4268 Sultelintan:
1130 4213 1193 4269 Si
1237 4219 1335 4278 vis,
1365 4215 1646 4285 inquiens,
1682 4225 1740 4270 ut
1781 4217 1985 4271 veniam

401 4306 470 4356 ad
496 4312 544 4358 te
568 4316 616 4357 et
642 4321 758 4374 qua:
789 4305 935 4372 pacis
967 4315 1089 4358 sunt
1125 4305 1427 4376 loquamur,
1475 4323 1573 4360 cur
1602 4308 1811 4362 obsides
1854 4309 1978 4364 ciri-

2071 1842 2295 1887 montes.
2355 1830 2738 1885 lusistentibus
2790 1840 2973 1883 autem
3022 1845 3121 1898 pro
3183 1831 3446 1900 episcopo
3499 1833 3675 1886 Sara-

2071 1933 2228 1986 cenis
2275 1930 2409 1984 dicit
2465 1937 2717 1999 przetor:
2787 1925 2912 1980 Non
2971 1935 3050 1980 est
3098 1927 3206 1981 hic.
3283 1926 3673 1984 Verumtamen

2070 2021 2270 2092 pergite
2289 2022 2360 2072 ad
2383 2035 2639 2080 ameram,
2671 2028 2720 2072 et
2746 2020 2896 2072 venio
2926 2018 3090 2070 etiam
3125 2019 3255 2085 ipse,
3293 2029 3341 2072 et
3368 2021 3430 2070 de
3455 2019 3670 2076 cunctis

2073 2112 2365 2183 loquemur.
2405 2109 2510 2180 Ipsi
2554 2119 2736 2165 autem
2773 2111 3078 2179 cogitantes
3106 2110 3250 2180 quod
3298 2125 3427 2164 cum
3467 2112 3670 2166 introio

2075 2211 2157 2257 ret
2192 2205 2254 2257 ad
2287 2217 2550 2263 ameram,
2588 2202 2640 2254 in
2682 2200 2864 2254 medio
2899 2201 3145 2270 ipsorum
3179 2200 3481 2255 retinerent
3512 2220 3665 2270 eum,

2077 2293 2223 2347 ltuttc
2273 2293 2623 2346 dimiserunt.
2695 2292 2763 2344 At
2817 2290 2908 2345 ille
2961 2305 3087 2344 cum
3142 2306 3283 2360 equo
3340 2294 3668 2363 insedisset,

2075 2385 2357 2455 profectus
2390 2398 2512 2438 cum
2571 2383 2654 2438 bis
2698 2390 2916 2436 centum
2971 2381 3287 2436 hominibus
3315 2385 3473 2452 quasi
3508 2399 3678 2437 vena-

2077 2487 2258 2542 turus,
2283 2475 2436 2530 dedit
2483 2475 2537 2528 in
2583 2483 2793 2543 partem
2850 2473 3154 2527 sinistram.
3205 2474 3467 2526 Saraceni
3509 2489 3670 2544 ergo.

2077 2573 2170 2644 qui
2225 2579 2383 2624 erant
2425 2583 2551 2623 cum
2593 2583 2682 2628 eo,
2737 2566 2930 2620 dicunt
2983 2566 3101 2619 illi:
3161 2567 3274 2632 Quo
3324 2566 3536 2620 radis!
3599 2564 3675 2620 lu

2076 2664 2270 2730 pratis,
2295 2663 2388 2725 ait,
2422 2662 2536 2714 volo
2563 2675 2794 2712 manere.
2822 2658 2892 2711 At
2924 2657 2999 2711 illi
3030 2656 3273 2711 dixerunt
3301 2671 3315 2708 :
3348 2655 3673 2710 Consilium

2080 2768 2228 2810 tuum
2263 2771 2363 2808 non
2389 2765 2465 2807 est
2503 2754 2716 2815 bonum,
2744 2761 2795 2805 et
2825 2767 2928 2804 non
2968 2751 3217 2804 veniemus
3249 2761 3445 2802 tecum.
3497 2749 3678 2804 Tunc

2078 2851 2213 2906 dicit
2244 2861 2443 2921 praetor
2474 2851 2588 2905 suis
2621 2865 2635 2902 :
2689 2847 2851 2903 Verbo
2894 2847 3040 2900 nobis
3073 2852 3194 2898 dato
3239 2855 3413 2898 tenere
3460 2862 3558 2898 nos
3589 2863 3675 2899 vo-

2081 2943 2314 3007 luerunt,
2347 2952 2395 2995 et
2430 2953 2644 3012 propter
2675 2957 2766 2995 nos
2804 2938 3139 2995 Christianos
3173 2939 3411 3004 perdere.
3473 2937 3666 2990 Verum

2082 3050 2146 3090 ex
2180 3035 2476 3088 hominibus
2515 3034 2712 3087 nostris
2764 3031 2844 3086 vel
2883 3030 3270 3091 animantibus,
3303 3045 3420 3098 qua:
3453 3046 3670 3082 reman-

2087 3138 2308 3192 serunt,
2360 3127 2565 3180 nullum
2623 3126 2871 3179 retinent.
2942 3124 3008 3176 Et
3059 3139 3184 3177 cum
3243 3124 3369 3177 isset
3420 3123 3668 3176 millibus

2087 3217 2297 3279 decem,
2352 3215 2572 3269 mansit.
2615 3215 2840 3270 Postera
2873 3229 2998 3268 vero
3043 3213 3134 3266 die
3165 3214 3315 3266 mittit
3354 3222 3660 3266 stratarum

2087 3321 2313 3363 suorum
2359 3307 2742 3368 domesticum,
2783 3314 2835 3359 ct
2870 3305 3147 3374 significat
3179 3305 3293 3358 eis:
3349 3303 3484 3368 Quia
3532 3321 3656 3356 rer-

2089 3398 2208 3451 bum
2246 3399 2374 3451 mihi
2416 3397 2637 3452 dedistis
2665 3407 2714 3451 et
2744 3397 2868 3450 dolo
2899 3413 2977 3450 me
3021 3399 3244 3450 retinere
3273 3398 3529 3457 roluistis,
3562 3396 3659 3448 ill-

2087 3493 2227 3544 eirco
2277 3489 2486 3543 recessi.
2539 3489 2607 3541 At
2666 3503 2794 3542 vero
2823 3487 3116 3542 Masalmas
3159 3489 3428 3542 claustras
3475 3495 3676 3541 trans-

2089 3583 2248 3648 lerat,
2333 3580 2648 3635 Sttheliman
2710 3590 2891 3634 autem
2953 3581 3056 3633 hoc
3112 3578 3422 3650 ignorabat.
3498 3575 3682 3631 Porro

2087 3673 2401 3729 tuntultttati
2439 3681 2568 3727 sunt
2608 3673 2810 3726 amerei
2852 3681 2906 3725 et
2943 3672 3178 3741 populus
3227 3680 3418 3724 contra
3466 3668 3686 3724 Sulteli-

2088 3781 2238 3831 tttan,
2261 3765 2613 3834 perltibentes
2644 3783 2657 3818 :
2696 3761 2762 3816 Ut
2797 3762 2923 3833 quid
2949 3762 3250 3816 obsidemus
3275 3778 3480 3823 muros,
3522 3771 3576 3815 et
3608 3763 3684 3814 in-

2088 3858 2354 3911 cursiones
2397 3871 2498 3910 non
2546 3855 2818 3924 Iacimus.’
2865 3854 3253 3924 Repositisque
3300 3855 3682 3908 tabernaculis

2087 3950 2481 4004 discesserunt.
2538 3947 2745 4002 Prwtor
2790 3957 2971 4002 autem
3024 3947 3261 4000 Nicaeam
3293 3947 3677 4001 turmam-ham

2087 4056 2209 4094 cum
2239 4041 2569 4110 octingentis
2602 4039 2866 4092 militibus
2896 4039 2950 4092 in
2984 4037 3303 4092 Armorium
3339 4039 3681 4107 introduxit,

2086 4134 2302 4187 emissis
2333 4150 2398 4186 cx
2429 4148 2495 4187 eo
2539 4133 2727 4186 multis
2776 4133 3102 4187 mulieribus
3139 4143 3191 4186 et
3232 4131 3582 4196 infantibus.
3627 4145 3684 4189 et

2088 4225 2457 4295 proﬁciscitur
2490 4226 2609 4297 ipse
2653 4227 2708 4279 in
2743 4225 3024 4280 Pisidiam.
3081 4225 3215 4281 Cum
3243 4237 3425 4280 autem
3471 4227 3685 4281 Μηδεὶ-

2088 4335 2208 4374 mas
2249 4321 2492 4375 venisset
2524 4320 2576 4374 iu
2618 4319 3042 4399 Cappadociam,
3085 4320 3360 4390 deSperati
3404 4337 3585 4390 super
3627 4337 3691 4376 se

405 4405 566 4448 tatem
594 4397 620 4448 9
657 4396 724 4448 ΑΙ.
753 4396 842 4450 ille
866 4413 880 4450 :
913 4395 1064 4462 Vetti,
1109 4396 1310 4468 inquit,
1337 4407 1386 4452 et
1422 4399 1626 4454 recedo.
1658 4399 1725 4455 Ει
1757 4409 1984 4473 accepto
2015 4426 2060 4482 ι)
2088 4411 2443 4482 Cappadoces
2471 4413 2724 4467 exierunt
2749 4395 2824 4466 ’δά
2852 4427 3003 4475 eum,
3038 4421 3097 4466 ιιι
3128 4428 3187 4466 se
3216 4413 3487 4481 reciperet
3514 4413 3691 4485 nasi-

404 4495 604 4555 praetor
648 4486 714 4540 ab
747 4501 811 4541 eo
849 4487 1015 4542 verbo
1056 4503 1179 4541 cum
1234 4489 1496 4543 trecentis
1533 4490 1810 4559 equitibus
1834 4492 1985 4546 venit

403 4577 468 4629 ad
528 4577 702 4630 illum.
775 4577 1032 4632 Videtttes
1089 4587 1269 4632 autem
1321 4594 1444 4634 eum
1503 4580 1740 4650 Agareni
1799 4582 1984 4637 vestiti

408 4666 594 4721 loricis
633 4668 748 4722 suis
789 4681 1056 4724 venerunt
1087 4671 1136 4724 ei
1170 4670 1410 4736 obviam,
1464 4672 1557 4743 qui
1601 4675 1859 4729 manebat
1903 4675 1987 4729 di-

406 4753 574 4808 midio
620 4757 810 4825 procul
861 4773 890 4810 a
937 4759 1134 4814 castris
1163 4773 1351 4814 eorum
1405 4762 1684 4817 tnilliario.
1742 4763 1844 4818 Per
1873 4773 1988 4822 tres

408 4858 538 4897 sane
562 4846 680 4900 dies
728 4861 794 4901 eo
825 4850 1158 4917 procedente
1187 4851 1253 4904 ad
1289 4852 1494 4920 ipsum,
1545 4869 1666 4924 qua:
1695 4853 1761 4908 ad
1797 4869 1984 4925 pacem

409 4945 560 5001 sunt,
617 4938 1008 5007 loquebantur,
1061 4950 1114 4996 et
1146 4951 1258 4997 uta
1287 4944 1510 5000 civitate
1544 4947 1905 5002 recederent:
1933 4956 1990 5004 at

407 5025 484 5081 illi
533 5029 890 5083 asserebant:
927 5028 1136 5100 Sponde
1161 5049 1363 5101 pacem,
1396 5043 1446 5088 et
1477 5038 1786 5092 recedimus.
1819 5038 1988 5092 Com-

407 5130 562 5190 perto
623 5137 752 5176 vero
822 5133 1024 5195 praetor
1082 5126 1228 5195 quod
1284 5143 1408 5182 eum
1464 5130 1665 5185 vellent
1727 5131 1987 5197 retinere,

407 5216 621 5270 vocavit
663 5217 865 5272 multos
895 5233 960 5272 ex
999 5217 1304 5274 illustribus
1334 5218 1624 5278 Saracenis
1650 5225 1717 5278 ad
1745 5239 1985 5290 Cinnam,

405 5319 462 5363 ct
508 5311 859 5366 vescentibus
919 5312 1002 5366 eis
1071 5312 1222 5367 misit
1287 5312 1607 5370 Sulteliman
1665 5316 1769 5371 tria
1819 5318 1987 5373 millia

405 5403 762 5458 loricatormn
791 5405 858 5459 ad
885 5405 1336 5462 circumdandum
1375 5423 1499 5463 eum
1537 5426 1605 5464 ne
1651 5409 1885 5483 fugeret,
1931 5422 1987 5468 et

407 5497 756 5552 servandum.
805 5498 922 5566 Quo
946 5501 1167 5572 cOgnito
1197 5502 1451 5558 custodia
1492 5504 1766 5559 nuntiavit
1788 5504 1837 5558 ei
1859 5504 1986 5574 quia

409 5588 786 5646 multitudines
833 5594 1169 5662 equestrium
1210 5591 1610 5651 Saracenorum
1653 5595 1707 5650 iu
1749 5595 1985 5650 circuitu

411 5688 600 5735 vostro
644 5689 807 5737 stant.
869 5683 1109 5744 Veniens
1159 5695 1338 5742 autem
1386 5704 1529 5746 unus
1573 5704 1638 5744 ex
1687 5691 1767 5745 cis
1797 5704 1986 5759 eques.

1613 5872 1646 5887 ,Α
1667 5860 1708 5874 ⁴⁸“’
1787 5854 1876 5862 ...ῆν

1929 5847 2055 5862 ὀπο

2089 4511 2287 4558 tantes.
2365 4501 2566 4557 Audita
2624 4517 2759 4558 vero
2819 4501 3107 4556 Masaltnas
3163 4503 3448 4557 inimicitia
3505 4521 3690 4573 quatit

2089 4591 2324 4645 habebat
2375 4588 2716 4644 Theodosius
2765 4591 2820 4644 in
2885 4598 3171 4658 primorem
3207 4632 3221 4653 ,
3292 4593 3482 4645 volens
3533 4595 3697 4648 hunc

2088 4682 2341 4752 decipere
2384 4690 2440 4736 et
2490 4681 2694 4750 pacisci
2740 4697 2865 4737 cum
2911 4697 2976 4736 eo
3011 4697 3072 4735 ac
3123 4697 3222 4752 per
3254 4683 3435 4753 ipsum
3468 4682 3701 4739 Roma-

2091 4774 2231 4828 niam
2267 4772 2368 4827 sibi
2400 4773 2700 4842 subjicere,
2731 4773 2865 4828 dicit
2897 4773 2978 4828 eis
3005 4790 3018 4826 :
3063 4772 3186 4828 Non
3224 4777 3352 4830 estis
3390 4783 3662 4845 pra'toris
3683 4784 3707 4833 Ρ

2088 4867 2183 4937 qui
2228 4865 2530 4922 dixerunt:
2568 4864 2768 4922 Etiam.
2823 4865 3031 4920 Facitis
3073 4868 3328 4938 quidquid
3376 4871 3511 4938 facit
3541 4873 3573 4923 Ρ
3630 4875 3707 4926 At

2090 4959 2167 5012 illi
2197 4975 2213 5013 :
2262 4957 2466 5012 Etiam.
2509 4956 2662 5012 Tunc
2686 4959 2820 5013 dicit
2845 4961 2965 5014 eis:
3018 4958 3100 5013 Ite
3130 4962 3199 5014 ad
3245 4973 3428 5016 castra
3476 4973 3705 5027 vestra,

2088 5061 2138 5104 et
2164 5067 2472 5122 quemquam
2504 5049 2667 5104 nolite
2695 5051 2895 5113 timere,
2925 5052 3199 5121 jussitqtte
3232 5056 3433 5122 pupulo
3473 5071 3592 5110 suo
3632 5074 3712 5112 uc

2093 5143 2470 5212 praedarentur
2520 5141 2574 5195 in
2637 5144 2854 5197 cunctis
2895 5145 3147 5211 prattoris
3195 5146 3515 5214 provinciis.
3593 5148 3709 5203 llis

2091 5238 2292 5301 praetor
2320 5230 2650 5300 compertis,
2693 5239 2745 5284 et
2802 5233 3114 5302 intelligens
3154 5235 3298 5304 quod
3344 5234 3710 5293 Suhelintan

2091 5321 2374 5376 nuntiaret
2409 5320 2686 5377 hlaSalma:
2718 5323 2862 5393 quod
2902 5338 2960 5377 se
3004 5323 3274 5380 dimiserit
3304 5337 3357 5380 et
3390 5327 3671 5383 discessc
3692 5361 3710 5370 -

2091 5413 2185 5477 rit,
2238 5413 2389 5468 misit
2435 5413 2654 5468 litteras
2715 5413 2782 5466 ad
2833 5411 3157 5480 Masalman,
3209 5414 3445 5470 dicens:
3495 5417 3594 5470 Ad
3653 5430 3716 5473 te

2089 5505 2322 5560 volebam
2345 5507 2536 5569 venire,
2585 5505 2678 5559 sed
2713 5504 3048 5571 Suhelimau,
3084 5523 3202 5559 cum
3237 5508 3394 5562 issem
3437 5509 3509 5562 ad
3533 5526 3716 5579 eun:,

2093 5608 2265 5652 tenere
2291 5614 2370 5651 me
2399 5599 2581 5662 voluit,
2611 5609 2661 5651 et
2690 5598 2886 5651 idcirco
2915 5608 3088 5653 metuo
3127 5601 3300 5655 venire
3322 5602 3395 5654 ad
3422 5612 3495 5656 te.
3538 5602 3715 5658 Dicas

2089 5706 2220 5762 ergo
2251 5691 2545 5747 Masalntas
2581 5689 2786 5745 homini
2820 5693 3071 5759 pratoris
3103 5709 3116 5746 :
3181 5691 3317 5747 Novi
3371 5695 3518 5764 quod
3549 5696 3715 5751 illa-

2153 5837 2227 5846 ,νε-ο.
2253 5839 2322 5848 ςυ,-

2437 5848 2546 5860 ξπ.-
2565 5858 2666 5871 αἱ.-
