3978 6212
322 242 465 323 1353

1139 236 1503 302 HISTORIA
1546 237 2122 303 ECCLESIASTICA
2162 241 2267 302 EX
2301 238 2782 305 THEOPHANE.

3442 237 3576 305 135i

311 360 411 412 dat
462 354 591 410 mihi
639 362 858 425 praeter,
901 368 963 409 ne
1008 354 1216 423 penitus
1256 353 1542 424 deperdam
1588 354 1887 422 provincias
1921 359 1962 416 Α
1992 355 2122 410 vulo
2152 356 2208 411 in
2244 356 2450 412 cacabo
2480 355 2623 410 hunc
2652 357 2944 417 coxerunt,
2976 360 3141 423 atque
3169 353 3225 407 in
3253 351 3577 422 huiusmodi

311 452 453 521 ejus.
481 448 622 503 Dicit
662 448 709 502 ei
738 446 902 501 homo
932 447 1223 517 praetoris:
1264 444 1388 500 Non
1436 454 1515 501 est
1556 447 1637 500 ita
1659 486 1675 510 ,
1701 447 1791 500 sed
1840 447 1897 500 in

310 544 538 599 ueritate
596 540 778 595 scribit
826 540 943 592 tibi.
1016 537 1175 593 Tunc
1223 538 1569 609 interrogat:
1622 536 1899 603 Quomodo

311 642 393 689 est
454 632 735 687 Amorium
776 645 904 701 erga
949 628 1155 685 illum!
1200 630 1332 684 Ait:
1377 628 1517 684 Bene
1552 638 1603 683 et
1644 631 1697 685 in
1723 629 1899 699 subje-

312 725 489 779 ctione
517 722 652 790 ejus.
692 719 867 775 Iratus
907 729 1089 773 autem
1121 718 1341 789 injuriis
1390 719 1569 774 affecit
1597 734 1722 775 eum
1748 759 1763 785 ,
1812 720 1902 775 di-

312 830 491 872 cens:
551 813 665 868 Cur
717 812 958 866 mentiris
984 812 1011 867 γ
1057 811 1129 864 At
1166 810 1296 865 ille:
1335 810 1423 865 Ita
1450 819 1529 866 est
1567 820 1625 864 ut
1652 812 1788 867 dixi.
1834 811 1902 866 Et

312 916 539 963 taxatos
569 905 737 960 mittit
794 917 902 959 una
946 917 1071 959 cum
1116 903 1430 959 turmarclia
1481 902 1537 957 in
1579 902 1757 973 ipsum
1787 943 1801 967 ,
1846 908 1904 958 et

315 999 509 1055 eduxit
546 995 981 1052 abundantiores
1013 993 1273 1051 familias.
1304 994 1686 1051 Tribulatione
1718 995 1905 1065 itaque

317 1092 531 1165 ingenti
563 1088 855 1147 Masalmas
874 1102 1045 1159 super
1067 1090 1171 1143 hoc
1203 1096 1453 1159 accepta,
1490 1087 1679 1143 furore
1708 1087 1905 1158 plenus

316 1183 537 1257 expulit
564 1197 711 1239 eum.
736 1180 1045 1237 Consilium
1084 1181 1287 1252 quippe
1319 1179 1554 1236 habebat
1591 1188 1780 1236 aestate
1806 1193 1905 1235 ca-

318 1289 454 1347 pere
485 1274 645 1337 illud,
674 1281 729 1326 et
762 1271 1117 1343 exspectandi
1138 1260 1399 1337 classem,
1438 1258 1495 1325 et
1522 1270 1605 1327 sic
1637 1270 1693 1325 in
1720 1270 1904 1324 Asiam

323 1365 701 1427 descendendi
730 1375 897 1435 atque
921 1363 1217 1420 hiemandi.
1274 1361 1475 1419 lterum
1506 1376 1635 1434 ergo
1672 1362 1908 1433 quaesito

319 1459 580 1535 praetoris
613 1458 839 1514 homine
860 1457 1190 1513 sciscitatur
1216 1456 1285 1510 ab
1316 1470 1403 1511 eo.
1456 1454 1551 1512 ille
1588 1468 1720 1510 vero
1754 1455 1909 1525 jure-

316 1551 559 1622 jurando
586 1549 727 1605 dixit
758 1549 826 1603 ad
869 1563 994 1604 eum
1028 1565 1042 1602 :
1076 1546 1273 1603 Omnia
1310 1562 1430 1619 qua:
1468 1546 1560 1601 aio
1604 1546 1737 1613 tibi,
1778 1562 1902 1602 vera

324 1652 472 1701 sunt.
543 1641 647 1698 Sed
672 1650 722 1696 et
761 1639 907 1693 mille
935 1640 991 1693 in
1013 1639 1068 1693 id
1100 1640 1275 1692 taxati
1323 1654 1442 1693 cum
1478 1637 1785 1693 turmarcha
1819 1637 1907 1691 in-

2002 444 2115 500 Deo
2135 444 2460 501 detestabile
2482 444 2820 501 sacriﬁcium
2841 456 3053 509 omnes,
3075 443 3169 512 qui
3195 442 3402 499 bellare
3428 445 3579 498 volc-

2001 537 2159 602 bant,
2210 536 2454 591 dexterae
2500 550 2698 592 manus
2739 550 2856 592 sua:
2898 534 3152 590 manicas
3193 535 3581 605 intingebant;

2000 634 2055 684 et
2090 628 2297 683 idcirco
2328 628 2572 684 inimicis
2599 636 2731 683 sunt
2756 626 2964 681 traditi.

2074 715 2261 772 Mundi
2284 732 2430 773 anno
2451 718 2613 785 6209,
2637 717 2839 772 divina:
2863 716 3261 771 incarnationis
3283 731 3430 772 anno
3448 716 3577 783 709,

2003 807 2117 866 Leo
2144 810 2448 880 imperator
2478 810 2853 864 Romanorum
2882 809 3225 879 provehitur,
3254 811 3350 880 qui
3377 806 3448 863 24
3472 806 3581 864 itit-

2004 902 2217 971 peravit
2243 901 2426 956 annis.
2455 900 2774 955 Suheliman
2803 916 2934 955 vero
2979 901 3088 956 dux
3119 901 3361 958 Arabum
3396 902 3580 957 nosci-

2004 1001 2116 1059 tur,
2152 994 2245 1065 qui
2297 994 2480 1050 tribus
2528 992 2750 1064 praefuit
2800 992 2984 1049 annis.
3034 992 3149 1049 Hoc
3198 994 3384 1063 itaque
3433 1009 3585 1049 anno

2005 1084 2116 1143 Leo
2158 1087 2432 1158 imperare
2470 1087 2641 1156 ctepit
2669 1101 2734 1142 ex
2789 1086 3317 1143 Germanicensibus
3363 1086 3583 1142 deriva-

2008 1187 2117 1244 tus,
2150 1194 2351 1250 genere
2396 1177 2594 1252 Syrus,
2645 1180 2739 1249 qui
2787 1195 2816 1234 a
2864 1178 3178 1235 Justiniano
3228 1179 3581 1249 imperatore,

2005 1285 2131 1325 cum
2193 1271 2348 1342 prius
2400 1282 2681 1344 regnaret,
2724 1271 3059 1326 transfertur
3105 1270 3161 1325 in
3203 1269 3583 1326 Mesembriam

2007 1362 2260 1419 Thracae.
2319 1363 2495 1421 Porro
2544 1365 2873 1436 posterioris
2929 1362 3145 1434 imperii
3199 1362 3289 1417 sui
3340 1372 3585 1433 tempore

2006 1472 2132 1513 cum
2163 1455 2378 1512 veniret
2418 1472 2527 1512 una
2560 1472 2687 1512 cum
2726 1455 3080 1525 Vulgaribus.
3114 1455 3311 1511 obvius
3356 1456 3406 1511 ei
3456 1470 3582 1511 cum

2009 1548 2334 1605 muneribus
2396 1547 2503 1604 fuit
2576 1548 2759 1603 ovium
2823 1550 3268 1619 quingentarum.
3329 1546 3586 1602 Placatus

2010 1648 2194 1695 autem
2214 1636 2569 1695 Justinianus
2596 1638 2938 1709 spatharium
2965 1636 3217 1707 protinus
3249 1636 3401 1690 illum
3430 1634 3582 1702 fecit,

324 1734 493 1807 gressi
530 1740 677 1797 sunt,
720 1737 1069 1799 cunctamque
1101 1730 1467 1783 substantiam
1512 1728 1711 1783 ibidem
1748 1729 1905 1783 habi-
1934 1704 1982 1765 Β
2009 1737 2064 1786 et
2088 1730 2279 1786 habuit
2308 1730 2457 1787 hunc
2484 1704 2647 1784 sicuti
2673 1704 2995 1801 germanum
3022 1728 3283 1782 amicum.
3314 1727 3583 1783 Praeterea

329 1826 565 1880 tantium
593 1829 644 1877 et
673 1822 853 1889 inopes
884 1819 1127 1890 familias
1153 1818 1340 1874 eduxit
1373 1820 1545 1875 illinc.
1576 1819 1675 1877 His
1705 1820 1906 1877 auditis

326 1916 527 1974 scribit
575 1911 799 1984 praatori
836 1928 851 1965 :
895 1910 1028 1966 Veni
1077 1914 1147 1965 ad
1197 1927 1301 1977 me,
1338 1910 1619 1982 inquiens,
1649 1920 1700 1967 et
1736 1921 1907 1967 tecum

325 2008 592 2079 paciscor,
629 2014 679 2060 et
715 2005 961 2059 universa
995 2013 1053 2057 ut
1096 2004 1174 2059 vis
1212 2006 1463 2074 patrabo.
1490 2004 1908 2075 Contemplatus

326 2101 499 2172 igitur
529 2106 727 2169 praetor
748 2097 895 2167 quod
926 2094 1197 2152 Massaleo
1219 2097 1649 2167 propinquasset
1676 2106 1733 2152 et
1760 2098 1910 2169 quod

329 2190 386 2245 in
421 2188 544 2243 aliis
570 2188 814 2258 quinque
839 2186 1034 2243 diebus
1064 2186 1379 2256 provincias
1408 2201 1539 2243 suas
1569 2188 1909 2244 transiturus

331 2285 505 2344 esset,
536 2277 721 2332 missis
754 2275 824 2331 ad
856 2290 983 2331 eum
1015 2276 1230 2331 duobus
1259 2278 1583 2334 consulibus
1632 2279 1910 2349 signiﬁcat

330 2368 381 2423 ei
412 2367 602 2423 dicens
629 2384 644 2421 :
686 2365 921 2421 Litteras
959 2374 1079 2420 tuas
1108 2367 1286 2437 accepi
1314 2375 1363 2422 et
1392 2368 1715 2423 uoluntatem
1761 2377 1910 2423 tuam

331 2457 558 2525 suscepi,
589 2465 639 2510 et
662 2471 727 2510 en
754 2456 823 2509 ad
848 2467 897 2510 te
926 2455 1095 2509 venio.
1120 2453 1251 2521 Sed,
1274 2467 1331 2510 ut
1356 2458 1514 2522 nosti,
1548 2468 1746 2527 prator
1767 2475 1908 2525 sum,

330 2556 383 2602 et
415 2548 647 2616 pecunia:
693 2554 748 2600 et
804 2554 1084 2616 argentum
1134 2556 1186 2601 et
1223 2547 1450 2617 populus
1501 2564 1583 2602 me
1631 2559 1910 2604 secuturus

329 2648 432 2705 est,
463 2656 526 2693 ac
564 2653 656 2708 per
698 2638 795 2692 hoc
840 2654 921 2693 me
970 2640 1212 2707 permitte
1243 2640 1370 2693 mihi
1416 2656 1579 2711 super
1600 2657 1913 2713 unoquoque

332 2731 569 2800 ipsorum
606 2730 842 2783 uerbum.
875 2727 945 2783 Et
988 2730 1038 2784 si
1081 2730 1293 2801 quidem
1330 2731 1778 2800 quemadmodum
1822 2749 1913 2789 re-

328 2822 486 2891 quiro
532 2837 598 2876 ea:
649 2821 790 2877 vobis
836 2837 1004 2877 causa
1045 2838 1164 2877 mea
1203 2823 1366 2893 fuerit
1427 2823 1609 2893 facta,
1669 2826 1797 2881 bene
1858 2835 1911 2881 et

330 2914 578 2979 optime:
619 2913 706 2967 sin
743 2923 942 2979 autem,
976 2913 1237 2969 indemnis
1266 2914 1457 2969 saltem
1487 2925 1537 2969 et
1570 2916 1915 2972 tribulatione

332 3004 655 3073 proﬁciscar
679 3014 912 3072 excepta.
948 3004 1277 3061 Consulibus
1311 3018 1446 3078 ergo
1465 3007 1914 3075 pervenientibus

336 3095 407 3150 ad
460 3108 588 3149 eum
642 3093 697 3149 in
754 3093 1188 3161 Tlieodosianis.
1225 3097 1363 3153 dicit
1415 3098 1527 3155 illis
1570 3097 1912 3155 Masaltnas:

336 3185 585 3242 Sciebam
621 3187 762 3256 quod
793 3187 1044 3243 illuderet
1074 3189 1205 3244 mihi
1232 3198 1430 3259 praetor
1456 3200 1645 3247 uester.
1686 3191 1756 3247 At
1792 3191 1911 3259 illi,

338 3278 511 3343 Absit,
538 3278 813 3347 inquiunt.
849 3277 1006 3335 Tunc
1036 3279 1182 3336 facto
1212 3281 1359 3353 quod
1386 3284 1717 3353 quasierant
1749 3284 1915 3339 verbo

336 3372 545 3428 dimisit
580 3387 702 3428 eos.
754 3371 941 3430 Donec
972 3374 1159 3445 itaque
1179 3377 1441 3434 consules
1477 3392 1603 3435 cum
1641 3378 1917 3449 suscripto

338 3465 506 3519 verbo
559 3464 628 3520 ad
683 3473 976 3536 praetorem
1032 3466 1274 3523 fuissent
1310 3470 1563 3536 reversi,
1623 3469 1918 3527 Masalmas

336 3554 595 3624 copiosas
646 3557 1027 3614 multitudines
1075 3560 1325 3626 habens,
1381 3569 1437 3617 et
1478 3578 1714 3634 usquam
1769 3574 1920 3621 stare

339 3660 449 3700 non
484 3647 699 3715 valens,
739 3649 1133 3707 Achrohenum
1187 3652 1325 3709 adit.
1373 3653 1648 3711 Praeterea
1682 3670 1810 3711 cum
1835 3658 1921 3713 vi-

343 3737 519 3793 disset
554 3747 757 3808 prator
793 3741 938 3811 quod
971 3758 1103 3799 suas
1136 3744 1541 3801 transmisisset
1568 3746 1660 3802 ille
1692 3748 1921 3818 provin-

339 3827 480 3892 cias,
521 3826 898 3887 Nicomediam
945 3833 1117 3899 vadit,
1165 3843 1221 3890 et
1248 3832 1549 3891 Theodosii
1588 3835 1764 3892 illium
1789 3852 1923 3894 oon-

338 3929 570 3977 secutus
590 3923 735 3992 capit
751 3924 900 3980 hunc
928 3940 1056 3981 cum
1073 3926 1226 3982 omni
1254 3936 1518 3999 apparatu
1537 3928 1688 4001 regio
1715 3936 1771 3985 et
1792 3928 1925 3986 viris

343 4015 539 4085 primis
572 4018 783 4088 palatii.
843 4019 914 4075 At
957 4035 1087 4077 vero
1138 4019 1431 4079 Masalmas
1472 4022 1826 4100 descendens
1870 4024 1925 4079 in

340 4108 531 4163 Asiam
577 4109 841 4167 hiemavit
882 4112 1020 4177 illic,
1072 4120 1129 4169 et
1156 4112 1436 4172 Humarus
1465 4116 1522 4171 in
1561 4115 1774 4171 Cilicia.
1826 4116 1927 4171 Ast

2010 1818 2217 1875 invidia
2247 1821 2400 1878 ducti
2432 1821 2659 1893 quidam
2694 1822 3054 1877 detraxerunt
3099 1820 3149 1875 ei
3181 1828 3444 1889 tanquam
3479 1820 3587 1873 im-

2007 1912 2221 1980 perium
2271 1914 2575 1984 appetenti.
2623 1913 2757 1968 Cum
2807 1926 2942 1967 vero
2992 1927 3156 1981 super
3209 1911 3315 1966 hoc
3351 1911 3587 1981 quaestio

2010 2000 2204 2067 ﬁeret,
2256 2002 2427 2057 veluti
2483 2002 2900 2057 inslmulatores
2953 1999 3175 2055 confusi
3242 2009 3389 2054 sunt.
3443 1998 3589 2054 Sane

2013 2093 2396 2164 hujuscemodi
2443 2109 2627 2151 sermo
2675 2109 2745 2151 ex
2774 2101 2908 2149 tunc
2950 2092 3060 2151 dici
3095 2094 3267 2164 coepit
3309 2108 3341 2148 a
3374 2094 3583 2150 multis.

2007 2184 2358 2242 Justinianus
2387 2201 2521 2258 ergo
2549 2187 2681 2241 licet
2727 2186 3021 2242 manifeste
3055 2186 3255 2242 laedere
3294 2187 3443 2243 hunc
3482 2201 3585 2242 no-

2010 2280 2230 2345 luisset,
2257 2279 2479 2335 ttedium
2507 2279 2731 2351 quidem
2767 2280 2872 2335 sibi
2913 2287 3111 2334 contra
3145 2293 3270 2334 eum
3309 2279 3586 2351 injicitur,

2009 2380 2068 2430 et
2113 2374 2284 2428 mittit
2324 2388 2450 2429 eum
2487 2375 2542 2429 in
2590 2374 2841 2429 Alaniam
2876 2386 3001 2429 cum
3039 2375 3289 2445 pecuniis
3328 2375 3395 2431 ad
3439 2388 3591 2429 com-

2013 2466 2314 2524 movendos
2355 2468 2565 2523 Alanos
2610 2469 2876 2526 adversus
2924 2469 3242 2540 Abasgiam,
3298 2468 3591 2524 Saracenis

2012 2558 2383 2616 retinentibus
2417 2568 2528 2614 tam
2562 2561 2855 2631 Ahasgiam
2894 2575 3057 2629 quam
3107 2560 3342 2615 Lazicen
3393 2569 3447 2616 et
3497 2561 3591 2613 lli-

2010 2649 2245 2707 heriam.
2270 2653 2340 2707 At
2367 2652 2461 2709 ille
2486 2666 2612 2708 cum
2641 2660 2893 2723 pergeret
2927 2652 2982 2706 in
3016 2650 3293 2716 Lazicam,
3326 2650 3591 2721 pecunias

2013 2742 2239 2814 quidem
2291 2743 2543 2814 reposuit
2596 2743 2737 2814 apud
2797 2743 3133 2810 Pliasidem,
3183 2742 3591 2813 perpaucisque

2013 2835 2317 2906 assumptis
2347 2834 2626 2905 indigenis
2659 2833 2797 2889 adiit
2825 2834 3117 2905 Apsiliam,
3152 2843 3207 2890 et
3237 2849 3363 2888 cum
3398 2840 3588 2889 trans—

2017 2925 2209 2981 ivisset
2237 2924 2549 2980 Caucaseos
2582 2932 2797 2980 montes
2819 2925 2971 2980 venit
3014 2924 3071 2979 in
3118 2924 3389 2978 Alaniam.
3419 2924 3595 2981 Justi-

1941 3052 1985 3113 α
2018 3017 2221 3072 nianus
2253 3025 2437 3072 autem
2463 3016 2658 3072 volens
2696 3030 2822 3071 eum
2874 3016 3127 3087 perdere,
3176 3017 3349 3080 misit,
3382 3024 3438 3071 et
3469 3018 3596 3071 tulit

2018 3110 2282 3183 pecunias
2305 3124 2374 3165 ex
2402 3108 2659 3165 Phaside.
2691 3108 2849 3163 Alani
2881 3117 3063 3163 autem
3092 3109 3434 3179 spatltarium
3465 3124 3591 3164 cum

2016 3202 2169 3259 omni
2227 3203 2440 3258 honore
2507 3201 2921 3272 suscipientes,
2977 3209 3142 3270 atque
3193 3201 3361 3256 verba
3418 3201 3595 3271 ipsius

2019 3294 2334 3358 audientes,
2382 3292 2720 3348 introierunt
2755 3299 2811 3347 et
2839 3292 3067 3362 prmdati
3117 3300 3247 3347 sunt
3274 3291 3592 3361 Abasgiam.

2020 3384 2090 3437 At
2122 3398 2254 3438 vero
2302 3382 2562 3437 dominus
2608 3382 2957 3453 Abasgorum
3006 3381 3227 3436 intimat
3273 3382 3468 3438 Alanis
3515 3382 3599 3437 di-

2020 3491 2153 3532 cens
2178 3492 2194 3530 :
2229 3473 2299 3530 Ut
2338 3476 2567 3541 invenio,
2601 3476 2769 3529 alium
2798 3475 2960 3530 talem
2980 3477 3392 3531 mentionarium
3412 3475 3594 3532 Justi-

2022 3569 2216 3622 nianus
2250 3582 2355 3621 non
2384 3567 2592 3633 habuit,
2634 3583 2786 3636 quem
2828 3569 3037 3623 mittere
3073 3568 3335 3624 debuisset
3364 3580 3413 3624 et
3453 3586 3599 3625 com-

2023 3667 2251 3713 moveret
2289 3674 2379 3713 oos
2423 3666 2611 3711 contra
2656 3674 2749 3711 nos
2779 3659 2979 3714 vicinos
3012 3671 3233 3723 vestros,
3284 3662 3389 3715 nisi
3423 3660 3600 3715 homi-

2024 3766 2139 3805 nem
2161 3750 2321 3805 istum
2343 3764 2361 3803 :
2383 3749 2575 3819 fefellit
2601 3750 2742 3803 enim
2764 3765 2851 3804 vos
2884 3760 2935 3804 et
2955 3751 3098 3805 circa
3133 3752 3598 3818 repromissionem

2023 3856 2231 3913 quoque
2270 3843 2617 3912 pecuniarum
2648 3855 2667 3895 :
2694 3842 2911 3898 mittens
2942 3843 3084 3897 enim
3114 3841 3461 3897 lustinianus
3503 3843 3599 3897 has

2026 3934 2269 3989 abstulit.
2324 3932 2429 3990 Sed
2467 3936 2589 3989 date
2625 3934 2776 3988 nobis
2824 3949 2965 3998 eum,
3012 3943 3059 3988 et
3103 3934 3398 4003 prtebemtts
3452 3934 3599 3990 vobis

2027 4027 2411 4081 numismatum
2462 4026 2570 4079 tria
2603 4024 2797 4092 millia,
2823 4034 2874 4080 et
2909 4025 3085 4094 prisca
3121 4024 3358 4079 charitas
3414 4035 3602 4080 nostra

2028 4137 2136 4176 non
2189 4121 2442 4175 solvetur.
2510 4118 2711 4174 Verum
2765 4120 2925 4174 Alani
2989 4117 3442 4175 dixeruntzNos
3493 4136 3602 4174 non

344 4212 546 4272 praetor
586 4211 871 4275 assumpto
903 4204 1013 4260 ﬁlio
1042 4205 1415 4278 imperatoris,
1440 4216 1497 4265 et
1522 4208 1662 4265 inito
1694 4208 1929 4265 consilio
2028 4222 2241 4285 propter
2272 4212 2550 4283 pecuniam
2590 4211 2914 4267 obediuintus
2962 4214 3033 4275 ei,
3070 4214 3163 4267 sed
3200 4222 3413 4282 propter
3438 4213 3602 4282 impe-

343 4306 474 4349 cum
540 4293 627 4351 his
678 4296 775 4365 qui
821 4309 1005 4352 secum
1065 4307 1257 4366 erant,
1320 4300 1472 4355 venit
1517 4298 1927 4377 Chrysopolim.
2032 4305 2231 4361 ratoris
2272 4303 2633 4360 dilectionem.
2672 4302 2986 4374 lterumqne
3018 4303 3220 4373 Abasgi
3263 4303 3488 4358 mittunt
3529 4304 3597 4358 ad

342 4384 520 4441 Porro
547 4385 893 4446 Theodosius
934 4393 1231 4461 compertis
1262 4406 1386 4462 quae
1412 4399 1564 4464 gesta
1590 4403 1745 4460 sunt,
1786 4409 1921 4452 con-
1951 4388 1998 4445 Β
2025 4411 2124 4452 eos
2146 4395 2396 4452 dicentes
2426 4411 2441 4449 :
2480 4394 2614 4452 Date
2644 4395 2793 4450 nobis
2834 4412 2977 4460 eum,
3006 4404 3056 4450 et
3090 4394 3381 4450 tribuemus
3424 4395 3602 4449 numi-

342 4475 473 4531 silio
512 4490 544 4530 a
596 4475 875 4533 Germano
934 4480 1248 4549 patriarcha
1301 4488 1358 4536 et
1407 4489 1603 4538 senatu
1637 4493 1916 4555 percepto,
2026 4497 2207 4544 smata
2258 4503 2353 4544 sea:
2403 4488 2599 4543 millia.
2654 4488 2826 4545 Porro
2872 4488 3031 4543 Alani
3090 4489 3339 4544 volentes
3386 4489 3602 4543 discere

344 4582 444 4637 per
478 4569 734 4625 eumdem
794 4571 1169 4641 patriarcham
1225 4573 1443 4644 accepit
1478 4588 1509 4627 a
1556 4572 1742 4631 Leone
1769 4575 1924 4632 inde-
2028 4581 2310 4653 regionem
2346 4581 2714 4652 Abasgorum,
2767 4580 3205 4650 repromiserunt
3248 4596 3310 4636 se
3353 4580 3603 4649 accipere

342 4659 599 4717 mnitatis
644 4662 876 4717 verbum
930 4670 987 4718 et
1036 4662 1295 4719 Ecclesiae
1336 4665 1458 4722 sine
1508 4668 1921 4737 perturbatione

340 4750 649 4815 servandae,
682 4760 739 4806 et
767 4753 850 4808 sic
889 4752 941 4808 ei
985 4756 1339 4811 committunt
1387 4757 1701 4827 imperium.
1751 4758 1925 4815 Porro

342 4841 693 4899 Theodosius
722 4859 829 4900 una
852 4859 978 4901 cum
1010 4846 1121 4902 ﬁlio
1138 4862 1242 4903 suo
1269 4848 1459 4904 clerici
1485 4849 1616 4906 facti
1642 4851 1924 4907 residuum

327 4933 474 5007 .vita
501 4948 616 4990 sua:
666 4943 886 5006 tempus
931 4944 1321 5010 transegerunt
1369 4939 1425 4995 in
1472 4956 1628 5010 pace.
1688 4941 1927 5001 Veniens

345 5022 561 5078 interea
593 5022 881 5081 Masalmas
916 5026 1240 5098 Pergamum
1282 5028 1426 5085 hanc
1474 5030 1715 5098 obsedit,
1758 5042 1812 5088 et
1845 5033 1926 5088 in-

345 5116 633 5185 dulgentia
662 5115 757 5172 Dei
789 5133 885 5188 per
915 5118 1245 5176 diabolicam
1289 5124 1663 5193 operationem
1694 5126 1923 5195 accepit.

347 5206 430 5262 Ex
487 5207 808 5277 magisterio
855 5211 1057 5282 quippe
1105 5211 1249 5282 magi
1298 5213 1585 5282 cujusdam
1630 5213 1923 5270 adductam

350 5297 455 5352 viri
504 5299 748 5354 civitatis
784 5300 931 5357 illius
980 5306 1267 5359 mulierem
1312 5305 1609 5360 incinctum
1657 5307 1769 5378 (74)
1811 5308 1923 5379 jam

344 5390 573 5461 jamque
623 5392 925 5461 parituram
962 5395 1319 5466 inciderunt,
1364 5406 1421 5453 et
1476 5409 1758 5469 assumpto
1798 5416 1927 5471 par-

2030 4673 2123 4728 illa
2157 4674 2557 4730 numismatum
2607 4686 2705 4728 sex
2760 4672 2934 4727 millia
2967 4682 3022 4726 et
3063 4672 3197 4727 dare
3238 4673 3600 4743 spatliarium.

2031 4762 2186 4818 Alani
2237 4778 2373 4819 vero
2423 4761 2665 4823 confessi
2730 4769 2862 4817 sunt
2923 4760 3210 4830 spathario
3270 4771 3499 4830 cuncta,
3549 4773 3605 4819 et

2031 4853 2224 4909 dicunt
2251 4854 2302 4911 ei
2333 4870 2350 4909 :
2379 4853 2838 4921 Quemadmodum
2868 4852 3038 4914 sides.
3070 4853 3155 4907 via
3181 4870 3297 4924 qute
3333 4855 3387 4908 in
3412 4853 3604 4910 Romae-

2030 4947 2178 4999 niam
2222 4946 2370 4999 ducit
2418 4945 2609 5000 clausa
2651 4954 2750 5010 est,
2804 4953 2856 5000 et
2891 4944 3152 5015 quomodo
3210 4954 3450 5001 transeas
3498 4963 3605 5001 non

2031 5038 2212 5092 habes.
2240 5036 2347 5092 Sed
2371 5038 2548 5107 potius
2570 5036 2764 5091 callide
2789 5051 3032 5107 agamus,
3065 5046 3116 5091 et
3150 5038 3497 5107 polliceantur
3523 5037 3603 5090 eis

2031 5128 2171 5199 quod
2224 5131 2505 5183 tradamus
2556 5137 2626 5191 te,
2685 5142 2737 5184 et
2787 5115 3050 5183 mittimus
3104 5129 3340 5185 homines
3395 5136 3604 5181 nostros

2034 5240 2152 5277 cum
2185 5222 2284 5286 eis.
2310 5229 2361 5277 et
2395 5223 2649 5278 discimus
2680 5223 2967 5277 clausurus
2995 5238 3197 5287 eorum,
3232 5232 3280 5275 et
3319 5223 3602 5281 irruentns,

2033 5323 2084 5370 et
2111 5315 2581 5369 esterminabimus
2631 5317 2894 5386 regionem
2938 5317 3196 5384 ipsorum.
3243 5312 3604 5381 Apocrisiarii

2036 5421 2167 5462 vero
2208 5407 2509 5463 Alanorum
2561 5407 2829 5466 abeuntes
2883 5409 2936 5461 in
2969 5405 3284 5475 Abasgiam,
3321 5412 3377 5457 et
3419 5417 3608 5471 repro-

1865 5515 2106 5578 NOTAE.

429 5608 545 5689 (η)
600 5607 929 5689 Igcinctam.
997 5610 1397 5683 Pra‘gnantetn.
1458 5612 1655 5669 Festus
1712 5613 2076 5687 propinquam
2158 5615 2342 5689 partui
2424 5614 2709 5673 mulierem
2766 5614 3061 5673 incientem
3115 5613 3303 5672 vocari
3359 5613 3470 5680 ait,
3553 5613 3608 5669 in

346 5680 598 5751 gravida.
641 5680 806 5736 Fsun.

673 5774 945 5836 Parnm"
985 5776 1101 5837 Gn.
1123 5776 1343 5839 CVlll.

3185 5768 3262 5829 b3
