3960 6228
390 200 543 270 13ὃῦ

1503 192 1869 254 ANASTASI
1877 193 1903 252 Ι
1942 192 2567 255 BlBLIOTlIECARII

3533 193 3685 264 1356

394 326 677 378 mittentes
744 311 1084 386 spatharium
1154 309 1429 381 prodere,
1500 311 1736 380 plurima
1804 312 1965 365 xenia
2002 321 2043 377 Α
2074 312 2338 366 Armeniis
2392 310 2575 373 habes.
2617 308 2884 380 paciscere
2934 318 2984 364 et
3030 326 3255 375 mecum,
3309 321 3359 368 et
3399 321 3516 368 esto
3584 314 3688 369 sub

395 420 763 485 perceperunt
804 408 873 462 ab
906 406 1010 462 eis.
1058 402 1125 459 Et
1154 403 1341 472 plures
1370 402 1575 458 missos
1611 404 1796 459 denuo
1844 402 1977 458 mit-

398 515 544 571 tunt,
584 502 748 560 simul
791 500 955 554 etiam
1010 511 1137 552 cum
1188 495 1497 577 quantitate
1543 496 1665 549 auri
1712 494 1781 550 ad
1837 495 1981 550 reci-

399 598 660 671 piendum
705 592 1073 663 spatharium.
1108 589 1266 643 Alani
1298 604 1427 645 vero
1464 588 1750 657 spathario
1778 587 1931 641 aiunt
1964 606 1977 642 :

402 688 655 751 Homines
685 686 799 752 isti,
835 696 884 739 et
926 680 1379 755 quemadmodum
1413 681 1783 747 prtedimimus,
1826 680 1903 743 ad,
1933 687 1980 733 te

396 778 751 851 recipiendum
782 784 1051 841 venerunt,
1078 784 1127 830 et
1157 773 1395 844 Abasgia
1430 783 1479 827 te
1506 772 1878 841 prarstolalur.
1911 770 1980 825 Et

396 874 649 945 quoniam
674 871 905 941 proximi
932 884 1116 923 sumus
1152 869 1250 932 eis,
1298 868 1651 937 negotiatores
1700 876 1882 922 euntes
1912 864 1982 919 ad

398 966 524 1021 illos
578 981 682 1019 non
727 963 1003 1032 deﬁciunt.
1043 959 1185 1031 Ergo
1227 976 1289 1014 ne
1328 959 1524 1027 prodas
1571 960 1645 1014 eis
1697 960 1980 1014 consilium

390 1067 663 1115 nostrum.
692 1055 1011 1110 \Trademus
1036 1064 1083 1109 te
1117 1052 1421 1122 manifeste,
1468 1063 1516 1107 et
1558 1068 1679 1106 cum
1714 1069 1808 1106 nos
1853 1052 1983 1105 moti

401 1148 798 1208 recesserimus,
832 1146 1100 1200 mittemus
1124 1143 1328 1198 occulte
1366 1151 1482 1211 post
1519 1151 1741 1211 tergum,
1778 1152 1825 1195 et
1858 1141 1981 1194 illos

398 1241 613 1312 quidem
663 1236 984 1301 occiderunt,
1036 1246 1085 1291 te
1138 1245 1313 1290 autem
1372 1234 1757 1291 occultabimus
1819 1234 1983 1288 donec

400 1340 735 1388 conservetur
766 1328 990 1399 populus
1032 1336 1211 1381 noster
1248 1335 1299 1380 et
1327 1326 1663 1381 concorditer
1710 1325 1983 1395 ingredia-

400 1442 525 1481 ntur
555 1433 753 1479 terram
806 1422 1065 1491 ipsorum.
1123 1418 1278 1485 Quod
1325 1428 1382 1475 et
1432 1420 1637 1475 factum
1682 1426 1786 1474 est.
1816 1417 1984 1473 Com-

402 1516 680 1587 prehenso
710 1514 949 1583 denique
976 1511 1132 1566 missi
1159 1511 1504 1580 Abasgorum
1536 1510 1819 1579 spathario
1856 1524 1981 1564 cum

404 1608 729 1664 hominibus
791 1605 913 1675 ejus
975 1604 1283 1658 vincientes
1341 1618 1467 1657 eum
1539 1601 1786 1657 abibant.
1850 1600 1982 1656 Dein

406 1700 845 1756 retrovenientes
883 1698 1045 1752 Alani
1078 1712 1205 1750 cum
1236 1694 1454 1750 llictaxi
1486 1695 1712 1751 domino
1760 1710 1863 1751 suo
1893 1710 1985 1749 oc-

404 1792 597 1847 cidunt
626 1793 898 1861 Abasgos,
937 1788 1285 1860 spatharium
1335 1788 1723 1853 occultantes;
1777 1796 1831 1841 et
1875 1787 1986 1842 eleo

405 1887 516 1941 etis
553 1884 821 1939 militibus
855 1891 1041 1936 tntillls
1069 1889 1152 1934 est
1184 1881 1236 1935 in
1277 1879 1592 1949 Abasgiam,
1625 1887 1680 1933 et
1708 1878 1987 1947 insperate

406 1978 698 2033 elausuras
759 1990 953 2031 eorum
1001 1974 1292 2042 ingressus
1342 1972 1573 2026 multam
1621 1972 1678 2025 in
1734 1971 1985 2041 Abasgos

406 2071 644 2140 praedam
673 2077 729 2123 et
764 2064 1155 2123 exterminium
1198 2072 1465 2134 operatus
1498 2070 1605 2119 est.
1639 2063 1853 2129 Quibus
1883 2079 1984 2118 au-

407 2160 539 2215 ditis
581 2158 954 2223 Justinianus,
1012 2164 1068 2211 et
1115 2164 1402 2225 comperto
1452 2156 1600 2226 quod
1646 2156 1810 2210 etiam
1866 2156 1987 2212 sine

410 2253 659 2321 pecuniis
686 2260 957 2323 praecepta
990 2264 1090 2305 sua
1119 2256 1249 2304 sunt
1285 2258 1432 2311 acta,
1476 2248 1643 2303 mittit
1675 2248 1888 2303 litteras
1916 2249 1983 2303 ad

405 2344 678 2412 Abasgos,
736 2324 865 2411 quia
918 2340 975 2396 Si
1027 2339 1260 2403 salvum,
1315 2338 1591 2407 inquiens,
1645 2338 1983 2408 spatharium

405 2444 659 2491 nostrum
693 2433 1072 2490 custodieriti-s
1116 2438 1171 2486 et
1206 2446 1302 2500 per
1328 2446 1425 2487 vos
1468 2431 1700 2487 illassum
1744 2430 1987 2486 transire

409 2526 799 2597 permiseritis,
847 2538 1042 2580 omnes
1083 2538 1345 2578 excessus
1383 2532 1601 2579 vestros
1633 2522 1793 2577 vobis
1824 2522 1984 2593 igno-

406 2619 640 2673 scimus.
676 2617 745 2669 At
785 2616 866 2670 illi
899 2630 1025 2671 cum
1070 2616 1271 2685 gaudio
1306 2615 1395 2670 his
1446 2615 1683 2684 receptis
1716 2615 1985 2671 miserunt

405 2711 590 2765 denuo
621 2710 676 2764 in
707 2708 959 2762 Alaniam
1004 2708 1358 2778 pet-bibentes
1385 2725 1399 2762 :
1427 2706 1687 2762 Dabimus
1714 2709 1859 2764 vobis
1887 2711 1984 2763 ob.

406 2803 545 2857 sides
588 2802 731 2871 ﬁlios
767 2811 1003 2863 nostros,
1050 2810 1100 2855 et
1151 2800 1275 2854 date
1328 2800 1473 2853 nobis
1525 2800 1879 2868 spatharium,
1926 2812 1983 2856 ut

407 2895 680 2948 mittamus
707 2907 826 2946 eum
867 2890 936 2943 ad
977 2890 1372 2944 Justiniauum.
1422 2888 1623 2945 Verum
1666 2891 1984 2959 spatharius

404 2986 513 3042 hoc
558 2984 850 3041 admittere
896 2982 1100 3045 noluit,
1133 2995 1394 3036 asserens
1426 2997 1440 3033 :
1477 2978 1628 3033 Valet
1679 2980 1809 3034 mihi
1844 2979 1983 3036 Deus

406 3080 613 3148 aperire
670 3076 866 3131 ostium
916 3072 1183 3129 exeundi:
1214 3088 1339 3127 nam
1391 3088 1484 3141 per
1542 3072 1845 3143 Abasgiam.
1881 3090 1985 3129 non

402 3185 551 3226 exeo.
604 3167 735 3225 Post
791 3166 1016 3236 aliquod
1073 3180 1204 3221 vero
1260 3174 1480 3234 tempus
1528 3179 1654 3220 cum
1703 3165 1983 3222 exercitus

406 3261 790 3317 Romanorum
834 3266 893 3314 et
948 3256 1336 3312 Armeniorum
1397 3256 1632 3325 ingressi
1686 3264 1875 3313 essent
1926 3260 1983 3313 in

406 3353 659 3407 Lazicam
699 3357 753 3406 et
798 3347 1182 3418 Artheopolim
1233 3354 1639 3416 expugnarent,
1673 3347 1984 3404 Saraceno-

408 3459 531 3498 rum
562 3441 756 3497 audito
784 3441 1022 3497 adventu
1057 3446 1432 3495 recesserunt.
1462 3438 1715 3508 Separati
1745 3455 1879 3496 vero
1915 3457 1985 3496 ex

408 3535 489 3591 eis
543 3547 720 3601 usque
792 3532 859 3587 ad
923 3530 1194 3586 ducentos
1251 3530 1627 3585 ascenderunt
1688 3532 1744 3587 in
1802 3541 1985 3602 partes

406 3628 630 3700 Apsiliaa
656 3636 822 3698 atque
844 3625 1252 3682 Caucaseorum
1277 3624 1549 3679 montium
1577 3625 1981 3696 depraedantes.

409 3720 699 3776 Saracenis
731 3734 865 3776 sane
910 3719 981 3774 ad
1038 3718 1291 3774 Lazicam
1327 3717 1680 3774 venientibus
1725 3717 1856 3788 fuga
1905 3719 1986 3773 la-

406 3828 541 3885 psus
573 3812 948 3868 Romanorum
984 3810 1482 3879 Armeniorumque
1514 3810 1751 3880 populus
1779 3810 1985 3867 Phasin

406 3920 661 3963 remeans
706 3905 865 3960 adiit.
920 3902 1152 3959 Ducenti
1204 3918 1337 3958 vero
1396 3903 1478 3957 illi
1532 3913 1881 3960 remanentes
1926 3905 1983 3959 in

405 3997 692 4054 Caucasiis
748 4004 951 4054 stetere
1000 3994 1305 4061 montibus,
1352 3994 1749 4053 latrocinantes
1794 4006 1852 4052 et
1897 3998 1981 4053 sui

406 4089 849 4159 desperationem
893 4088 1187 4159 patientes.
1222 4086 1345 4154 Quo
1385 4097 1672 4159 comperto
1697 4089 1857 4145 Alani
1896 4105 1984 4145 ar-

409 4181 597 4236 bitrati
616 4190 747 4237 sunt
768 4179 1180 4235 multitudinem
1203 4178 1581 4236 Romanorum
1605 4182 1658 4235 in
1683 4180 1984 4239 Caucaseis

406 4274 687 4329 montibus
747 4288 913 4341 esse,
961 4270 1376 4342 gaudentesque
1441 4274 1599 4328 aiunt
1646 4273 1979 4344 spathario:

2084 422 2243 476 regno
2288 421 2422 469 meo,
2469 412 2519 458 et
2568 404 2639 457 da
2686 404 2837 456 nobis
2897 403 3166 457 auxilium
3202 405 3573 461 descendendi
3620 410 3694 462 ad

2085 514 2232 551 mare
2277 506 2326 551 et
2378 495 2689 550 transeundi
2720 496 2793 549 ad
2857 494 3368 563 Trapezuntensium
3416 499 3568 554 loca.
3611 498 3727 554 Eo'

2083 602 2215 643 vero
2243 596 2466 658 patrare
2508 586 2615 642 hoc
2661 601 2771 640 non
2821 594 3192 655 proponente,
3243 588 3417 643 mittit
3446 590 3694 659 spatha-

2084 682 2202 735 rius
2244 695 2411 737 unum
2456 695 2524 735 ex
2572 678 2893 735 hominibus
2939 680 3057 735 suis
3094 691 3147 734 et
3182 680 3501 749 Armenios,
3536 698 3693 753 prae-

2083 772 2300 842 cipiens
2356 772 2438 827 eis
2490 778 2551 825 ut
2608 769 2857 825 lacerent
2911 770 3370 828 occultationem.
3413 773 3490 828 Et
3558 792 3691 830 cum

2085 865 2335 929 exierint,
2365 863 2568 933 inquit,
2604 879 2632 918 e
2662 873 2841 917 castro
2874 862 2943 917 ad
2985 863 3246 928 laborem,
3296 867 3473 936 capite
3499 883 3574 922 ια’
3608 871 3691 922 eis

2083 966 2337 1028 quotquot
2364 957 2632 1026 poteritis,
2654 965 2938 1032 portasque
2968 966 3138 1012 tenete
3171 957 3237 1010 ab
3266 960 3351 1012 his
3398 960 3498 1029 qui
3538 959 3687 1028 foris

2086 1058 2231 1115 sunt,
2258 1049 2421 1104 donec
2451 1059 2501 1105 et
2540 1064 2634 1103 nos
2661 1048 3057 1115 perveniamus.
3085 1047 3302 1115 Quibus
3331 1051 3687 1109 abeuntibus

2086 1152 2140 1197 et
2171 1141 2510 1197 facientibus
2554 1140 3014 1205 occultationem.
3061 1156 3188 1196 cum
3241 1143 3490 1212 populus
3528 1155 3688 1203 essu

2086 1235 2153 1291 ad
2188 1235 2431 1290 laborem
2475 1248 2756 1304 egressus,
2803 1234 2992 1291 subito
3023 1235 3298 1291 irruentes
3349 1247 3405 1291 et
3456 1248 3682 1307 portam

2085 1333 2386 1383 tenuerunt
2414 1332 2472 1380 et
2506 1325 2709 1381 multos
2745 1334 3031 1395 ceperunt.
3067 1325 3203 1381 Cum
3230 1338 3416 1383 autem
3462 1329 3682 1383 Phara-

2085 1419 2336 1474 smanius
2366 1417 2421 1471 in
2467 1425 2657 1471 castro
2688 1432 2814 1472 cum
2843 1418 3038 1487 paucis
3072 1419 3395 1484 mansisset,
3424 1424 3683 1490 pervenit

2086 1511 2251 1566 etiam
2285 1509 2627 1579 spatharius,
2652 1518 2707 1565 et
2730 1511 3067 1579 praelocutus
3111 1525 3237 1565 cum
3272 1510 3683 1569 Pharasmanio

2089 1612 2150 1657 ut
2207 1602 2448 1671 aperiret
2495 1617 2623 1655 cum
2671 1616 2842 1671 pace,
2892 1602 3105 1668 noluit,
3161 1604 3258 1657 sed
3319 1610 3684 1659 coacervavit

2090 1696 2316 1752 bellum.
2353 1692 2558 1749 Verum
2602 1709 2729 1748 eum
2767 1703 3013 1749 castrum
3067 1695 3344 1749 munitum
3392 1705 3546 1752 esset
3588 1713 3684 1752 ca-

2088 1803 2218 1857 pere
2252 1786 2306 1841 id
2345 1785 2573 1841 minime
2622 1793 2945 1854 potuerunt.
2997 1783 3248 1843 Marinus
3288 1802 3420 1841 vero
3463 1790 3684 1857 primus

2086 1878 2485 1934 Ahsiliensium
2526 1891 2651 1931 cum
2686 1875 2981 1931 didicisset
3018 1877 3167 1945 quod
3200 1886 3449 1933 castrum
3500 1895 3683 1949 eapu-

2086 1979 2374 2042 guaretur,
2404 1970 2603 2024 timore
2633 1969 2894 2025 detentus
2934 1979 3043 2035 est,
3077 1970 3406 2025 existimans
3435 1974 3682 2028 multum

2087 2078 2210 2119 esse
2255 2077 2384 2117 cum
2433 2060 2722 2131 spathario
2768 2061 3060 2131 populum,
3114 2071 3169 2117 et
3198 2062 3434 2132 sumptis
3483 2078 3680 2119 secum

2088 2154 2349 2210 trecentis
2395 2153 2511 2209 abit
2551 2152 2620 2207 ad
2644 2154 3008 2223 'spatharium
3060 2155 3256 2210 dicens
3290 2173 3303 2209 :
3338 2155 3448 2228 Ego
3483 2166 3534 2211 te
3569 2158 3683 2212 sal-

2087 2262 2208 2300 vum
2240 2245 2437 2300 ducam
2465 2262 2628 2315 usque
2656 2245 2725 2298 ad
2754 2248 3054 2300 maritima.
3080 2246 3149 2300 At
3176 2263 3307 2301 vero
3344 2248 3678 2304 Pharasma-

2086 2339 2215 2394 nius
2257 2338 2376 2393 visa
2430 2339 2761 2393 necessitate
2808 2339 2878 2394 ad
2915 2339 3264 2408 spatharium
3292 2340 3479 2395 dixit:
3516 2341 3682 2397 Sume

2086 2431 2263 2500 [ilium
2311 2446 2482 2483 meum
2520 2429 2777 2496 obsidem,
2830 2439 2880 2484 et
2930 2432 3188 2500 proﬁteor
3224 2433 3445 2501 imperio
3491 2434 3681 2489 deser-

2085 2523 2215 2577 vire.
2250 2520 2356 2587 Qui
2402 2530 2621 2592 recepto
2667 2531 2795 2575 nato
2829 2522 2952 2591 ejus
2982 2524 3121 2578 dicit
3165 2525 3211 2578 ei
3241 2541 3255 2578 :
3282 2525 3516 2591 Qualem
3562 2544 3687 2582 ser-

2087 2631 2211 2668 vum
2252 2622 2301 2666 te
2341 2613 2518 2681 ipsum
2557 2603 2818 2681 perhibes,
2854 2614 2983 2683 quia
3027 2614 3254 2668 inclusus
3302 2632 3421 2669 cum
3461 2618 3543 2670 sis
3585 2616 3688 2672 lo-

2086 2706 2261 2777 queris
2303 2706 2452 2759 nobis
2473 2684 2859 2774 {impossibile
2884 2706 3032 2760 nobis
3057 2716 3131 2761 est
3169 2707 3464 2773 discedere,
3494 2708 3687 2764 donec

2086 2809 2325 2853 castrum
2356 2799 2654 2866 capiamus.
2702 2797 2859 2853 Tunc
2896 2799 3036 2853 dixit
3072 2797 3559 2855 Pharasmanius:
3594 2803 3683 2855 De

2088 2891 2216 2945 mihi
2242 2890 2476 2945 verbum.
2512 2893 2581 2945 At
2610 2906 2746 2946 vero
2785 2890 3106 2961 spatharius
3151 2891 3307 2946 dedit
3349 2894 3399 2946 ei
3442 2892 3675 2948 verbum

2010 3005 2055 3068 ρ
2089 2983 2226 3038 nihil
2250 2982 2299 3038 ei
2335 2983 2595 3048 nocendi,
2638 2983 2735 3040 sed
2771 2998 2895 3039 cum
2932 2984 3182 3054 triginta,
3208 2986 3302 3053 qui
3329 2999 3442 3040 una
3478 2999 3672 3041 secum

2088 3075 2568 3147 ingrediebantur,
2617 3077 2809 3132 dicens
2839 3074 3010 3131 :Hoa:
3042 3086 3103 3129 ut
3138 3078 3365 3148 ingressi
3385 3078 3669 3147 fuerimus,

2086 3175 2254 3222 tenete
2299 3177 2508 3233 portas,
2568 3177 2619 3221 et
2661 3168 2929 3222 introeant
2985 3183 3191 3221 omnes.
3248 3167 3311 3221 Et
3360 3167 3462 3221 hoc
3514 3168 3670 3222 tacto

2087 3260 2249 3316 rediit
2295 3261 2569 3315 missurus
2599 3262 2777 3330 ignem
2825 3260 2879 3315 in
2935 3268 3147 3316 castro.
3183 3260 3312 3315 Cum
3353 3267 3533 3315 autem
3571 3261 3663 3314 fa-

2086 3362 2237 3408 ctum
2288 3353 2489 3415 fuisset
2539 3354 2856 3408 incendium
2907 3360 3155 3419 vastum,
3201 3353 3379 3409 exiere
3406 3352 3654 3419 familia,

2086 3444 2354 3515 quidquid
2388 3453 2645 3515 poterant
2677 3456 2894 3515 gestare
2927 3445 3215 3516 rapientes
3242 3460 3305 3500 ex
3334 3446 3490 3501 bonis
3513 3447 3667 3501 suis.

2086 3536 2156 3590 Et
2187 3536 2487 3591 transactis
2528 3536 2655 3591 aliis
2681 3537 2908 3608 triginta
2941 3536 3143 3593 diebus
3176 3537 3449 3594 destruxit
3475 3554 3676 3594 muros

2088 3642 2266 3699 usque
2291 3627 2360 3682 ad
2391 3636 2617 3691 terram.
2649 3635 2706 3684 et
2738 3637 2924 3684 motus
2954 3629 3249 3685 descendit
3280 3630 3335 3683 in
3368 3629 3675 3700 Dapsiliam

2084 3734 2210 3775 cum
2240 3718 2452 3774 Marino
2488 3719 2668 3790 primo
2694 3734 2911 3785 eorum,
2958 3730 3221 3792 suscepto
3250 3736 3280 3774 a
3315 3721 3676 3792 Dapsiliensi-

2088 3814 2191 3869 bus
2218 3826 2343 3868 cum
2374 3814 2587 3883 ingenti
2620 3814 2855 3869 honore.
2894 3813 3139 3885 Indeque
3177 3815 3372 3871 abiens
3402 3815 3471 3870 ad
3507 3816 3674 3870 mari-

2085 3907 2217 3961 tima
2250 3907 2536 3971 remeavit,
2567 3916 2623 3961 et
2663 3906 2817 3961 venit
2852 3906 2921 3961 ad
2956 3904 3351 3963 lustinianum.
3398 3905 3669 3961 Praterca

2084 3997 2404 4053 Iustiniano
2455 3999 2785 4069 interempto
2837 4006 2892 4054 et
2945 3998 3255 4069 Philippieo
3300 4001 3427 4055 visu
3472 4002 3668 4056 oculo—

2086 4107 2206 4147 rum
2237 4093 2437 4147 orbato
2471 4093 2704 4163 imperat
2728 4092 3030 4157 Artemius,
3056 4092 3152 4163 qui
3184 4102 3514 4162 provexerat
3542 4110 3669 4149 eum

2086 4192 2375 4254 praetorem
2415 4183 2805 4239 Orientalium.
2836 4184 2975 4239 Cum
3004 4199 3141 4239 vero
3166 4182 3520 4240 Theodosius
3564 4186 3671 4239 im-

2091 4282 2353 4343 perasset,
2383 4284 2438 4328 et
2456 4275 2651 4345 pulsus
2683 4275 2966 4331 Artemius
2996 4276 3331 4343 exstitisset,
3377 4274 3671 4331 Romano-

396 4363 635 4421 .Romani
679 4365 1145 4434 appropinquant:
1175 4380 1329 4435 perge
1382 4364 1451 4417 ad
1510 4381 1617 4422 eos.
1666 4365 1983 4437 Assumptis
2014 4373 2058 4429 Ι)
2086 4382 2319 4437 rumque
2354 4382 2444 4423 res
2485 4368 2707 4438 publica
2743 4376 2893 4424 esset
2945 4368 3180 4423 confusa
3211 4379 3323 4423 tam
3356 4383 3423 4424 ex
3458 4368 3671 4425 Barba-

406 4474 537 4531 ergo
581 4458 899 4528 spatharius
950 4457 1142 4513 Alanis
1177 4456 1246 4511 50
1272 4456 1530 4512 transivit
1558 4472 1683 4513 cum
1728 4460 1981 4531 cyclope-

406 4552 571 4607 dihus
621 4549 765 4604 Maio
797 4564 987 4605 mense
1034 4549 1351 4603 Caucaseos
1400 4556 1639 4611 montes,
1684 4557 1739 4605 et
1773 4552 1982 4608 invenit

405 4658 533 4704 eos:
570 4643 713 4698 unde
760 4643 995 4696 multum
1043 4640 1268 4711 gavisus
1319 4641 1708 4696 sciscitabatur
1754 4643 1979 4698 ubinam

401 4744 552 4793 esset
578 4736 836 4806 populus.
867 4735 974 4801 Qui
1003 4734 1256 4789 dixerunt
1290 4749 1303 4785 :
1338 4732 1625 4789 Saracenis
1658 4736 1978 4791 irruentibus

404 4823 461 4879 in
489 4824 807 4879 Romaniam
842 4826 1039 4879 reversi
1067 4835 1211 4883 sunt.
1251 4824 1364 4879 Nos
1396 4836 1574 4881 autem
1613 4844 1715 4882 non
1750 4828 1976 4883 valentes

404 4919 462 4971 in
495 4915 808 4971 Romaniam
836 4917 934 4981 ire,
967 4919 1036 4971 ad
1081 4918 1332 4972 Alaniam
1364 4920 1617 4973 venimus.
1643 4917 1712 4972 Et
1740 4919 1878 4973 dixit
1910 4918 1978 4974 ad

400 5024 544 5065 eos:
590 5006 733 5073 Quid
788 5008 1042 5077 [aciemus
1098 5010 1293 5066 modo?
1342 5008 1445 5076 Qui
1505 5012 1758 5067 dixerunt
1808 5031 1823 5067 :
1872 5012 1977 5067 Per

392 5102 666 5172 regionem
692 5101 853 5154 istam
890 5100 1212 5168 impossibile
1242 5111 1317 5155 est
1350 5104 1583 5158 transire
1610 5120 1725 5157 nos.
1751 5105 1821 5158 At
1853 5120 1976 5160 vero

404 5194 724 5263 spatharius
759 5194 836 5248 ait
869 5210 883 5247 :
918 5191 1041 5248 Non
1080 5204 1155 5246 est
1186 5194 1435 5263 possibile
1458 5213 1551 5265 per
1584 5198 1751 5249 aliam
1790 5198 1976 5252 exire?

400 5287 656 5342 Castrum
690 5300 822 5356 ergo
849 5295 970 5342 erat
1020 5287 1133 5340 illic
1171 5288 1618 5356 cognominatum
1668 5290 1971 5357 Sindirum,

401 5381 457 5434 in
485 5394 596 5449 quo
630 5380 734 5434 loci
763 5390 1014 5435 servator
1050 5380 1353 5434 habebatur
1384 5382 1607 5450 quidam
1648 5382 1973 5439 Pharasma-

402 5470 528 5523 nius
558 5472 801 5533 nomine,
839 5470 943 5525 sub
976 5470 1180 5524 tlitione
1224 5470 1625 5525 Saracenorum
1662 5474 1971 5529 consistens

402 5562 453 5609 iet
477 5573 663 5627 pacem
681 5576 803 5615 cum
826 5560 1097 5616 Armeniis
1126 5561 1355 5616 habens.
1391 5561 1611 5617 Mittens
1635 5562 1819 5632 itaque
1846 5579 1971 5632 spa-

407 5648 618 5703 tltarius
664 5651 934 5720 signiﬁcat
980 5653 1026 5707 ei
1070 5651 1296 5707 dicens:
1334 5653 1582 5717 Quandiu
1618 5670 1793 5711 pacem
1851 5672 1971 5709 cum

2084 4474 2274 4515 rorum
2314 4461 2543 4516 incursu
2574 4474 2740 4531 quam
2787 4476 2853 4515 ex
2890 4459 3193 4516 Justiniani
3244 4460 3563 4517 homicidiis
3612 4471 3669 4516 et

2082 4549 2379 4622 Philippici
2424 4553 2678 4608 scelestis
2726 4552 2966 4619 actibus,
3012 4552 3103 4607 hic
3145 4552 3265 4608 Leo
3290 4553 3671 4608 simulabatur

2081 4652 2136 4697 et
2164 4658 2266 4713 pro
2283 4642 2530 4698 Artemio
2563 4648 2936 4714 expugnabat,
2971 4643 3284 4700 Theodosio
3312 4644 3667 4709 adversatus,

2080 4734 2217 4803 quin
2276 4742 2335 4789 ut
2381 4736 2841 4790 verumdieatur
2895 4737 2963 4788 ad
3010 4749 3073 4791 se
3134 4735 3314 4805 ipsum
3367 4736 3668 4803 imperium

2081 4825 2389 4881 transferre
2458 4826 2796 4893 decertans;
2873 4826 3021 4896 quod
3078 4834 3133 4880 et
3196 4825 3348 4880 fecit.
3409 4824 3670 4882 Habebat

2080 4930 2263 4973 autem
2312 4920 2740 4975 concordantem
2777 4928 2832 4974 et
2870 4929 3296 4974 concurrentem
3346 4918 3452 4974 sibi
3495 4920 3672 4974 Arta-

2080 5012 2336 5075 bastlum,
2362 5012 2815 5066 Armeniacorum
2843 5024 3157 5081 [πωπω-ειη,
3196 5025 3359 5079 quem
3399 5018 3455 5065 et
3485 5024 3670 5082 gene-

2078 5118 2199 5157 rum
2253 5104 2381 5168 sibi,
2446 5113 2739 5174 postquam
2797 5104 3071 5175 regnavit,
3126 5103 3299 5157 Anna:
3364 5101 3487 5157 tilia:
3546 5120 3671 5158 sua:

2076 5195 2435 5265 coniunctum
2485 5196 2699 5263 etl'ecit,
2760 5211 3093 5267 promovens
3145 5198 3298 5251 illum
3347 5203 3404 5251 et
3446 5202 3668 5251 conatis

2077 5295 2238 5342 tuens
2275 5289 2651 5359 curopalaten.

2150 5381 2358 5439 Interea
2389 5383 2688 5437 Masalmas
2721 5396 2846 5437 eum
2892 5383 2946 5437 in
2977 5378 3106 5437 Asia
3160 5382 3478 5446 hiemasset,
3513 5382 3669 5451 pra:-

2074 5474 2386 5527 stolahatur
2438 5474 2639 5529 Leonis
2666 5475 2965 5543 promissa.
3013 5475 3256 5543 Cumque
3285 5474 3417 5527 nila
3469 5474 3667 5527 Leone

2076 5565 2398 5635 recepisset,
2436 5575 2490 5621 et
2521 5578 2802 5638 comperto
2829 5566 2976 5637 quod
3008 5567 3199 5621 illusus
3234 5573 3383 5621 esset
3406 5564 3477 5619 ab
3506 5565 3661 5633 ipso,

2075 5658 2263 5714 adiens
2290 5658 2537 5728 Abydum
2587 5675 2783 5716 rursus
2812 5659 3115 5715 transvexit
3150 5658 3411 5728 populum
3456 5659 3661 5728 ropio-
