3978 6212
435 313 570 408 135i

1241 328 1612 409 HISTORIA
1639 347 2220 410 ECCLESIASTICA
2252 349 2356 410 ex
2395 345 2878 410 TIIEOPHANE.

3549 338 3695 406 .1358

412 475 532 516 sum
563 473 618 513 m
656 457 950 524 Thracem,
984 467 1035 515 et
1058 453 1256 516 contra
1283 447 1487 531 regiam
1529 463 1722 518 urbem
1749 475 1994 518 commo-
2021 463 2073 526 Α
2099 464 2305 518 habens
2341 471 2397 518 et
2425 464 2544 533 ipse
2573 459 2744 518 naves
2767 459 2877 515 360
2919 466 2980 514 et
3007 467 3408 516 armamentum
3437 463 3496 512 et
3524 471 3680 511 sum-

410 563 499 606 tus
527 556 632 616 est,
660 550 914 607 scribens
953 559 1008 607 et
1050 551 1118 607 ad
1173 551 1494 609 Sulehiman
1521 556 1999 626 protosymholum

407 657 518 713 quo
544 643 763 699 veniret
791 659 899 698 una
948 660 1072 700 cum
1106 644 1430 718 praeparatis
1483 646 1783 703 classibus.
1829 647 2002 703 Porro

414 730 483 787 19
509 730 622 787 kal.
651 731 1033 803 Septembrias
1061 733 1317 790 obsidere
1343 733 1515 804 erepit
1567 734 1763 789 urbem
1797 733 2000 790 Masul-

410 839 557 891 mas,
596 823 964 896 depopulatus
991 824 1241 883 Thracoa
1295 841 1519 898 quoque
1579 827 1824 883 castella.
1882 827 2002 883 Cir:-

410 916 748 972 cumvallato
772 929 906 972 vero
933 928 1156 973 terreno
1185 932 1346 974 muro
1375 917 1637 974 foderunt
1668 919 1725 973 in
1756 919 1998 974 circuitu

413 1009 629 1066 foveam
657 1010 928 1081 prolixam
974 1019 1031 1067 et
1085 1025 1367 1083 magnam,
1399 1019 1457 1066 et
1491 1025 1660 1082 super
1680 1024 1804 1066 eam
1863 1010 1999 1066 sicci

411 1099 613 1171 lapidis
637 1099 930 1156 materiam
961 1115 1216 1171 posuere.
1251 1099 1512 1156 Kalendis
1537 1107 1718 1156 autem
1748 1096 1999 1170 Septem-

411 1193 552 1250 briis
577 1193 768 1265 primae
794 1192 1116 1250 lndictionis
1145 1191 1396 1248 ascendit
1416 1192 1768 1263 impugnator
1792 1191 1996 1248 Christi

413 1285 732 1341 Sulehiman
767 1299 890 1340 cum
924 1284 1068 1341 stolo
1097 1295 1152 1342 et
1181 1285 1418 1341 amereis
1449 1285 1589 1353 suis,
1617 1285 1828 1342 habens
1843 1285 1998 1340 mira:

414 1377 820 1450 magnitudinis
846 1393 1038 1443 naves,
1069 1386 1124 1434 et
1175 1378 1410 1450 scaphas
1447 1386 1704 1449 sumptus
1733 1378 1994 1442 ferentes,

409 1480 464 1527 et
495 1473 794 1527 dromones
825 1486 1058 1526 numero
1101 1471 1252 1528 mille
1276 1463 1331 1525 εἴ
1370 1471 1741 1542 octingentos,
1798 1480 1852 1527 et
1880 1469 1998 1526 fixit

411 1563 708 1620 stationem
765 1577 794 1617 a
823 1561 1124 1631 Magnaura
1162 1578 1340 1633 usque
1391 1563 1458 1618 ad
1487 1562 1831 1634 Cyclobium.
1863 1563 1996 1618 Post

406 1657 550 1712 duos
583 1670 718 1712 sane
747 1655 868 1712 dies
911 1666 1100 1712 austro
1146 1656 1314 1712 flante
1349 1657 1476 1714 inde
1508 1656 1739 1729 profecti
1774 1658 1996 1727 navigio

405 1756 676 1808 venerunt
718 1750 785 1804 ad
818 1749 1033 1814 urbem,
1061 1758 1117 1805 et
1155 1750 1378 1820 quidam
1411 1766 1600 1806 eorum
1634 1766 1697 1808 ea
1731 1752 1847 1807 loca
1871 1765 1995 1822 quae

2103 563 2257 624 ptns.
2280 553 2549 610 Similiter
2575 561 2630 609 et
2653 555 2774 624 ipse
2809 566 2936 606 cum
2969 548 3163 606 eadem
3199 548 3268 606 de
3295 547 3527 604 humido
3559 547 3688 619 igne

2103 645 2413 711 didicisset,
2435 645 2697 716 applicuit
2723 656 2892 714 penes
2918 641 3160 700 Saturou
3179 649 3234 696 et
3255 638 3420 694 Briau
3444 646 3500 696 et
3518 653 3693 709 usque

2105 737 2174 792 ad
2201 736 2424 792 Cartam
2457 748 2700 807 portum.
2737 734 2982 807 Egyptii
3040 748 3170 788 vero
3209 732 3406 788 barum
3451 731 3687 788 duarum

2103 828 2367 885 classium
2390 828 2532 900 apud
2560 843 2621 883 se
2651 835 2816 882 noctu
2847 826 3146 891 consiliati,
3171 826 3391 882 navium
3416 825 3693 880 frumenta

2103 918 2395 976 ferentium
2457 918 2692 975 sublatis
2737 917 3000 974 lintribus
3033 916 3100 971 ad
3162 916 3355 972 urbem
3409 915 3688 986 fugerunt,

2101 1010 2507 1083 imperatorem
2530 1011 2843 1078 laudantes,
2884 1012 2958 1066 ita
2990 1017 3048 1064 ut
3077 1010 3147 1065 ab
3185 1008 3370 1066 llieria
3399 1025 3574 1080 usque
3619 1008 3690 1064 ad

2103 1105 2294 1160 urbem
2329 1105 2574 1176 ligneum
2606 1104 2892 1160 videretur
2917 1117 3088 1158 mare.
3117 1101 3474 1172 Comperiens
3505 1111 3687 1157 autem

2101 1213 2199 1270 per
2243 1214 2341 1256 eos
2391 1199 2698 1269 imperator
2735 1196 2804 1252 de
2838 1196 3178 1252 absconditis
3203 1197 3257 1251 in
3295 1197 3419 1254 sinu
3468 1195 3688 1255 duabus

2099 1291 2395 1358 classibus,
2429 1290 2761 1360 siphonibus
2790 1287 3048 1360 igniferis
3085 1288 3424 1350 constructis
3461 1289 3516 1342 in
3551 1288 3687 1344 dro-

2102 1397 2295 1438 mones
2347 1393 2518 1453 atque
2573 1383 2754 1437 dieres
2820 1381 2923 1436 hos
2980 1380 3289 1436 immittens
3327 1389 3522 1436 contra
3551 1379 3690 1434 duas

2099 1475 2312 1533 classes
2345 1476 2568 1532 direxit.
2610 1475 2722 1531 Deo
2757 1482 2942 1530 autem
3000 1484 3340 1544 cooperante
3374 1490 3472 1544 per
3515 1473 3690 1530 inter,

2098 1567 2409 1624 cessionem
2456 1567 2800 1623 intemeratae
2835 1565 2932 1623 Dei
2979 1566 3276 1622 Genitricis
3305 1567 3558 1636 protinus
3586 1565 3688 1622 de-

2097 1658 2264 1715 mersi
2289 1667 2418 1715 sunt
2447 1658 2676 1725 inimici,
2714 1668 2770 1715 et
2793 1660 3098 1730 assumptis
3129 1658 3321 1729 spoliis
3351 1668 3406 1714 et
3425 1657 3688 1728 expensis

2099 1763 2291 1804 eorum
2323 1752 2500 1807 nostri
2523 1765 2649 1806 cum
2680 1751 2882 1822 gaudio
2909 1760 2965 1807 et
2997 1751 3278 1820 triumpho
3311 1750 3514 1805 reversi
3534 1758 3684 1807 sunt.

407 1841 671 1897 dicuntur
702 1842 952 1913 Eutropii
1006 1851 1059 1898 et
1087 1843 1367 1898 Anthemii
1399 1852 1834 1909 transmearunt,
1870 1845 1994 1915 qui-
2029 1823 2070 1888 Β
2100 1837 2296 1894 Adhuc
2327 1847 2509 1894 autem
2533 1839 2835 1893 Mardasan
2867 1839 3066 1892 iterum
3093 1852 3122 1891 a
3155 1839 3330 1907 portis
3362 1851 3489 1891 cum
3519 1851 3687 1892 eser-

407 1933 533 1989 dam
563 1942 746 1990 autem
773 1934 840 1990 ad
885 1943 1072 2006 partes
1099 1933 1329 1991 Thracae
1361 1951 1390 1991 a
1444 1937 1672 1992 castello
1699 1936 1880 1992 Galati
1937 1943 1992 1992 et

412 2040 590 2097 usque
617 2026 686 2082 ad
717 2025 932 2082 Didium
983 2028 1391 2097 applicuerunt.
1434 2026 1638 2082 Verum
1689 2028 1990 2099 grandibus

409 2116 521 2172 illis
556 2117 787 2173 navibus
818 2133 884 2173 ex
924 2134 1094 2174 onere
1140 2119 1452 2189 aggravatis
1483 2129 1646 2187 atque
1672 2119 1986 2186 retardatis,

406 2208 556 2264 dorsi
583 2210 846 2266 custodes
871 2224 1051 2280 usque
1076 2210 1144 2265 ad
1181 2210 1374 2281 viginti
1411 2210 1646 2280 scaphas
1703 2225 1991 2266 remanse-

405 2311 556 2364 runt,
585 2302 855 2358 habentes
873 2309 1135 2359 centenos
1161 2303 1425 2359 loricatos
1459 2303 1527 2358 ad
1551 2305 1649 2358 has
1671 2303 1992 2359 custodien-

404 2394 528 2450 das.
561 2393 834 2450 Praeterea
876 2396 1195 2460 serenitate,
1221 2409 1345 2464 quae
1372 2395 1471 2449 has
1493 2394 1547 2448 in
1570 2401 1816 2448 reumate
1832 2408 1990 2448 com-

407 2486 716 2556 prehendit,
760 2485 980 2553 effecta,
1015 2499 1068 2541 et
1096 2496 1332 2557 augusto
1362 2486 1475 2558 (75)
1517 2486 1796 2542 modicum
1821 2484 1988 2541 flante

407 2579 472 2633 ad
499 2580 775 2634 exteriora
807 2580 1054 2649 impulsae
1072 2587 1222 2635 sunt.
1249 2577 1553 2650 imperator
1575 2595 1705 2634 vero
1733 2581 1986 2648 protinus

407 2666 660 2737 igniferis
706 2668 944 2724 navibus
982 2676 1175 2723 contra
1212 2683 1308 2723 eas
1357 2669 1587 2724 directis
1619 2669 1688 2722 ab
1726 2669 1987 2738 Acropoli

407 2755 509 2811 has
536 2758 723 2812 divina
769 2771 873 2826 ope
906 2757 1031 2830 igne
1060 2757 1408 2826 consumpsit
1447 2774 1463 2812 :
1499 2763 1554 2810 et
1610 2755 1730 2811 aliae
1758 2755 1984 2826 quidem

405 2859 473 2898 ex
504 2845 593 2900 his
610 2846 676 2899 atl
699 2847 829 2913 ripa:
849 2861 1037 2900 muros
1073 2844 1334 2915 projects:
1369 2853 1521 2911 sunt,
1561 2845 1685 2902 aliae
1715 2861 1844 2902 vero
1875 2861 1988 2901 una

407 2948 533 2990 cum
567 2935 884 2990 hominibus
910 2936 964 2990 iu
987 2935 1320 3005 profundum
1343 2937 1608 2992 demersae
1637 2947 1789 3002 sunt,
1819 2953 1985 3001 porro

407 3025 534 3079 alia:
570 3039 743 3097 usque
767 3026 831 3080 ad
867 3037 1083 3082 acutam
1107 3035 1165 3082 et
1191 3026 1358 3082 latam
1387 3026 1618 3082 insulam
1643 3038 1986 3100 consumpta

407 3125 642 3190 portatae
672 3127 824 3174 sunt.
849 3117 988 3175 Hinc
1012 3131 1145 3189 ergo
1173 3119 1266 3188 qui
1288 3125 1448 3174 erant
1473 3133 1537 3172 ex
1569 3119 1705 3173 urbe
1728 3118 1982 3175 ﬁduciam

2099 1929 2216 1982 citu
2265 1927 2507 1983 Arabum
2573 1943 2750 1998 usque
2797 1928 2866 1983 ad
2912 1928 3150 1983 Nicaeam
3205 1938 3261 1984 et
3307 1927 3682 1983 Nicomediam

2098 2018 2471 2083 discurrente,
2497 2018 2778 2088 principes
2795 2017 2971 2088 regni,
2996 2017 3088 2088 qui
3115 2016 3170 2071 in
3194 2015 3329 2072 Libo
3351 2027 3403 2072 et
3422 2015 3685 2087 Sophene

2099 2124 2254 2166 more
2283 2108 3026 2166 Mardaitarumabsconditi
3066 2118 3251 2175 erant,
3285 2109 3452 2166 simul
3485 2119 3537 2165 et
3589 2124 3686 2180 pe-

2097 2201 2260 2264 dites,
2308 2200 2368 2256 in
2402 2200 2505 2256 hos
2539 2199 2704 2257 simul
2755 2201 3032 2256 irruentes
3088 2209 3144 2257 et
3178 2199 3412 2256 diversis
3464 2199 3684 2256 damnis

2097 2292 2398 2349 allicientes
2431 2292 2588 2348 illinc
2615 2291 2805 2363 fugere
2847 2292 3262 2363 compulerunt,
3293 2292 3439 2349 etde
3484 2301 3684 2349 caetero

2097 2385 2318 2441 modico
2345 2385 2600 2442 meabilis
2633 2385 2760 2440 freti
2794 2385 2948 2441 aditu
2984 2385 3214 2441 invento
3262 2385 3331 2441 ab
3381 2385 3520 2442 urbe
3555 2387 3686 2442 chea-

2097 2476 2282 2532 landia
2305 2476 2566 2532 exeuntia
2599 2477 2868 2547 plurimas
2900 2492 3177 2547 expensas
3207 2475 3485 2534 ferebant.
3521 2475 3685 2532 Simi-

2096 2568 2222 2624 liter
2261 2576 2443 2624 autem
2472 2576 2528 2623 et
2561 2567 2877 2640 piscatoriae
2907 2568 3200 2633 naviculae,
3238 2577 3352 2624 tant
3395 2568 3449 2628 in
3485 2567 3685 2650 insulis

2095 2675 2260 2729 quam
2295 2660 2350 2714 in
2383 2659 2522 2716 locis
2561 2660 2776 2715 circum
2820 2676 3010 2715 muros
3061 2661 3309 2715 civitatis
3338 2660 3557 2729 positis,
3589 2674 3686 2715 ca-

2093 2767 2231 2823 pere
2253 2754 2432 2823 pisces
2457 2765 2566 2810 non
2593 2754 3053 2825 prohibebantur.
3083 2754 3358 2810 Praeterea
3388 2753 3535 2810 fame
3567 2769 3686 2807 ma-

2092 2861 2197 2916 gna
2221 2845 2494 2903 Arabibus
2522 2845 2716 2905 innixa
2741 2849 2924 2903 omnia
2949 2847 3347 2913 moriebantur,
3394 2853 3451 2902 et
3473 2846 3685 2902 anima-

2093 2939 2166 2994 lia
2223 2954 2324 2996 sua
2393 2940 2780 3004 comedebant,
2840 2953 3016 3009 equos
3063 2939 3338 3004 videlicet,
3387 2939 3578 2996 asinos
3629 2948 3728 2994 et.

2091 3031 2354 3090 camelos.
2391 3033 2563 3087 Aiunt
2602 3043 2783 3090 autem
2838 3032 3064 3102 quidam
3125 3031 3271 3101 quod
3312 3040 3368 3086 et
3417 3032 3676 3090 homines

2093 3131 2366 3183 mortuos.
2389 3122 2524 3192 quin
2553 3130 2608 3178 et
2631 3130 2850 3180 stercus
2877 3138 3039 3180 suum
3065 3122 3119 3177 in
3146 3122 3426 3178 clibanum
3446 3122 3679 3177 missu

406 3219 788 3286 perceperunt.
828 3212 928 3267 Ast
973 3211 1161 3266 hostes
1211 3224 1412 3279 magno
1469 3224 1673 3280 pavore
1722 3212 1981 3268 concussi
2009 3197 2052 3255 ε
2084 3223 2249 3284 atque
2277 3229 2638 3286 conspersum
2653 3215 2903 3274 ederent.
2925 3214 3380 3276 Incubuitautem
3403 3214 3458 3270 in
3488 3214 3592 3272 bos
3618 3223 3676 3271 et

406 3313 564 3370 sunt,
610 3301 820 3358 humidi
877 3307 1280 3371 cognoscentes
1333 3297 1779 3356 efﬁcacissimam
1841 3300 1987 3371 ignis

405 3395 806 3466 operationem.
847 3391 1122 3449 volebant
1183 3392 1330 3448 enim
1391 3392 1595 3449 eadem
1634 3393 1727 3449 die
1773 3392 1987 3464 vesperi

407 3487 474 3543 ad
501 3489 635 3559 ripae
659 3483 864 3543 muros‘
881 3485 1164 3557 applicare
1203 3485 1504 3542 stationem
1529 3495 1589 3542 et
1621 3494 1868 3544 temones
1892 3502 1989 3543 su-

406 3597 502 3653 pra
523 3580 935 3652 propugnacula
977 3578 1280 3648 imponere.
1318 3577 1424 3634 Sed
1458 3578 1757 3634 consilium
1795 3591 1986 3635 eorum

407 3671 700 3740 dissipavit
756 3669 1116 3739 omnipotens
1166 3667 1313 3723 Deus
1373 3683 1474 3738 per
1531 3669 1988 3726 intercessionem

405 3762 736 3820 castissima:
757 3761 854 3817 Dei
880 3761 1197 3817 Genitricis.
1235 3758 1441 3814 Eadem
1469 3773 1606 3816 vero
1635 3767 1798 3816 nocte
1825 3760 1993 3831 impe-

404 3868 557 3912 rator
584 3865 837 3912 catenam
868 3870 898 3909 a
917 3855 1056 3910 locis
1083 3852 1270 3908 Galati
1321 3859 1540 3908 secreto
1591 3851 1702 3923 (76)
1734 3852 1991 3908 removit.

410 3950 622 4006 Inimici
652 3956 835 4004 autem
857 3949 1195 4004 aestimantes
1221 3945 1370 4017 quod
1401 3945 1592 4001 volens
1615 3961 1710 4002 eos
1735 3945 1993 4016 decipere

407 4044 552 4098 hanc
581 4041 882 4097 removerit
937 4041 1260 4111 imperator,
1295 4053 1405 4092 non
1447 4038 1568 4093 ausi
1598 4045 1730 4094 sunt
1779 4039 1991 4096 intrare

405 4149 585 4208 usque
639 4135 706 4189 ad
742 4149 804 4190 ea
852 4148 974 4204 quae
1008 4132 1269 4187 dicuntur
1293 4130 1494 4196 Galati,
1529 4131 1620 4185 vel
1675 4131 1986 4201 applicare.

406 4228 504 4285 sed
538 4229 863 4299 navigantes
889 4226 954 4279 ad
983 4226 1164 4280 sinum
1200 4221 1479 4278 Sostheuii
1519 4222 1633 4278 illic
1670 4224 1992 4280 munierunt

407 4319 689 4388 navigium
718 4333 901 4372 suum.
936 4313 1081 4370 Sane
1117 4322 1314 4369 octavo
1336 4313 1462 4368 idus
1499 4311 1800 4369 Octobrias
1819 4315 1992 4370 mori-

407 4419 498 4464 tur
521 4407 842 4464 Sulehiman
865 4406 975 4461 dux
1007 4419 1223 4468 eorum,
1247 4411 1306 4459 et
1335 4418 1532 4457 autem:
1554 4404 1726 4459 sumit
1751 4402 1986 4459 ofﬁcium

402 4503 638 4556 Humar.
667 4501 803 4556 Cum
836 4505 1020 4553 autem
1055 4497 1230 4551 hiems
1261 4496 1318 4550 in
1353 4495 1570 4550 Thrace
1600 4497 1757 4552 valde
1803 4498 1988 4568 gravis

405 4594 767 4655 accessisset,
805 4590 943 4644 adeo
969 4595 1032 4643 ut
1061 4596 1206 4642 terra
1229 4601 1340 4641 non
1372 4595 1590 4655 pareret
1626 4602 1655 4640 a
1690 4589 1836 4651 nive,
1868 4603 1989 4658 quae

404 4685 460 4739 in
486 4683 803 4756 crystallum
822 4694 982 4736 versa
1006 4692 1132 4734 esse
1155 4677 1470 4744 videbatur,
1500 4677 1799 4732 multitudo
1821 4691 1990 4748 equo-

402 4789 528 4830 rum
559 4783 614 4830 et
638 4773 972 4828 camelorum
1005 4779 1439 4838 cmterorutuque
1481 4769 1845 4824 animantium
1877 4769 1986 4824 ini-

403 4866 678 4920 micorum
715 4873 931 4919 mortua
980 4871 1086 4919 est.
1117 4861 1294 4916 Porro
1318 4861 1528 4916 vernali
1561 4871 1809 4932 tempore
1833 4863 1986 4918 venit

405 4953 676 5024 Suphimn
702 4969 826 5009 cum
859 4954 1024 5019 stolo,
1045 4953 1138 5023 qui
1159 4951 1337 5008 fuerat
1362 4950 1584 5022 Egypti
1609 4961 1983 5018 constructus,

407 5049 619 5103 habens
641 5064 809 5102 naves
832 5047 1166 5102 frumentum
1199 5043 1436 5100 ferentes
1463 5042 1566 5098 400
1585 5051 1640 5098 et
1666 5043 1983 5102 dromones.

403 5137 710 5207 Comperta
765 5136 1016 5192 Romaici
1064 5133 1303 5191 efﬁcacia
1342 5134 1490 5204 ignis
1528 5137 1867 5192 transcurrit
1893 5137 1988 5192 Bi-

406 5230 678 5300 thyniam,
735 5240 790 5286 et
849 5231 906 5284 in
941 5237 1138 5286 contra
1175 5228 1457 5284 transiens
1486 5227 1553 5281 ad
1607 5238 1825 5297 portum
1861 5229 1986 5283 boni

409 5320 541 5389 Agri
567 5322 852 5392 applicuit.
881 5319 1015 5376 Post
1044 5320 1329 5392 paululum
1361 5328 1540 5374 autem
1575 5319 1721 5374 venit
1747 5328 1802 5374 et
1831 5319 1988 5374 Hizid

409 5428 538 5469 cum
571 5415 680 5470 alio
710 5415 875 5478 stolo,
917 5416 1010 5485 qui
1055 5415 1232 5469 fuerat
1260 5419 1617 5468 constructus
1665 5412 1721 5466 in
1782 5411 1987 5478 Africa,

2089 3306 2357 3377 pestilens
2375 3306 2628 3376 languor,
2643 3314 2700 3362 et
2728 3306 3166 3364 innumerabiles
3186 3321 3252 3363 ex
3270 3307 3353 3362 eis
3371 3307 3672 3376 perierunt.

2089 3397 2268 3455 Porro
2303 3402 2651 3455 coacervavit
2679 3398 2733 3456 in
2765 3414 2863 3457 eos
2904 3399 3110 3456 bellum
3158 3399 3322 3454 etiam
3367 3397 3670 3469 Vulgarum

2089 3503 2246 3558 gens,
2309 3497 2366 3547 et
2397 3498 2456 3544 ut
2483 3489 2636 3544 aiunt
2663 3490 2756 3560 qui
2800 3491 2906 3546 hoc
2949 3492 3160 3546 certius
3199 3498 3428 3553 norunt,
3474 3490 3668 3562 viginti

2089 3579 2201 3636 duo
2236 3580 2406 3636 millia
2439 3595 2505 3636 ex
2561 3581 2839 3638 Arabibus
2865 3583 3216 3649 occiderunt,
3247 3591 3302 3639 et
3331 3583 3501 3638 multa
3533 3590 3678 3638 tem-

2091 3687 2226 3740 pore
2253 3671 2350 3726 illo
2369 3672 2454 3726 eis
2481 3671 2808 3728 acciderunt
2838 3675 3072 3739 atrocia,
3107 3675 3179 3727 ita
3213 3682 3272 3729 ut
3310 3675 3685 3745 experimento

2091 3763 2377 3820 discerent
2419 3763 2546 3834 quia
2591 3762 2736 3820 Deus
2783 3772 2841 3820 et
2881 3765 3234 3821 sanctissima
3275 3764 3443 3835 Virgo
3481 3765 3686 3838 Deique

2089 3853 2272 3910 Mater
2300 3854 2444 3910 hanc
2474 3853 2734 3912 muniunt
2783 3854 3068 3914 urbemvvet
3093 3856 3541 3918 Christianorum
3580 3857 3684 3912 im-

2089 3953 2428 4017 peratorem,
2467 3953 2523 4001 et
2561 3961 2673 4003 non
2729 3954 2818 4004 est
2865 3947 3186 4004 omnimoda
3219 3947 3468 4006 dimissio
3499 3946 3595 4003 Dei
3627 3948 3682 4004 in

2089 4040 2180 4096 his
2203 4040 2300 4108 qui
2327 4040 2586 4096 invocant
2615 4053 2742 4098 eum
2774 4040 2828 4094 in
2861 4038 3113 4104 veritate,
3139 4040 3268 4095 licet
3309 4040 3379 4096 ad
3406 4039 3682 4096 modicum

2085 4132 2224 4203 quid
2259 4131 2600 4200 castigemur
2624 4139 2850 4200 propter
2887 4138 3116 4201 peccata
3146 4142 3357 4187 nostra.

2163 4223 2353 4280 Mundi
2377 4239 2525 4279 anno
2547 4224 2714 4289 6210,
2742 4223 2943 4278 divinae
2960 4223 3364 4282 incarnationis
3388 4238 3535 4279 anno
3555 4223 3681 4289 7l0,

2093 4333 2242 4374 anno
2275 4333 2408 4374 vero
2450 4318 2667 4389 imperii
2716 4317 2918 4374 Leonis
2971 4317 3242 4382 secundo,
3270 4319 3384 4373 dux
3435 4317 3680 4372 Arabum

2097 4407 2334 4470 habetur
2371 4407 2602 4473 Eumer,
2628 4409 2722 4478 qui
2741 4407 2824 4464 eis
2863 4408 3080 4472 duobus
3112 4406 3332 4478 praefuit
3359 4407 3540 4470 annis.
3574 4405 3682 4460 Eo-

2097 4501 2218 4556 dem
2253 4516 2476 4574 quoque
2501 4517 2646 4555 anno
2674 4499 2902 4569 Sergius
2930 4497 3419 4569 protospatharius
3450 4504 3505 4552 et
3541 4511 3681 4567 pra:-

2094 4604 2182 4649 tor
2211 4593 2438 4660 Siciliae,
2484 4593 2676 4648 audito
2711 4590 2859 4662 quod
2905 4590 3172 4647 Saraceni
3233 4589 3559 4646 obsiderent
3593 4603 3681 4644 rc-

2095 4684 2238 4753 giam
2268 4685 2481 4748 urbem.
2514 4681 2802 4738 coronavit
2830 4680 2943 4736 illic
2975 4681 3260 4751 proprium
3291 4681 3678 4748 imperatorem

2094 4779 2272 4831 virum
2323 4773 3032 4844 Constantinopolitanum,
3065 4788 3134 4828 es
3183 4771 3505 4828 hominibus
3537 4770 3678 4833 suis,

2097 4870 2266 4922 lilium
2317 4867 2565 4936 Gregorii
2617 4865 2970 4936 Onomaguli,
2999 4863 3282 4920 Tiberium
3315 4872 3526 4920 mutato
3576 4877 3680 4918 no-

2085 4962 2237 5016 mine
2303 4960 2626 5022 vocitatum,
2667 4958 2760 5028 qui
2803 4956 2937 5014 fecit
2996 4958 3376 5028 promotiones
3434 4963 3490 5012 et
3547 4970 3679 5012 suos

2085 5053 2370 5124 principes
2403 5052 2649 5124 pradicti
2697 5051 2933 5106 consilio
2965 5049 3168 5123 Sergii.
3223 5050 3326 5106 Ast
3376 5050 3680 5117 imperator

2087 5147 2177 5201 bis
2203 5145 2407 5200 auditis
2438 5144 2586 5199 misit
2619 5142 2850 5198 Paulum
2886 5144 3172 5214 proprium
3194 5155 3356 5198 suum
3389 5136 3677 5194 chartula-

2085 5239 2258 5302 rium,
2293 5237 2440 5291 hunc
2483 5236 2778 5305 patricium
2811 5234 3128 5289 ordinatum
3161 5241 3216 5287 et
3250 5241 3540 5302 preterent
3589 5227 3679 5281 εί.

2099 5328 2263 5390 cilia,
2310 5327 2451 5382 datis
2509 5326 2564 5380 in
2604 5326 2871 5381 auxilium
2917 5325 2966 5380 ei
3019 5321 3318 5394 spathariis
3355 5318 3574 5376 duobus
3621 5325 3678 5368 et

2100 5422 2157 5476 in
2205 5420 2490 5476 servitium
2535 5421 2656 5492 ejus
2716 5417 3005 5490 perpaucis
3074 5414 3409 5480 hominibus,
3469 5409 3678 5481 iussio-

1930 5553 2022 5609 NO
2029 5556 2138 5612 WE
2149 5597 2165 5612 .

487 5648 601 5718 (75)
629 5649 781 5704 Diac.
820 5661 1032 5705 austro.

487 5715 602 5789 (76')
629 5717 1198 5784 Sccreto.l\fusrv.x&it;.
1239 5717 1330 5773 Sic
1368 5715 1540 5772 (ἐι-τεεί
1575 5717 1659 5772 lC.
1695 5724 1994 5773 testamen-

413 5797 532 5843 tum
569 5791 713 5860 quod
739 5805 804 5845 ex
831 5792 1039 5862 scripto
1061 5797 1280 5846 constat
1307 5790 1594 5861 mysticum
1631 5797 1684 5845 et
1715 5797 1992 5845 secretum

2103 5655 2407 5724 appellant,
2446 5655 2582 5726 πρὸς
2619 5645 3043 5726 ᾼάντιδιαστολὴν
3100 5641 3476 5726 mincupativi,
3530 5642 3674 5716 quod

2103 5713 2338 5782 tes-tibus
2368 5713 2721 5784 audientibus
2753 5713 3120 5790 nuncupatur-
3151 5713 3315 5770 FABR}
