  <div class='ocr_page' id='page_1' title='image "/cluster/home/n/w/nwhite01/storage/ocr_20150623/108/hvd.32044073502320/685.png"; bbox 0 0 3978 6212; ppageno 0'>
   <div class='ocr_carea' id='block_1_1' title="bbox 358 316 499 386">
    <p class='ocr_par' dir='ltr' id='par_1_1' title="bbox 358 316 499 386">
     <span class='ocr_line' id='line_1_1' title="bbox 358 316 499 386; baseline -0.007 0"><span class='ocrx_word' id='word_1_1' title='bbox 358 316 499 386; x_wconf 69' lang='lat' dir='ltr'><strong>I339</strong></span> 
     </span>
    </p>
   </div>
   <div class='ocr_carea' id='block_1_2' title="bbox 1469 312 2549 382">
    <p class='ocr_par' dir='ltr' id='par_1_2' title="bbox 1469 312 2549 382">
     <span class='ocr_line' id='line_1_2' title="bbox 1469 312 2549 382; baseline 0 -3"><span class='ocrx_word' id='word_1_2' title='bbox 1469 316 1876 382; x_wconf 69' lang='lat' dir='ltr'><strong>ANASTASII</strong></span> <span class='ocrx_word' id='word_1_3' title='bbox 1916 312 2549 382; x_wconf 81' lang='lat' dir='ltr'><strong>BIBLIOTHECARII</strong></span> 
     </span>
    </p>
   </div>
   <div class='ocr_carea' id='block_1_3' title="bbox 3499 314 3635 385">
    <p class='ocr_par' dir='ltr' id='par_1_3' title="bbox 3499 314 3635 385">
     <span class='ocr_line' id='line_1_3' title="bbox 3499 314 3635 385; baseline 0.029 -4"><span class='ocrx_word' id='word_1_4' title='bbox 3499 314 3635 385; x_wconf 75' lang='lat'><strong>1360</strong></span> 
     </span>
    </p>
   </div>
   <div class='ocr_carea' id='block_1_4' title="bbox 360 428 3631 510">
    <p class='ocr_par' dir='ltr' id='par_1_4' title="bbox 360 428 3631 510">
     <span class='ocr_line' id='line_1_4' title="bbox 360 428 3631 510; baseline -0.001 -16"><span class='ocrx_word' id='word_1_5' title='bbox 360 442 635 510; x_wconf 61' lang='lat' dir='ltr'><strong>tribusque</strong></span> <span class='ocrx_word' id='word_1_6' title='bbox 678 436 746 493; x_wconf 91' lang='lat' dir='ltr'><strong>ad</strong></span> <span class='ocrx_word' id='word_1_7' title='bbox 794 434 1072 509; x_wconf 80' lang='lat' dir='ltr'><strong>principes</strong></span> <span class='ocrx_word' id='word_1_8' title='bbox 1113 431 1437 490; x_wconf 76' lang='lat' dir='ltr'><strong>Occidentis</strong></span> <span class='ocrx_word' id='word_1_9' title='bbox 1463 475 1479 500; x_wconf 92' lang='lat'><strong>,</strong></span> <span class='ocrx_word' id='word_1_10' title='bbox 1529 441 1584 488; x_wconf 87' lang='lat' dir='ltr'><strong>et</strong></span> <span class='ocrx_word' id='word_1_11' title='bbox 1641 448 1798 489; x_wconf 88' lang='lat' dir='ltr'><strong>sacra</strong></span> <span class='ocrx_word' id='word_1_12' title='bbox 1840 448 1942 503; x_wconf 91' lang='lat' dir='ltr'><strong>po-</strong></span> <span class='ocrx_word' id='word_1_13' title='bbox 1972 435 2016 494; x_wconf 78' lang='grc' dir='ltr'><strong>Α</strong></span> <span class='ocrx_word' id='word_1_14' title='bbox 2048 432 2103 488; x_wconf 93' lang='lat' dir='ltr'><strong>in</strong></span> <span class='ocrx_word' id='word_1_15' title='bbox 2128 433 2665 505; x_wconf 78' lang='lat' dir='ltr'><strong>triclinioAugusta,</strong></span> <span class='ocrx_word' id='word_1_16' title='bbox 2698 437 2753 489; x_wconf 93' lang='lat' dir='ltr'><strong>et</strong></span> <span class='ocrx_word' id='word_1_17' title='bbox 2782 430 3058 502; x_wconf 72' lang='lat' dir='ltr'><strong>processit</strong></span> <span class='ocrx_word' id='word_1_18' title='bbox 3095 428 3212 487; x_wconf 89' lang='lat' dir='ltr'><strong>sola</strong></span> <span class='ocrx_word' id='word_1_19' title='bbox 3241 446 3373 489; x_wconf 84' lang='lat' dir='ltr'><strong>cum</strong></span> <span class='ocrx_word' id='word_1_20' title='bbox 3400 434 3631 493; x_wconf 78' lang='lat' dir='ltr'><strong>solemni</strong></span> 
     </span>
    </p>
   </div>
   <div class='ocr_carea' id='block_1_5' title="bbox 358 522 3630 603">
    <p class='ocr_par' dir='ltr' id='par_1_5' title="bbox 358 522 3630 603">
     <span class='ocr_line' id='line_1_5' title="bbox 358 522 3630 603; baseline -0.001 -17"><span class='ocrx_word' id='word_1_21' title='bbox 358 532 487 603; x_wconf 89' lang='lat' dir='ltr'><strong>pulo</strong></span> <span class='ocrx_word' id='word_1_22' title='bbox 533 530 837 587; x_wconf 85' lang='lat' dir='ltr'><strong>recitanda.</strong></span> <span class='ocrx_word' id='word_1_23' title='bbox 888 528 994 595; x_wconf 82' lang='lat' dir='ltr'><strong>Qui</strong></span> <span class='ocrx_word' id='word_1_24' title='bbox 1042 542 1167 583; x_wconf 91' lang='lat' dir='ltr'><strong>cum</strong></span> <span class='ocrx_word' id='word_1_25' title='bbox 1215 535 1383 582; x_wconf 85' lang='lat' dir='ltr'><strong>noctu</strong></span> <span class='ocrx_word' id='word_1_26' title='bbox 1432 526 1669 597; x_wconf 86' lang='lat' dir='ltr'><strong>ingressi</strong></span> <span class='ocrx_word' id='word_1_27' title='bbox 1710 525 1942 581; x_wconf 92' lang='lat' dir='ltr'><strong>fuissent</strong></span> <span class='ocrx_word' id='word_1_28' title='bbox 2048 526 2317 597; x_wconf 90' lang='lat' dir='ltr'><strong>obsequio</strong></span> <span class='ocrx_word' id='word_1_29' title='bbox 2344 530 2463 583; x_wconf 83' lang='lat' dir='ltr'><strong>sine</strong></span> <span class='ocrx_word' id='word_1_30' title='bbox 2504 525 2622 582; x_wconf 83' lang='lat' dir='ltr'><strong>viro</strong></span> <span class='ocrx_word' id='word_1_31' title='bbox 2653 524 2719 580; x_wconf 89' lang='lat' dir='ltr'><strong>ad</strong></span> <span class='ocrx_word' id='word_1_32' title='bbox 2751 522 3003 593; x_wconf 93' lang='lat' dir='ltr'><strong>Magnam</strong></span> <span class='ocrx_word' id='word_1_33' title='bbox 3031 522 3362 591; x_wconf 85' lang='lat' dir='ltr'><strong>Ecclesiam,</strong></span> <span class='ocrx_word' id='word_1_34' title='bbox 3414 534 3473 582; x_wconf 88' lang='lat' dir='ltr'><strong>et</strong></span> <span class='ocrx_word' id='word_1_35' title='bbox 3505 542 3630 584; x_wconf 87' lang='lat' dir='ltr'><strong>ora-</strong></span> 
     </span>
    </p>
   </div>
   <div class='ocr_carea' id='block_1_6' title="bbox 356 617 1939 691">
    <p class='ocr_par' dir='ltr' id='par_1_6' title="bbox 356 617 1939 691">
     <span class='ocr_line' id='line_1_6' title="bbox 356 617 1939 691; baseline -0.005 -11"><span class='ocrx_word' id='word_1_36' title='bbox 356 628 412 680; x_wconf 90' lang='lat' dir='ltr'><strong>in</strong></span> <span class='ocrx_word' id='word_1_37' title='bbox 444 625 764 679; x_wconf 90' lang='lat' dir='ltr'><strong>dromonem</strong></span> <span class='ocrx_word' id='word_1_38' title='bbox 801 622 1070 687; x_wconf 79' lang='lat' dir='ltr'><strong>velocem,</strong></span> <span class='ocrx_word' id='word_1_39' title='bbox 1117 622 1375 677; x_wconf 89' lang='lat' dir='ltr'><strong>exierunt</strong></span> <span class='ocrx_word' id='word_1_40' title='bbox 1412 620 1467 675; x_wconf 93' lang='lat' dir='ltr'><strong>in</strong></span> <span class='ocrx_word' id='word_1_41' title='bbox 1506 630 1693 691; x_wconf 89' lang='lat' dir='ltr'><strong>partes</strong></span> <span class='ocrx_word' id='word_1_42' title='bbox 1726 617 1939 690; x_wconf 80' lang='lat' dir='ltr'><strong>Cyzici.</strong></span> 
     </span>
    </p>
   </div>
   <div class='ocr_carea' id='block_1_7' title="bbox 354 714 1939 783">
    <p class='ocr_par' dir='ltr' id='par_1_7' title="bbox 354 714 1939 783">
     <span class='ocr_line' id='line_1_7' title="bbox 354 714 1939 783; baseline -0.004 -13"><span class='ocrx_word' id='word_1_43' title='bbox 354 719 398 770; x_wconf 82' lang='grc' dir='ltr'><strong>Λ</strong></span> <span class='ocrx_word' id='word_1_44' title='bbox 427 717 548 773; x_wconf 90' lang='lat' dir='ltr'><strong>loco</strong></span> <span class='ocrx_word' id='word_1_45' title='bbox 577 723 760 771; x_wconf 86' lang='lat' dir='ltr'><strong>autem</strong></span> <span class='ocrx_word' id='word_1_46' title='bbox 805 714 873 769; x_wconf 92' lang='lat' dir='ltr'><strong>ad</strong></span> <span class='ocrx_word' id='word_1_47' title='bbox 914 715 1095 770; x_wconf 91' lang='lat' dir='ltr'><strong>locum</strong></span> <span class='ocrx_word' id='word_1_48' title='bbox 1136 728 1233 783; x_wconf 92' lang='lat' dir='ltr'><strong>per</strong></span> <span class='ocrx_word' id='word_1_49' title='bbox 1263 720 1469 769; x_wconf 87' lang='lat' dir='ltr'><strong>terram</strong></span> <span class='ocrx_word' id='word_1_50' title='bbox 1524 726 1733 782; x_wconf 91' lang='lat' dir='ltr'><strong>perque</strong></span> <span class='ocrx_word' id='word_1_51' title='bbox 1787 724 1939 764; x_wconf 87' lang='lat' dir='ltr'><strong>mare</strong></span> 
     </span>
    </p>
   </div>
   <div class='ocr_carea' id='block_1_8' title="bbox 353 800 1932 878">
    <p class='ocr_par' dir='ltr' id='par_1_8' title="bbox 353 800 1932 878">
     <span class='ocr_line' id='line_1_8' title="bbox 353 800 1932 878; baseline -0.007 -13"><span class='ocrx_word' id='word_1_52' title='bbox 353 809 551 865; x_wconf 72' lang='lat' dir='ltr'><strong>itinere</strong></span> <span class='ocrx_word' id='word_1_53' title='bbox 575 808 718 862; x_wconf 86' lang='lat' dir='ltr'><strong>facto</strong></span> <span class='ocrx_word' id='word_1_54' title='bbox 743 814 968 878; x_wconf 90' lang='lat' dir='ltr'><strong>repente</strong></span> <span class='ocrx_word' id='word_1_55' title='bbox 990 806 1046 859; x_wconf 95' lang='lat' dir='ltr'><strong>in</strong></span> <span class='ocrx_word' id='word_1_56' title='bbox 1066 804 1310 859; x_wconf 88' lang='lat' dir='ltr'><strong>Siciliam</strong></span> <span class='ocrx_word' id='word_1_57' title='bbox 1340 813 1731 874; x_wconf 88' lang='lat' dir='ltr'><strong>pervenerunt.</strong></span> <span class='ocrx_word' id='word_1_58' title='bbox 1762 800 1932 856; x_wconf 88' lang='lat' dir='ltr'><strong>Cum-</strong></span> 
     </span>
    </p>
   </div>
   <div class='ocr_carea' id='block_1_9' title="bbox 351 892 1939 971">
    <p class='ocr_par' dir='ltr' id='par_1_9' title="bbox 351 892 1939 971">
     <span class='ocr_line' id='line_1_9' title="bbox 351 892 1939 971; baseline -0.003 -20"><span class='ocrx_word' id='word_1_59' title='bbox 351 914 459 970; x_wconf 86' lang='lat' dir='ltr'><strong>que</strong></span> <span class='ocrx_word' id='word_1_60' title='bbox 493 897 825 971; x_wconf 85' lang='lat' dir='ltr'><strong>Syracusam</strong></span> <span class='ocrx_word' id='word_1_61' title='bbox 860 897 1213 961; x_wconf 77' lang='lat' dir='ltr'><strong>introissent,</strong></span> <span class='ocrx_word' id='word_1_62' title='bbox 1242 895 1454 951; x_wconf 82' lang='lat' dir='ltr'><strong>audivit</strong></span> <span class='ocrx_word' id='word_1_63' title='bbox 1486 894 1713 963; x_wconf 90' lang='lat' dir='ltr'><strong>Sergius</strong></span> <span class='ocrx_word' id='word_1_64' title='bbox 1751 900 1808 947; x_wconf 92' lang='lat' dir='ltr'><strong>et</strong></span> <span class='ocrx_word' id='word_1_65' title='bbox 1838 892 1939 947; x_wconf 56' lang='lat' dir='ltr'><strong>ob.</strong></span> 
     </span>
    </p>
   </div>
   <div class='ocr_carea' id='block_1_10' title="bbox 352 982 1935 1060">
    <p class='ocr_par' dir='ltr' id='par_1_10' title="bbox 352 982 1935 1060">
     <span class='ocr_line' id='line_1_10' title="bbox 352 982 1935 1060; baseline -0.005 -14"><span class='ocrx_word' id='word_1_66' title='bbox 352 992 584 1060; x_wconf 61' lang='lat' dir='ltr'><strong>Stupuit,</strong></span> <span class='ocrx_word' id='word_1_67' title='bbox 625 1001 680 1045; x_wconf 90' lang='lat' dir='ltr'><strong>et</strong></span> <span class='ocrx_word' id='word_1_68' title='bbox 737 989 963 1060; x_wconf 91' lang='lat' dir='ltr'><strong>proprio</strong></span> <span class='ocrx_word' id='word_1_69' title='bbox 993 1003 1227 1044; x_wconf 81' lang='lat' dir='ltr'><strong>excessu</strong></span> <span class='ocrx_word' id='word_1_70' title='bbox 1265 1000 1540 1057; x_wconf 91' lang='lat' dir='ltr'><strong>perpenso</strong></span> <span class='ocrx_word' id='word_1_71' title='bbox 1583 983 1836 1055; x_wconf 78' lang='lat' dir='ltr'><strong>confugit</strong></span> <span class='ocrx_word' id='word_1_72' title='bbox 1866 982 1935 1038; x_wconf 86' lang='lat' dir='ltr'><strong>ad</strong></span> 
     </span>
    </p>
   </div>
   <div class='ocr_carea' id='block_1_11' title="bbox 351 1077 1935 1155">
    <p class='ocr_par' dir='ltr' id='par_1_11' title="bbox 351 1077 1935 1155">
     <span class='ocr_line' id='line_1_11' title="bbox 351 1077 1935 1155; baseline -0.006 -17"><span class='ocrx_word' id='word_1_73' title='bbox 351 1085 696 1155; x_wconf 87' lang='lat' dir='ltr'><strong>propinquos</strong></span> <span class='ocrx_word' id='word_1_74' title='bbox 722 1082 992 1137; x_wconf 62' lang='lat' dir='ltr'><strong>Calabriae</strong></span> <span class='ocrx_word' id='word_1_75' title='bbox 1038 1079 1459 1151; x_wconf 80' lang='lat' dir='ltr'><strong>Langobardos.</strong></span> <span class='ocrx_word' id='word_1_76' title='bbox 1512 1077 1760 1149; x_wconf 90' lang='lat' dir='ltr'><strong>Populus</strong></span> <span class='ocrx_word' id='word_1_77' title='bbox 1805 1088 1935 1131; x_wconf 87' lang='lat' dir='ltr'><strong>vero</strong></span> 
     </span>
    </p>
   </div>
   <div class='ocr_carea' id='block_1_12' title="bbox 348 1167 1934 1248">
    <p class='ocr_par' dir='ltr' id='par_1_12' title="bbox 348 1167 1934 1248">
     <span class='ocr_line' id='line_1_12' title="bbox 348 1167 1934 1248; baseline -0.006 -16"><span class='ocrx_word' id='word_1_78' title='bbox 348 1186 740 1248; x_wconf 83' lang='lat' dir='ltr'><strong>congregatus,</strong></span> <span class='ocrx_word' id='word_1_79' title='bbox 763 1183 821 1231; x_wconf 89' lang='lat' dir='ltr'><strong>et</strong></span> <span class='ocrx_word' id='word_1_80' title='bbox 861 1188 1019 1230; x_wconf 89' lang='lat' dir='ltr'><strong>sacra</strong></span> <span class='ocrx_word' id='word_1_81' title='bbox 1051 1174 1252 1228; x_wconf 84' lang='lat' dir='ltr'><strong>reiecta</strong></span> <span class='ocrx_word' id='word_1_82' title='bbox 1281 1187 1378 1242; x_wconf 88' lang='lat' dir='ltr'><strong>per</strong></span> <span class='ocrx_word' id='word_1_83' title='bbox 1402 1184 1523 1227; x_wconf 90' lang='lat' dir='ltr'><strong>eam</strong></span> <span class='ocrx_word' id='word_1_84' title='bbox 1549 1179 1735 1225; x_wconf 88' lang='lat' dir='ltr'><strong>certus</strong></span> <span class='ocrx_word' id='word_1_85' title='bbox 1755 1167 1934 1223; x_wconf 85' lang='lat' dir='ltr'><strong>factus</strong></span> 
     </span>
    </p>
   </div>
   <div class='ocr_carea' id='block_1_13' title="bbox 351 1262 1934 1341">
    <p class='ocr_par' dir='ltr' id='par_1_13' title="bbox 351 1262 1934 1341">
     <span class='ocr_line' id='line_1_13' title="bbox 351 1262 1934 1341; baseline -0.009 -13"><span class='ocrx_word' id='word_1_86' title='bbox 351 1273 498 1341; x_wconf 86' lang='lat' dir='ltr'><strong>quod</strong></span> <span class='ocrx_word' id='word_1_87' title='bbox 537 1282 588 1326; x_wconf 91' lang='lat' dir='ltr'><strong>et</strong></span> <span class='ocrx_word' id='word_1_88' title='bbox 648 1270 941 1339; x_wconf 90' lang='lat' dir='ltr'><strong>imperium</strong></span> <span class='ocrx_word' id='word_1_89' title='bbox 976 1274 1149 1322; x_wconf 84' lang='lat' dir='ltr'><strong>staret</strong></span> <span class='ocrx_word' id='word_1_90' title='bbox 1176 1274 1233 1321; x_wconf 90' lang='lat' dir='ltr'><strong>et</strong></span> <span class='ocrx_word' id='word_1_91' title='bbox 1260 1264 1392 1320; x_wconf 87' lang='lat' dir='ltr'><strong>urbs</strong></span> <span class='ocrx_word' id='word_1_92' title='bbox 1430 1262 1743 1333; x_wconf 76' lang='lat' dir='ltr'><strong>promptior</strong></span> <span class='ocrx_word' id='word_1_93' title='bbox 1784 1268 1934 1316; x_wconf 89' lang='lat' dir='ltr'><strong>esset</strong></span> 
     </span>
    </p>
   </div>
   <div class='ocr_carea' id='block_1_14' title="bbox 350 1355 1933 1434">
    <p class='ocr_par' dir='ltr' id='par_1_14' title="bbox 350 1355 1933 1434">
     <span class='ocr_line' id='line_1_14' title="bbox 350 1355 1933 1434; baseline -0.006 -15"><span class='ocrx_word' id='word_1_94' title='bbox 350 1366 613 1421; x_wconf 89' lang='lat' dir='ltr'><strong>adversus</strong></span> <span class='ocrx_word' id='word_1_95' title='bbox 631 1371 843 1434; x_wconf 88' lang='lat' dir='ltr'><strong>gentes,</strong></span> <span class='ocrx_word' id='word_1_96' title='bbox 873 1375 1090 1416; x_wconf 88' lang='lat' dir='ltr'><strong>necnon</strong></span> <span class='ocrx_word' id='word_1_97' title='bbox 1114 1367 1168 1415; x_wconf 91' lang='lat' dir='ltr'><strong>et</strong></span> <span class='ocrx_word' id='word_1_98' title='bbox 1187 1358 1579 1414; x_wconf 89' lang='lat' dir='ltr'><strong>enarrantibus</strong></span> <span class='ocrx_word' id='word_1_99' title='bbox 1602 1355 1712 1410; x_wconf 86' lang='lat' dir='ltr'><strong>illis</strong></span> <span class='ocrx_word' id='word_1_100' title='bbox 1733 1370 1797 1411; x_wconf 87' lang='lat' dir='ltr'><strong>ea</strong></span> <span class='ocrx_word' id='word_1_101' title='bbox 1810 1368 1933 1424; x_wconf 64' lang='lat' dir='ltr'><strong>quae</strong></span> 
     </span>
    </p>
   </div>
   <div class='ocr_carea' id='block_1_15' title="bbox 348 1448 1929 1528">
    <p class='ocr_par' dir='ltr' id='par_1_15' title="bbox 348 1448 1929 1528">
     <span class='ocr_line' id='line_1_15' title="bbox 348 1448 1929 1528; baseline -0.006 -16"><span class='ocrx_word' id='word_1_102' title='bbox 348 1472 516 1528; x_wconf 86' lang='lat' dir='ltr'><strong>super</strong></span> <span class='ocrx_word' id='word_1_103' title='bbox 547 1456 764 1512; x_wconf 88' lang='lat' dir='ltr'><strong>duobus</strong></span> <span class='ocrx_word' id='word_1_104' title='bbox 791 1455 949 1511; x_wconf 87' lang='lat' dir='ltr'><strong>stolis</strong></span> <span class='ocrx_word' id='word_1_105' title='bbox 980 1453 1201 1508; x_wconf 86' lang='lat' dir='ltr'><strong>fuerant</strong></span> <span class='ocrx_word' id='word_1_106' title='bbox 1231 1460 1408 1522; x_wconf 87' lang='lat' dir='ltr'><strong>gesta,</strong></span> <span class='ocrx_word' id='word_1_107' title='bbox 1434 1450 1673 1506; x_wconf 88' lang='lat' dir='ltr'><strong>Leonem</strong></span> <span class='ocrx_word' id='word_1_108' title='bbox 1706 1448 1929 1519; x_wconf 89' lang='lat' dir='ltr'><strong>quidem</strong></span> 
     </span>
    </p>
   </div>
   <div class='ocr_carea' id='block_1_16' title="bbox 346 1541 1931 1617">
    <p class='ocr_par' dir='ltr' id='par_1_16' title="bbox 346 1541 1931 1617">
     <span class='ocr_line' id='line_1_16' title="bbox 346 1541 1931 1617; baseline -0.004 -16"><span class='ocrx_word' id='word_1_109' title='bbox 346 1548 735 1617; x_wconf 85' lang='lat' dir='ltr'><strong>imperatorem</strong></span> <span class='ocrx_word' id='word_1_110' title='bbox 768 1546 1035 1601; x_wconf 90' lang='lat' dir='ltr'><strong>continuo</strong></span> <span class='ocrx_word' id='word_1_111' title='bbox 1084 1542 1474 1606; x_wconf 86' lang='lat' dir='ltr'><strong>laudaverunt,</strong></span> <span class='ocrx_word' id='word_1_112' title='bbox 1531 1541 1796 1597; x_wconf 78' lang='lat' dir='ltr'><strong>Basiliam</strong></span> <span class='ocrx_word' id='word_1_113' title='bbox 1832 1555 1931 1594; x_wconf 87' lang='lat' dir='ltr'><strong>au-</strong></span> 
     </span>
    </p>
   </div>
   <div class='ocr_carea' id='block_1_17' title="bbox 346 1630 1929 1707">
    <p class='ocr_par' dir='ltr' id='par_1_17' title="bbox 346 1630 1929 1707">
     <span class='ocr_line' id='line_1_17' title="bbox 346 1630 1929 1707; baseline -0.003 -17"><span class='ocrx_word' id='word_1_114' title='bbox 346 1648 456 1691; x_wconf 87' lang='lat' dir='ltr'><strong>tem</strong></span> <span class='ocrx_word' id='word_1_115' title='bbox 491 1634 892 1707; x_wconf 89' lang='lat' dir='ltr'><strong>Onomagulum</strong></span> <span class='ocrx_word' id='word_1_116' title='bbox 924 1642 979 1690; x_wconf 91' lang='lat' dir='ltr'><strong>et</strong></span> <span class='ocrx_word' id='word_1_117' title='bbox 1008 1634 1313 1706; x_wconf 86' lang='lat' dir='ltr'><strong>principes,</strong></span> <span class='ocrx_word' id='word_1_118' title='bbox 1344 1633 1438 1703; x_wconf 83' lang='lat' dir='ltr'><strong>qui</strong></span> <span class='ocrx_word' id='word_1_119' title='bbox 1472 1631 1661 1688; x_wconf 89' lang='lat' dir='ltr'><strong>abillo</strong></span> <span class='ocrx_word' id='word_1_120' title='bbox 1684 1630 1929 1701; x_wconf 81' lang='lat' dir='ltr'><strong>provecti</strong></span> 
     </span>
    </p>
   </div>
   <div class='ocr_carea' id='block_1_18' title="bbox 350 1723 1929 1799">
    <p class='ocr_par' dir='ltr' id='par_1_18' title="bbox 350 1723 1929 1799">
     <span class='ocr_line' id='line_1_18' title="bbox 350 1723 1929 1799; baseline -0.006 -14"><span class='ocrx_word' id='word_1_121' title='bbox 350 1731 592 1795; x_wconf 84' lang='lat' dir='ltr'><strong>fuerant,</strong></span> <span class='ocrx_word' id='word_1_122' title='bbox 647 1729 862 1784; x_wconf 88' lang='lat' dir='ltr'><strong>vinctos</strong></span> <span class='ocrx_word' id='word_1_123' title='bbox 912 1727 1133 1799; x_wconf 71' lang='lat' dir='ltr'><strong>przetori</strong></span> <span class='ocrx_word' id='word_1_124' title='bbox 1162 1726 1571 1780; x_wconf 83' lang='lat' dir='ltr'><strong>.tradiderunt.</strong></span> <span class='ocrx_word' id='word_1_125' title='bbox 1628 1723 1753 1792; x_wconf 84' lang='lat' dir='ltr'><strong>Ipse</strong></span> <span class='ocrx_word' id='word_1_126' title='bbox 1801 1737 1929 1776; x_wconf 91' lang='lat' dir='ltr'><strong>vero</strong></span> 
     </span>
    </p>
   </div>
   <div class='ocr_carea' id='block_1_19' title="bbox 2047 615 3633 687">
    <p class='ocr_par' dir='ltr' id='par_1_19' title="bbox 2047 615 3633 687">
     <span class='ocr_line' id='line_1_19' title="bbox 2047 615 3633 687; baseline 0.003 -15"><span class='ocrx_word' id='word_1_127' title='bbox 2047 618 2199 673; x_wconf 86' lang='lat' dir='ltr'><strong>tione</strong></span> <span class='ocrx_word' id='word_1_128' title='bbox 2225 629 2352 674; x_wconf 88' lang='lat' dir='ltr'><strong>ante</strong></span> <span class='ocrx_word' id='word_1_129' title='bbox 2380 618 2696 687; x_wconf 82' lang='lat' dir='ltr'><strong>ingressum</strong></span> <span class='ocrx_word' id='word_1_130' title='bbox 2726 616 2919 672; x_wconf 84' lang='lat' dir='ltr'><strong>altaris</strong></span> <span class='ocrx_word' id='word_1_131' title='bbox 2966 615 3141 673; x_wconf 71' lang='lat' dir='ltr'><strong>effusa</strong></span> <span class='ocrx_word' id='word_1_132' title='bbox 3174 618 3403 672; x_wconf 86' lang='lat' dir='ltr'><strong>transiit</strong></span> <span class='ocrx_word' id='word_1_133' title='bbox 3442 619 3519 674; x_wconf 85' lang='lat' dir='ltr'><strong>ad</strong></span> <span class='ocrx_word' id='word_1_134' title='bbox 3542 621 3633 675; x_wconf 81' lang='lat' dir='ltr'><strong>ba-</strong></span> 
     </span>
    </p>
   </div>
   <div class='ocr_carea' id='block_1_20' title="bbox 2047 707 3634 782">
    <p class='ocr_par' dir='ltr' id='par_1_20' title="bbox 2047 707 3634 782">
     <span class='ocr_line' id='line_1_20' title="bbox 2047 707 3634 782; baseline 0.003 -18"><span class='ocrx_word' id='word_1_135' title='bbox 2047 710 2361 781; x_wconf 85' lang='lat' dir='ltr'><strong>ptisterium</strong></span> <span class='ocrx_word' id='word_1_136' title='bbox 2408 725 2690 781; x_wconf 86' lang='lat' dir='ltr'><strong>magnum,</strong></span> <span class='ocrx_word' id='word_1_137' title='bbox 2739 710 2861 765; x_wconf 90' lang='lat' dir='ltr'><strong>viro</strong></span> <span class='ocrx_word' id='word_1_138' title='bbox 2888 707 3145 779; x_wconf 82' lang='lat' dir='ltr'><strong>ejusjam</strong></span> <span class='ocrx_word' id='word_1_139' title='bbox 3172 724 3295 765; x_wconf 88' lang='lat' dir='ltr'><strong>cum</strong></span> <span class='ocrx_word' id='word_1_140' title='bbox 3330 713 3533 782; x_wconf 88' lang='lat' dir='ltr'><strong>paucis</strong></span> <span class='ocrx_word' id='word_1_141' title='bbox 3560 712 3634 768; x_wconf 86' lang='lat' dir='ltr'><strong>fa-</strong></span> 
     </span>
    </p>
   </div>
   <div class='ocr_carea' id='block_1_21' title="bbox 2046 800 3631 871">
    <p class='ocr_par' dir='ltr' id='par_1_21' title="bbox 2046 800 3631 871">
     <span class='ocr_line' id='line_1_21' title="bbox 2046 800 3631 871; baseline 0.002 -15"><span class='ocrx_word' id='word_1_142' title='bbox 2046 801 2352 856; x_wconf 84' lang='lat' dir='ltr'><strong>miliaribus</strong></span> <span class='ocrx_word' id='word_1_143' title='bbox 2380 802 2497 857; x_wconf 84' lang='lat' dir='ltr'><strong>suis</strong></span> <span class='ocrx_word' id='word_1_144' title='bbox 2525 803 2796 871; x_wconf 79' lang='lat' dir='ltr'><strong>ingresso.</strong></span> <span class='ocrx_word' id='word_1_145' title='bbox 2830 800 2933 856; x_wconf 88' lang='lat' dir='ltr'><strong>Ubi</strong></span> <span class='ocrx_word' id='word_1_146' title='bbox 2966 816 3089 855; x_wconf 85' lang='lat' dir='ltr'><strong>cum</strong></span> <span class='ocrx_word' id='word_1_147' title='bbox 3115 800 3432 859; x_wconf 83' lang='lat' dir='ltr'><strong>Germanus</strong></span> <span class='ocrx_word' id='word_1_148' title='bbox 3476 820 3631 859; x_wconf 87' lang='lat' dir='ltr'><strong>sum-</strong></span> 
     </span>
    </p>
   </div>
   <div class='ocr_carea' id='block_1_22' title="bbox 2044 892 3629 966">
    <p class='ocr_par' dir='ltr' id='par_1_22' title="bbox 2044 892 3629 966">
     <span class='ocr_line' id='line_1_22' title="bbox 2044 892 3629 966; baseline 0.003 -19"><span class='ocrx_word' id='word_1_149' title='bbox 2044 908 2168 948; x_wconf 88' lang='lat' dir='ltr'><strong>mus</strong></span> <span class='ocrx_word' id='word_1_150' title='bbox 2202 892 2462 951; x_wconf 84' lang='lat' dir='ltr'><strong>sacerdos</strong></span> <span class='ocrx_word' id='word_1_151' title='bbox 2491 895 2937 957; x_wconf 86' lang='lat' dir='ltr'><strong>Constantinum,</strong></span> <span class='ocrx_word' id='word_1_152' title='bbox 2970 894 3227 963; x_wconf 75' lang='lat' dir='ltr'><strong>nequitia:</strong></span> <span class='ocrx_word' id='word_1_153' title='bbox 3277 895 3529 966; x_wconf 86' lang='lat' dir='ltr'><strong>ipsorum</strong></span> <span class='ocrx_word' id='word_1_154' title='bbox 3577 906 3629 953; x_wconf 87' lang='lat' dir='ltr'><strong>et</strong></span> 
     </span>
    </p>
   </div>
   <div class='ocr_carea' id='block_1_23' title="bbox 2043 986 3625 1059">
    <p class='ocr_par' dir='ltr' id='par_1_23' title="bbox 2043 986 3625 1059">
     <span class='ocr_line' id='line_1_23' title="bbox 2043 986 3625 1059; baseline 0.003 -18"><span class='ocrx_word' id='word_1_155' title='bbox 2043 986 2256 1056; x_wconf 90' lang='lat' dir='ltr'><strong>imperii</strong></span> <span class='ocrx_word' id='word_1_156' title='bbox 2298 1001 2704 1053; x_wconf 83' lang='lat' dir='ltr'><strong>successorem,</strong></span> <span class='ocrx_word' id='word_1_157' title='bbox 2752 986 3083 1057; x_wconf 88' lang='lat' dir='ltr'><strong>baptizaret,</strong></span> <span class='ocrx_word' id='word_1_158' title='bbox 3127 986 3311 1042; x_wconf 89' lang='lat' dir='ltr'><strong>dirum</strong></span> <span class='ocrx_word' id='word_1_159' title='bbox 3359 990 3625 1059; x_wconf 79' lang='lat' dir='ltr'><strong>quiddam</strong></span> 
     </span>
    </p>
   </div>
   <div class='ocr_carea' id='block_1_24' title="bbox 2039 1078 3626 1154">
    <p class='ocr_par' dir='ltr' id='par_1_24' title="bbox 2039 1078 3626 1154">
     <span class='ocr_line' id='line_1_24' title="bbox 2039 1078 3626 1154; baseline 0.003 -18"><span class='ocrx_word' id='word_1_160' title='bbox 2039 1088 2091 1136; x_wconf 88' lang='lat' dir='ltr'><strong>et</strong></span> <span class='ocrx_word' id='word_1_161' title='bbox 2119 1080 2369 1137; x_wconf 70' lang='lat' dir='ltr'><strong>fmtidum</strong></span> <span class='ocrx_word' id='word_1_162' title='bbox 2399 1096 2430 1135; x_wconf 89' lang='lat' dir='ltr'><strong>a</strong></span> <span class='ocrx_word' id='word_1_163' title='bbox 2451 1080 2845 1153; x_wconf 66' lang='lat' dir='ltr'><strong>parvulofidem</strong></span> <span class='ocrx_word' id='word_1_164' title='bbox 2866 1078 3267 1137; x_wconf 88' lang='lat' dir='ltr'><strong>Constantinus</strong></span> <span class='ocrx_word' id='word_1_165' title='bbox 3282 1085 3626 1154; x_wconf 61' lang='lat' dir='ltr'><strong>praesignans</strong></span> 
     </span>
    </p>
   </div>
   <div class='ocr_carea' id='block_1_25' title="bbox 2040 1174 3616 1244">
    <p class='ocr_par' dir='ltr' id='par_1_25' title="bbox 2040 1174 3616 1244">
     <span class='ocr_line' id='line_1_25' title="bbox 2040 1174 3616 1244; baseline 0.003 -16"><span class='ocrx_word' id='word_1_166' title='bbox 2040 1174 2289 1229; x_wconf 90' lang='lat' dir='ltr'><strong>exhibuit</strong></span> <span class='ocrx_word' id='word_1_167' title='bbox 2334 1183 2745 1244; x_wconf 85' lang='lat' dir='ltr'><strong>argumentum,</strong></span> <span class='ocrx_word' id='word_1_168' title='bbox 2774 1187 2978 1229; x_wconf 84' lang='lat' dir='ltr'><strong>cacans</strong></span> <span class='ocrx_word' id='word_1_169' title='bbox 3026 1174 3080 1228; x_wconf 90' lang='lat' dir='ltr'><strong>in</strong></span> <span class='ocrx_word' id='word_1_170' title='bbox 3121 1184 3318 1229; x_wconf 84' lang='lat' dir='ltr'><strong>sancto</strong></span> <span class='ocrx_word' id='word_1_171' title='bbox 3372 1175 3616 1243; x_wconf 86' lang='lat' dir='ltr'><strong>lavacro,</strong></span> 
     </span>
    </p>
   </div>
   <div class='ocr_carea' id='block_1_26' title="bbox 2039 1260 3616 1337">
    <p class='ocr_par' dir='ltr' id='par_1_26' title="bbox 2039 1260 3616 1337">
     <span class='ocr_line' id='line_1_26' title="bbox 2039 1260 3616 1337; baseline 0.006 -24"><span class='ocrx_word' id='word_1_172' title='bbox 2039 1268 2100 1314; x_wconf 89' lang='lat' dir='ltr'><strong>ut</strong></span> <span class='ocrx_word' id='word_1_173' title='bbox 2128 1260 2285 1316; x_wconf 87' lang='lat' dir='ltr'><strong>aiunt</strong></span> <span class='ocrx_word' id='word_1_174' title='bbox 2333 1261 2429 1333; x_wconf 86' lang='lat' dir='ltr'><strong>qui</strong></span> <span class='ocrx_word' id='word_1_175' title='bbox 2474 1261 2769 1332; x_wconf 78' lang='lat' dir='ltr'><strong>diligenter</strong></span> <span class='ocrx_word' id='word_1_176' title='bbox 2798 1262 2963 1332; x_wconf 86' lang='lat' dir='ltr'><strong>hujus</strong></span> <span class='ocrx_word' id='word_1_177' title='bbox 2994 1262 3074 1317; x_wconf 88' lang='lat' dir='ltr'><strong>rei</strong></span> <span class='ocrx_word' id='word_1_178' title='bbox 3121 1264 3249 1318; x_wconf 88' lang='lat' dir='ltr'><strong>facti</strong></span> <span class='ocrx_word' id='word_1_179' title='bbox 3276 1277 3397 1319; x_wconf 90' lang='lat' dir='ltr'><strong>sunt</strong></span> <span class='ocrx_word' id='word_1_180' title='bbox 3425 1266 3616 1337; x_wconf 70' lang='lat' dir='ltr'><strong>inspco</strong></span> 
     </span>
    </p>
   </div>
   <div class='ocr_carea' id='block_1_27' title="bbox 2037 1352 3604 1428">
    <p class='ocr_par' dir='ltr' id='par_1_27' title="bbox 2037 1352 3604 1428">
     <span class='ocr_line' id='line_1_27' title="bbox 2037 1352 3604 1428; baseline 0.005 -21"><span class='ocrx_word' id='word_1_181' title='bbox 2037 1362 2239 1420; x_wconf 85' lang='lat' dir='ltr'><strong>ctores,</strong></span> <span class='ocrx_word' id='word_1_182' title='bbox 2296 1354 2371 1408; x_wconf 86' lang='lat' dir='ltr'><strong>ita</strong></span> <span class='ocrx_word' id='word_1_183' title='bbox 2406 1362 2466 1409; x_wconf 93' lang='lat' dir='ltr'><strong>ut</strong></span> <span class='ocrx_word' id='word_1_184' title='bbox 2492 1352 2803 1410; x_wconf 87' lang='lat' dir='ltr'><strong>Germanus</strong></span> <span class='ocrx_word' id='word_1_185' title='bbox 2851 1355 3241 1412; x_wconf 85' lang='lat' dir='ltr'><strong>sanctissimus</strong></span> <span class='ocrx_word' id='word_1_186' title='bbox 3294 1359 3604 1428; x_wconf 82' lang='lat' dir='ltr'><strong>prophetico</strong></span> 
     </span>
    </p>
   </div>
   <div class='ocr_carea' id='block_1_28' title="bbox 2036 1444 3595 1507">
    <p class='ocr_par' dir='ltr' id='par_1_28' title="bbox 2036 1444 3595 1507">
     <span class='ocr_line' id='line_1_28' title="bbox 2036 1444 3595 1507; baseline 0.005 -8"><span class='ocrx_word' id='word_1_187' title='bbox 2036 1445 2283 1500; x_wconf 83' lang='lat' dir='ltr'><strong>diceret:</strong></span> <span class='ocrx_word' id='word_1_188' title='bbox 2320 1444 2544 1500; x_wconf 77' lang='lat' dir='ltr'><strong>Constat</strong></span> <span class='ocrx_word' id='word_1_189' title='bbox 2595 1446 2823 1501; x_wconf 70' lang='lat' dir='ltr'><strong>maximi</strong></span> <span class='ocrx_word' id='word_1_190' title='bbox 2875 1446 3206 1502; x_wconf 71' lang='lat' dir='ltr'><strong>Christianis</strong></span> <span class='ocrx_word' id='word_1_191' title='bbox 3253 1460 3301 1503; x_wconf 84' lang='lat' dir='ltr'><strong>et</strong></span> <span class='ocrx_word' id='word_1_192' title='bbox 3352 1448 3595 1507; x_wconf 70' lang='lat' dir='ltr'><strong>Ecclesia:</strong></span> 
     </span>
    </p>
   </div>
   <div class='ocr_carea' id='block_1_29' title="bbox 2035 1537 3598 1610">
    <p class='ocr_par' dir='ltr' id='par_1_29' title="bbox 2035 1537 3598 1610">
     <span class='ocr_line' id='line_1_29' title="bbox 2035 1537 3598 1610; baseline 0.004 -21"><span class='ocrx_word' id='word_1_193' title='bbox 2035 1537 2166 1590; x_wconf 76' lang='lat' dir='ltr'><strong>mali</strong></span> <span class='ocrx_word' id='word_1_194' title='bbox 2210 1551 2302 1604; x_wconf 80' lang='lat' dir='ltr'><strong>per</strong></span> <span class='ocrx_word' id='word_1_195' title='bbox 2333 1554 2454 1591; x_wconf 82' lang='lat' dir='ltr'><strong>eum</strong></span> <span class='ocrx_word' id='word_1_196' title='bbox 2487 1538 2741 1608; x_wconf 62' lang='lat' dir='ltr'><strong>eﬁciendi</strong></span> <span class='ocrx_word' id='word_1_197' title='bbox 2776 1538 2876 1593; x_wconf 78' lang='lat' dir='ltr'><strong>hoc</strong></span> <span class='ocrx_word' id='word_1_198' title='bbox 2937 1539 3151 1610; x_wconf 81' lang='lat' dir='ltr'><strong>signum</strong></span> <span class='ocrx_word' id='word_1_199' title='bbox 3195 1557 3308 1595; x_wconf 80' lang='lat' dir='ltr'><strong>esse</strong></span> <span class='ocrx_word' id='word_1_200' title='bbox 3348 1542 3598 1606; x_wconf 73' lang='lat' dir='ltr'><strong>futurum.</strong></span> 
     </span>
    </p>
   </div>
   <div class='ocr_carea' id='block_1_30' title="bbox 2036 1627 3606 1705">
    <p class='ocr_par' dir='ltr' id='par_1_30' title="bbox 2036 1627 3606 1705">
     <span class='ocr_line' id='line_1_30' title="bbox 2036 1627 3606 1705; baseline 0.003 -21"><span class='ocrx_word' id='word_1_201' title='bbox 2036 1627 2195 1685; x_wconf 75' lang='lat' dir='ltr'><strong>nunc</strong></span> <span class='ocrx_word' id='word_1_202' title='bbox 2226 1630 2411 1700; x_wconf 86' lang='lat' dir='ltr'><strong>itaque</strong></span> <span class='ocrx_word' id='word_1_203' title='bbox 2441 1630 2781 1702; x_wconf 82' lang='lat' dir='ltr'><strong>baptizatum</strong></span> <span class='ocrx_word' id='word_1_204' title='bbox 2821 1633 3232 1702; x_wconf 78' lang='lat' dir='ltr'><strong>provinciarum</strong></span> <span class='ocrx_word' id='word_1_205' title='bbox 3256 1642 3424 1705; x_wconf 85' lang='lat' dir='ltr'><strong>atque</strong></span> <span class='ocrx_word' id='word_1_206' title='bbox 3455 1650 3606 1692; x_wconf 82' lang='lat' dir='ltr'><strong>sena-</strong></span> 
     </span>
    </p>
   </div>
   <div class='ocr_carea' id='block_1_31' title="bbox 2035 1724 3612 1795">
    <p class='ocr_par' dir='ltr' id='par_1_31' title="bbox 2035 1724 3612 1795">
     <span class='ocr_line' id='line_1_31' title="bbox 2035 1724 3612 1795; baseline 0.005 -19"><span class='ocrx_word' id='word_1_207' title='bbox 2035 1731 2127 1780; x_wconf 90' lang='lat' dir='ltr'><strong>tus</strong></span> <span class='ocrx_word' id='word_1_208' title='bbox 2155 1724 2432 1795; x_wconf 89' lang='lat' dir='ltr'><strong>principes</strong></span> <span class='ocrx_word' id='word_1_209' title='bbox 2458 1733 2847 1795; x_wconf 86' lang='lat' dir='ltr'><strong>susceperunt.</strong></span> <span class='ocrx_word' id='word_1_210' title='bbox 2880 1724 3011 1781; x_wconf 84' lang='lat' dir='ltr'><strong>Post</strong></span> <span class='ocrx_word' id='word_1_211' title='bbox 3044 1727 3229 1782; x_wconf 89' lang='lat' dir='ltr'><strong>divina</strong></span> <span class='ocrx_word' id='word_1_212' title='bbox 3275 1743 3414 1783; x_wconf 85' lang='lat' dir='ltr'><strong>sane</strong></span> <span class='ocrx_word' id='word_1_213' title='bbox 3440 1728 3612 1784; x_wconf 78' lang='lat' dir='ltr'><strong>oﬂicia</strong></span> 
     </span>
    </p>
   </div>
   <div class='ocr_carea' id='block_1_32' title="bbox 346 1801 3615 1891">
    <p class='ocr_par' dir='ltr' id='par_1_32' title="bbox 346 1801 3615 1891">
     <span class='ocr_line' id='line_1_32' title="bbox 346 1801 3615 1891; baseline 0.002 -19"><span class='ocrx_word' id='word_1_214' title='bbox 346 1821 611 1875; x_wconf 87' lang='lat' dir='ltr'><strong>Basilium</strong></span> <span class='ocrx_word' id='word_1_215' title='bbox 673 1818 898 1891; x_wconf 89' lang='lat' dir='ltr'><strong>quidem</strong></span> <span class='ocrx_word' id='word_1_216' title='bbox 960 1834 1084 1873; x_wconf 88' lang='lat' dir='ltr'><strong>cum</strong></span> <span class='ocrx_word' id='word_1_217' title='bbox 1141 1817 1413 1887; x_wconf 86' lang='lat' dir='ltr'><strong>singulari</strong></span> <span class='ocrx_word' id='word_1_218' title='bbox 1455 1825 1691 1887; x_wconf 68' lang='lat' dir='ltr'><strong>praetore</strong></span> <span class='ocrx_word' id='word_1_219' title='bbox 1749 1815 1926 1885; x_wconf 86' lang='lat' dir='ltr'><strong>ipsius</strong></span> <span class='ocrx_word' id='word_1_220' title='bbox 1958 1801 2150 1873; x_wconf 78' lang='lat' dir='ltr'><strong>Bcum</strong></span> <span class='ocrx_word' id='word_1_221' title='bbox 2192 1818 2427 1874; x_wconf 88' lang='lat' dir='ltr'><strong>solemni</strong></span> <span class='ocrx_word' id='word_1_222' title='bbox 2455 1833 2653 1874; x_wconf 84' lang='lat' dir='ltr'><strong>rursus</strong></span> <span class='ocrx_word' id='word_1_223' title='bbox 2702 1818 2978 1889; x_wconf 86' lang='lat' dir='ltr'><strong>obsequio</strong></span> <span class='ocrx_word' id='word_1_224' title='bbox 3003 1819 3252 1889; x_wconf 83' lang='lat' dir='ltr'><strong>Augusta</strong></span> <span class='ocrx_word' id='word_1_225' title='bbox 3298 1821 3477 1877; x_wconf 85' lang='lat' dir='ltr'><strong>Maria</strong></span> <span class='ocrx_word' id='word_1_226' title='bbox 3509 1839 3615 1878; x_wconf 90' lang='lat' dir='ltr'><strong>una</strong></span> 
     </span>
    </p>
   </div>
   <div class='ocr_carea' id='block_1_33' title="bbox 347 1908 1929 1981">
    <p class='ocr_par' dir='ltr' id='par_1_33' title="bbox 347 1908 1929 1981">
     <span class='ocr_line' id='line_1_33' title="bbox 347 1908 1929 1981; baseline -0.005 -14"><span class='ocrx_word' id='word_1_227' title='bbox 347 1912 658 1978; x_wconf 89' lang='lat' dir='ltr'><strong>decollavit,</strong></span> <span class='ocrx_word' id='word_1_228' title='bbox 687 1920 744 1967; x_wconf 93' lang='lat' dir='ltr'><strong>et</strong></span> <span class='ocrx_word' id='word_1_229' title='bbox 770 1911 950 1981; x_wconf 86' lang='lat' dir='ltr'><strong>capita</strong></span> <span class='ocrx_word' id='word_1_230' title='bbox 987 1924 1179 1965; x_wconf 90' lang='lat' dir='ltr'><strong>eorum</strong></span> <span class='ocrx_word' id='word_1_231' title='bbox 1221 1908 1372 1963; x_wconf 88' lang='lat' dir='ltr'><strong>fusca</strong></span> <span class='ocrx_word' id='word_1_232' title='bbox 1404 1908 1625 1963; x_wconf 88' lang='lat' dir='ltr'><strong>condita</strong></span> <span class='ocrx_word' id='word_1_233' title='bbox 1673 1922 1771 1976; x_wconf 90' lang='lat' dir='ltr'><strong>per</strong></span> <span class='ocrx_word' id='word_1_234' title='bbox 1800 1921 1929 1977; x_wconf 83' lang='lat' dir='ltr'><strong>spa-</strong></span> 
     </span>
    </p>
   </div>
   <div class='ocr_carea' id='block_1_34' title="bbox 347 2000 1925 2073">
    <p class='ocr_par' dir='ltr' id='par_1_34' title="bbox 347 2000 1925 2073">
     <span class='ocr_line' id='line_1_34' title="bbox 347 2000 1925 2073; baseline -0.003 -16"><span class='ocrx_word' id='word_1_235' title='bbox 347 2004 559 2060; x_wconf 88' lang='lat' dir='ltr'><strong>tharios</strong></span> <span class='ocrx_word' id='word_1_236' title='bbox 609 2001 932 2073; x_wconf 84' lang='lat' dir='ltr'><strong>imperatori</strong></span> <span class='ocrx_word' id='word_1_237' title='bbox 982 2002 1313 2064; x_wconf 79' lang='lat' dir='ltr'><strong>transmisit,</strong></span> <span class='ocrx_word' id='word_1_238' title='bbox 1345 2000 1687 2070; x_wconf 87' lang='lat' dir='ltr'><strong>reliquorum</strong></span> <span class='ocrx_word' id='word_1_239' title='bbox 1740 2006 1925 2053; x_wconf 90' lang='lat' dir='ltr'><strong>autem</strong></span> 
     </span>
    </p>
   </div>
   <div class='ocr_carea' id='block_1_35' title="bbox 346 2090 1927 2165">
    <p class='ocr_par' dir='ltr' id='par_1_35' title="bbox 346 2090 1927 2165">
     <span class='ocr_line' id='line_1_35' title="bbox 346 2090 1927 2165; baseline -0.001 -17"><span class='ocrx_word' id='word_1_240' title='bbox 346 2094 615 2165; x_wconf 87' lang='lat' dir='ltr'><strong>quosdam</strong></span> <span class='ocrx_word' id='word_1_241' title='bbox 647 2095 965 2151; x_wconf 88' lang='lat' dir='ltr'><strong>verberatos</strong></span> <span class='ocrx_word' id='word_1_242' title='bbox 1020 2101 1076 2148; x_wconf 88' lang='lat' dir='ltr'><strong>et</strong></span> <span class='ocrx_word' id='word_1_243' title='bbox 1122 2101 1337 2159; x_wconf 90' lang='lat' dir='ltr'><strong>tousos,</strong></span> <span class='ocrx_word' id='word_1_244' title='bbox 1369 2092 1639 2163; x_wconf 90' lang='lat' dir='ltr'><strong>quosdam</strong></span> <span class='ocrx_word' id='word_1_245' title='bbox 1673 2107 1806 2147; x_wconf 90' lang='lat' dir='ltr'><strong>vero</strong></span> <span class='ocrx_word' id='word_1_246' title='bbox 1833 2090 1927 2146; x_wconf 90' lang='lat' dir='ltr'><strong>ab-</strong></span> 
     </span>
    </p>
   </div>
   <div class='ocr_carea' id='block_1_36' title="bbox 334 2184 1923 2256">
    <p class='ocr_par' dir='ltr' id='par_1_36' title="bbox 334 2184 1923 2256">
     <span class='ocr_line' id='line_1_36' title="bbox 334 2184 1923 2256; baseline -0.003 -13"><span class='ocrx_word' id='word_1_247' title='bbox 334 2189 536 2245; x_wconf 77' lang='lat' dir='ltr'><strong>scissis</strong></span> <span class='ocrx_word' id='word_1_248' title='bbox 562 2189 790 2245; x_wconf 91' lang='lat' dir='ltr'><strong>naribus</strong></span> <span class='ocrx_word' id='word_1_249' title='bbox 808 2189 861 2243; x_wconf 91' lang='lat' dir='ltr'><strong>in</strong></span> <span class='ocrx_word' id='word_1_250' title='bbox 885 2189 1141 2244; x_wconf 79' lang='lat' dir='ltr'><strong>exsilium</strong></span> <span class='ocrx_word' id='word_1_251' title='bbox 1157 2188 1476 2244; x_wconf 83' lang='lat' dir='ltr'><strong>destinavit.</strong></span> <span class='ocrx_word' id='word_1_252' title='bbox 1496 2184 1699 2256; x_wconf 87' lang='lat' dir='ltr'><strong>Sicque</strong></span> <span class='ocrx_word' id='word_1_253' title='bbox 1718 2184 1923 2240; x_wconf 87' lang='lat' dir='ltr'><strong>factum</strong></span> 
     </span>
    </p>
   </div>
   <div class='ocr_carea' id='block_1_37' title="bbox 344 2277 1924 2351">
    <p class='ocr_par' dir='ltr' id='par_1_37' title="bbox 344 2277 1924 2351">
     <span class='ocr_line' id='line_1_37' title="bbox 344 2277 1924 2351; baseline -0.002 -15"><span class='ocrx_word' id='word_1_254' title='bbox 344 2290 431 2338; x_wconf 90' lang='lat' dir='ltr'><strong>est</strong></span> <span class='ocrx_word' id='word_1_255' title='bbox 464 2290 524 2336; x_wconf 89' lang='lat' dir='ltr'><strong>ut</strong></span> <span class='ocrx_word' id='word_1_256' title='bbox 553 2282 683 2337; x_wconf 87' lang='lat' dir='ltr'><strong>hinc</strong></span> <span class='ocrx_word' id='word_1_257' title='bbox 710 2281 767 2337; x_wconf 86' lang='lat' dir='ltr'><strong>in</strong></span> <span class='ocrx_word' id='word_1_258' title='bbox 825 2280 1278 2337; x_wconf 87' lang='lat' dir='ltr'><strong>Occidentalibus</strong></span> <span class='ocrx_word' id='word_1_259' title='bbox 1308 2294 1506 2351; x_wconf 86' lang='lat' dir='ltr'><strong>magna</strong></span> <span class='ocrx_word' id='word_1_260' title='bbox 1556 2277 1924 2349; x_wconf 85' lang='lat' dir='ltr'><strong>correptionis</strong></span> 
     </span>
    </p>
   </div>
   <div class='ocr_carea' id='block_1_38' title="bbox 341 2369 1924 2443">
    <p class='ocr_par' dir='ltr' id='par_1_38' title="bbox 341 2369 1924 2443">
     <span class='ocr_line' id='line_1_38' title="bbox 341 2369 1924 2443; baseline -0.001 -17"><span class='ocrx_word' id='word_1_261' title='bbox 341 2374 668 2428; x_wconf 75' lang='lat' dir='ltr'><strong>constitutio</strong></span> <span class='ocrx_word' id='word_1_262' title='bbox 694 2372 869 2428; x_wconf 82' lang='lat' dir='ltr'><strong>fleret.</strong></span> <span class='ocrx_word' id='word_1_263' title='bbox 910 2371 1083 2427; x_wconf 81' lang='lat' dir='ltr'><strong>Porro</strong></span> <span class='ocrx_word' id='word_1_264' title='bbox 1114 2371 1341 2443; x_wconf 83' lang='lat' dir='ltr'><strong>Sergius</strong></span> <span class='ocrx_word' id='word_1_265' title='bbox 1375 2371 1545 2426; x_wconf 90' lang='lat' dir='ltr'><strong>verbo</strong></span> <span class='ocrx_word' id='word_1_266' title='bbox 1576 2369 1924 2440; x_wconf 85' lang='lat' dir='ltr'><strong>impunitatis</strong></span> 
     </span>
    </p>
   </div>
   <div class='ocr_carea' id='block_1_39' title="bbox 345 2460 1919 2534">
    <p class='ocr_par' dir='ltr' id='par_1_39' title="bbox 345 2460 1919 2534">
     <span class='ocr_line' id='line_1_39' title="bbox 345 2460 1919 2534; baseline -0.003 -17"><span class='ocrx_word' id='word_1_267' title='bbox 345 2479 376 2517; x_wconf 87' lang='lat' dir='ltr'><strong>a</strong></span> <span class='ocrx_word' id='word_1_268' title='bbox 400 2471 636 2534; x_wconf 83' lang='lat' dir='ltr'><strong>praetore</strong></span> <span class='ocrx_word' id='word_1_269' title='bbox 663 2463 835 2534; x_wconf 89' lang='lat' dir='ltr'><strong>petito</strong></span> <span class='ocrx_word' id='word_1_270' title='bbox 861 2464 1069 2533; x_wconf 87' lang='lat' dir='ltr'><strong>pariter</strong></span> <span class='ocrx_word' id='word_1_271' title='bbox 1100 2471 1154 2517; x_wconf 91' lang='lat' dir='ltr'><strong>et</strong></span> <span class='ocrx_word' id='word_1_272' title='bbox 1216 2470 1438 2531; x_wconf 90' lang='lat' dir='ltr'><strong>accepto</strong></span> <span class='ocrx_word' id='word_1_273' title='bbox 1465 2460 1635 2516; x_wconf 80' lang='lat' dir='ltr'><strong>exivit</strong></span> <span class='ocrx_word' id='word_1_274' title='bbox 1681 2460 1749 2514; x_wconf 90' lang='lat' dir='ltr'><strong>ad</strong></span> <span class='ocrx_word' id='word_1_275' title='bbox 1774 2476 1919 2528; x_wconf 85' lang='lat' dir='ltr'><strong>eum,</strong></span> 
     </span>
    </p>
   </div>
   <div class='ocr_carea' id='block_1_40' title="bbox 343 2552 1924 2627">
    <p class='ocr_par' dir='ltr' id='par_1_40' title="bbox 343 2552 1924 2627">
     <span class='ocr_line' id='line_1_40' title="bbox 343 2552 1924 2627; baseline -0.003 -17"><span class='ocrx_word' id='word_1_276' title='bbox 343 2564 399 2610; x_wconf 80' lang='lat' dir='ltr'><strong>et</strong></span> <span class='ocrx_word' id='word_1_277' title='bbox 442 2556 532 2613; x_wconf 82' lang='lat' dir='ltr'><strong>.ita</strong></span> <span class='ocrx_word' id='word_1_278' title='bbox 590 2570 784 2612; x_wconf 89' lang='lat' dir='ltr'><strong>omnes</strong></span> <span class='ocrx_word' id='word_1_279' title='bbox 837 2571 973 2627; x_wconf 89' lang='lat' dir='ltr'><strong>pace</strong></span> <span class='ocrx_word' id='word_1_280' title='bbox 1029 2555 1221 2627; x_wconf 77' lang='lat' dir='ltr'><strong>potita:</strong></span> <span class='ocrx_word' id='word_1_281' title='bbox 1279 2562 1412 2611; x_wconf 90' lang='lat' dir='ltr'><strong>sunt</strong></span> <span class='ocrx_word' id='word_1_282' title='bbox 1463 2552 1741 2625; x_wconf 76' lang='lat' dir='ltr'><strong>Hesperia:</strong></span> <span class='ocrx_word' id='word_1_283' title='bbox 1795 2566 1924 2623; x_wconf 87' lang='lat' dir='ltr'><strong>par-</strong></span> 
     </span>
    </p>
   </div>
   <div class='ocr_carea' id='block_1_41' title="bbox 338 2654 450 2701">
    <p class='ocr_par' dir='ltr' id='par_1_41' title="bbox 338 2654 450 2701">
     <span class='ocr_line' id='line_1_41' title="bbox 338 2654 450 2701; baseline 0.036 -4"><span class='ocrx_word' id='word_1_284' title='bbox 338 2654 450 2701; x_wconf 64' lang='lat'><strong>168.</strong></span> 
     </span>
    </p>
   </div>
   <div class='ocr_carea' id='block_1_42' title="bbox 413 2736 1918 2807">
    <p class='ocr_par' dir='ltr' id='par_1_42' title="bbox 413 2736 1918 2807">
     <span class='ocr_line' id='line_1_42' title="bbox 413 2736 1918 2807; baseline 0.003 -19"><span class='ocrx_word' id='word_1_285' title='bbox 413 2736 625 2793; x_wconf 83' lang='lat' dir='ltr'><strong>interea</strong></span> <span class='ocrx_word' id='word_1_286' title='bbox 654 2736 930 2792; x_wconf 84' lang='lat' dir='ltr'><strong>Humarus</strong></span> <span class='ocrx_word' id='word_1_287' title='bbox 950 2752 1075 2793; x_wconf 91' lang='lat' dir='ltr'><strong>cum</strong></span> <span class='ocrx_word' id='word_1_288' title='bbox 1110 2736 1448 2795; x_wconf 89' lang='lat' dir='ltr'><strong>obtinuisset</strong></span> <span class='ocrx_word' id='word_1_289' title='bbox 1485 2737 1720 2805; x_wconf 81' lang='lat' dir='ltr'><strong>Arabes,</strong></span> <span class='ocrx_word' id='word_1_290' title='bbox 1776 2751 1918 2807; x_wconf 68' lang='lat' dir='ltr'><strong>prte-</strong></span> 
     </span>
    </p>
   </div>
   <div class='ocr_carea' id='block_1_43' title="bbox 340 2828 1921 2901">
    <p class='ocr_par' dir='ltr' id='par_1_43' title="bbox 340 2828 1921 2901">
     <span class='ocr_line' id='line_1_43' title="bbox 340 2828 1921 2901; baseline 0.001 -18"><span class='ocrx_word' id='word_1_291' title='bbox 340 2828 488 2898; x_wconf 85' lang='lat' dir='ltr'><strong>cepit</strong></span> <span class='ocrx_word' id='word_1_292' title='bbox 517 2828 818 2884; x_wconf 84' lang='lat' dir='ltr'><strong>Masalman</strong></span> <span class='ocrx_word' id='word_1_293' title='bbox 843 2829 1044 2886; x_wconf 91' lang='lat' dir='ltr'><strong>redire.</strong></span> <span class='ocrx_word' id='word_1_294' title='bbox 1078 2831 1340 2886; x_wconf 88' lang='lat' dir='ltr'><strong>Saraceni</strong></span> <span class='ocrx_word' id='word_1_295' title='bbox 1377 2846 1508 2901; x_wconf 88' lang='lat' dir='ltr'><strong>ergo</strong></span> <span class='ocrx_word' id='word_1_296' title='bbox 1538 2831 1671 2885; x_wconf 89' lang='lat' dir='ltr'><strong>moti</strong></span> <span class='ocrx_word' id='word_1_297' title='bbox 1707 2831 1921 2885; x_wconf 88' lang='lat' dir='ltr'><strong>decimo</strong></span> 
     </span>
    </p>
   </div>
   <div class='ocr_carea' id='block_1_44' title="bbox 333 2922 1922 2997">
    <p class='ocr_par' dir='ltr' id='par_1_44' title="bbox 333 2922 1922 2997">
     <span class='ocr_line' id='line_1_44' title="bbox 333 2922 1922 2997; baseline 0.001 -19"><span class='ocrx_word' id='word_1_298' title='bbox 333 2932 533 2980; x_wconf 82' lang='lat' dir='ltr'><strong>octavo</strong></span> <span class='ocrx_word' id='word_1_299' title='bbox 561 2923 837 2981; x_wconf 78' lang='lat' dir='ltr'><strong>Kalendas</strong></span> <span class='ocrx_word' id='word_1_300' title='bbox 865 2926 1144 2997; x_wconf 80' lang='lat' dir='ltr'><strong>Augustas</strong></span> <span class='ocrx_word' id='word_1_301' title='bbox 1192 2940 1318 2981; x_wconf 89' lang='lat' dir='ltr'><strong>cum</strong></span> <span class='ocrx_word' id='word_1_302' title='bbox 1373 2927 1549 2981; x_wconf 88' lang='lat' dir='ltr'><strong>multa</strong></span> <span class='ocrx_word' id='word_1_303' title='bbox 1589 2922 1922 2981; x_wconf 84' lang='lat' dir='ltr'><strong>confusione</strong></span> 
     </span>
    </p>
   </div>
   <div class='ocr_carea' id='block_1_45' title="bbox 339 3018 1918 3090">
    <p class='ocr_par' dir='ltr' id='par_1_45' title="bbox 339 3018 1918 3090">
     <span class='ocr_line' id='line_1_45' title="bbox 339 3018 1918 3090; baseline 0 -20"><span class='ocrx_word' id='word_1_304' title='bbox 339 3019 741 3087; x_wconf 34' lang='lat' dir='ltr'><strong>reversi‘sunt;</strong></span> <span class='ocrx_word' id='word_1_305' title='bbox 770 3033 896 3074; x_wconf 87' lang='lat' dir='ltr'><strong>cum</strong></span> <span class='ocrx_word' id='word_1_306' title='bbox 927 3019 1075 3076; x_wconf 88' lang='lat' dir='ltr'><strong>enim</strong></span> <span class='ocrx_word' id='word_1_307' title='bbox 1103 3021 1209 3075; x_wconf 90' lang='lat' dir='ltr'><strong>iter</strong></span> <span class='ocrx_word' id='word_1_308' title='bbox 1241 3028 1429 3090; x_wconf 88' lang='lat' dir='ltr'><strong>ageret</strong></span> <span class='ocrx_word' id='word_1_309' title='bbox 1468 3018 1667 3074; x_wconf 84' lang='lat' dir='ltr'><strong>classis</strong></span> <span class='ocrx_word' id='word_1_310' title='bbox 1703 3028 1918 3084; x_wconf 88' lang='lat' dir='ltr'><strong>eorum,</strong></span> 
     </span>
    </p>
   </div>
   <div class='ocr_carea' id='block_1_46' title="bbox 2027 1911 3617 1987">
    <p class='ocr_par' dir='ltr' id='par_1_46' title="bbox 2027 1911 3617 1987">
     <span class='ocr_line' id='line_1_46' title="bbox 2027 1911 3617 1987; baseline 0.004 -21"><span class='ocrx_word' id='word_1_311' title='bbox 2027 1926 2154 1967; x_wconf 89' lang='lat' dir='ltr'><strong>cum</strong></span> <span class='ocrx_word' id='word_1_312' title='bbox 2182 1911 2460 1981; x_wconf 82' lang='lat' dir='ltr'><strong>baptizato</strong></span> <span class='ocrx_word' id='word_1_313' title='bbox 2503 1911 2615 1967; x_wconf 85' lang='lat' dir='ltr'><strong>filio</strong></span> <span class='ocrx_word' id='word_1_314' title='bbox 2650 1926 2872 1967; x_wconf 88' lang='lat' dir='ltr'><strong>reversa</strong></span> <span class='ocrx_word' id='word_1_315' title='bbox 2907 1922 2996 1969; x_wconf 90' lang='lat' dir='ltr'><strong>est</strong></span> <span class='ocrx_word' id='word_1_316' title='bbox 3037 1914 3316 1970; x_wconf 84' lang='lat' dir='ltr'><strong>donativis</strong></span> <span class='ocrx_word' id='word_1_317' title='bbox 3373 1918 3617 1987; x_wconf 80' lang='lat' dir='ltr'><strong>erogatis</strong></span> 
     </span>
    </p>
   </div>
   <div class='ocr_carea' id='block_1_47' title="bbox 2026 2001 3614 2074">
    <p class='ocr_par' dir='ltr' id='par_1_47' title="bbox 2026 2001 3614 2074">
     <span class='ocr_line' id='line_1_47' title="bbox 2026 2001 3614 2074; baseline 0.004 -17"><span class='ocrx_word' id='word_1_318' title='bbox 2026 2002 2095 2058; x_wconf 90' lang='lat' dir='ltr'><strong>ab</strong></span> <span class='ocrx_word' id='word_1_319' title='bbox 2120 2004 2354 2059; x_wconf 89' lang='lat' dir='ltr'><strong>ecclesia</strong></span> <span class='ocrx_word' id='word_1_320' title='bbox 2381 2017 2557 2073; x_wconf 85' lang='lat' dir='ltr'><strong>usque</strong></span> <span class='ocrx_word' id='word_1_321' title='bbox 2583 2002 2648 2057; x_wconf 90' lang='lat' dir='ltr'><strong>ad</strong></span> <span class='ocrx_word' id='word_1_322' title='bbox 2671 2001 2902 2058; x_wconf 68' lang='lat' dir='ltr'><strong>Aineam</strong></span> <span class='ocrx_word' id='word_1_323' title='bbox 2938 2012 3178 2074; x_wconf 90' lang='lat' dir='ltr'><strong>portam.</strong></span> <span class='ocrx_word' id='word_1_324' title='bbox 3213 2004 3409 2061; x_wconf 86' lang='lat' dir='ltr'><strong>Eodem</strong></span> <span class='ocrx_word' id='word_1_325' title='bbox 3441 2008 3614 2063; x_wconf 89' lang='lat' dir='ltr'><strong>etiam</strong></span> 
     </span>
    </p>
   </div>
   <div class='ocr_carea' id='block_1_48' title="bbox 2025 2091 3617 2164">
    <p class='ocr_par' dir='ltr' id='par_1_48' title="bbox 2025 2091 3617 2164">
     <span class='ocr_line' id='line_1_48' title="bbox 2025 2091 3617 2164; baseline 0.004 -17"><span class='ocrx_word' id='word_1_326' title='bbox 2025 2108 2168 2148; x_wconf 86' lang='lat' dir='ltr'><strong>anno</strong></span> <span class='ocrx_word' id='word_1_327' title='bbox 2195 2091 2418 2149; x_wconf 87' lang='lat' dir='ltr'><strong>Nicetas</strong></span> <span class='ocrx_word' id='word_1_328' title='bbox 2447 2093 2720 2164; x_wconf 76' lang='lat' dir='ltr'><strong>Xylinites</strong></span> <span class='ocrx_word' id='word_1_329' title='bbox 2742 2093 2942 2150; x_wconf 89' lang='lat' dir='ltr'><strong>scribit</strong></span> <span class='ocrx_word' id='word_1_330' title='bbox 2992 2094 3060 2150; x_wconf 89' lang='lat' dir='ltr'><strong>ad</strong></span> <span class='ocrx_word' id='word_1_331' title='bbox 3110 2096 3409 2153; x_wconf 78' lang='lat' dir='ltr'><strong>Artemium</strong></span> <span class='ocrx_word' id='word_1_332' title='bbox 3434 2096 3617 2154; x_wconf 76' lang='lat' dir='ltr'><strong>Thes-</strong></span> 
     </span>
    </p>
   </div>
   <div class='ocr_carea' id='block_1_49' title="bbox 2023 2188 3615 2260">
    <p class='ocr_par' dir='ltr' id='par_1_49' title="bbox 2023 2188 3615 2260">
     <span class='ocr_line' id='line_1_49' title="bbox 2023 2188 3615 2260; baseline 0.003 -17"><span class='ocrx_word' id='word_1_333' title='bbox 2023 2188 2281 2244; x_wconf 64' lang='lat' dir='ltr'><strong>salonicae</strong></span> <span class='ocrx_word' id='word_1_334' title='bbox 2337 2198 2664 2254; x_wconf 86' lang='lat' dir='ltr'><strong>morantem,</strong></span> <span class='ocrx_word' id='word_1_335' title='bbox 2725 2205 2837 2259; x_wconf 90' lang='lat' dir='ltr'><strong>quo</strong></span> <span class='ocrx_word' id='word_1_336' title='bbox 2903 2198 3159 2260; x_wconf 86' lang='lat' dir='ltr'><strong>pergeret</strong></span> <span class='ocrx_word' id='word_1_337' title='bbox 3200 2192 3265 2245; x_wconf 89' lang='lat' dir='ltr'><strong>ad</strong></span> <span class='ocrx_word' id='word_1_338' title='bbox 3325 2190 3615 2259; x_wconf 79' lang='lat' dir='ltr'><strong>Terbeliu,</strong></span> 
     </span>
    </p>
   </div>
   <div class='ocr_carea' id='block_1_50' title="bbox 2023 2278 3612 2352">
    <p class='ocr_par' dir='ltr' id='par_1_50' title="bbox 2023 2278 3612 2352">
     <span class='ocr_line' id='line_1_50' title="bbox 2023 2278 3612 2352; baseline 0.003 -18"><span class='ocrx_word' id='word_1_339' title='bbox 2023 2288 2299 2352; x_wconf 89' lang='lat' dir='ltr'><strong>quatenus</strong></span> <span class='ocrx_word' id='word_1_340' title='bbox 2316 2296 2440 2337; x_wconf 91' lang='lat' dir='ltr'><strong>cum</strong></span> <span class='ocrx_word' id='word_1_341' title='bbox 2468 2279 2676 2335; x_wconf 80' lang='lat' dir='ltr'><strong>auxilio</strong></span> <span class='ocrx_word' id='word_1_342' title='bbox 2698 2278 2999 2351; x_wconf 78' lang='lat' dir='ltr'><strong>Vulgarico</strong></span> <span class='ocrx_word' id='word_1_343' title='bbox 3029 2292 3224 2337; x_wconf 89' lang='lat' dir='ltr'><strong>contra</strong></span> <span class='ocrx_word' id='word_1_344' title='bbox 3249 2281 3491 2339; x_wconf 85' lang='lat' dir='ltr'><strong>Leonem</strong></span> <span class='ocrx_word' id='word_1_345' title='bbox 3517 2300 3612 2339; x_wconf 85' lang='lat' dir='ltr'><strong>ve-</strong></span> 
     </span>
    </p>
   </div>
   <div class='ocr_carea' id='block_1_51' title="bbox 2021 2370 3613 2440">
    <p class='ocr_par' dir='ltr' id='par_1_51' title="bbox 2021 2370 3613 2440">
     <span class='ocr_line' id='line_1_51' title="bbox 2021 2370 3613 2440; baseline 0.001 -11"><span class='ocrx_word' id='word_1_346' title='bbox 2021 2372 2188 2429; x_wconf 87' lang='lat' dir='ltr'><strong>niret.</strong></span> <span class='ocrx_word' id='word_1_347' title='bbox 2232 2371 2338 2440; x_wconf 86' lang='lat' dir='ltr'><strong>Qui</strong></span> <span class='ocrx_word' id='word_1_348' title='bbox 2372 2370 2678 2428; x_wconf 90' lang='lat' dir='ltr'><strong>obaudicns</strong></span> <span class='ocrx_word' id='word_1_349' title='bbox 2707 2372 2775 2426; x_wconf 90' lang='lat' dir='ltr'><strong>ad</strong></span> <span class='ocrx_word' id='word_1_350' title='bbox 2828 2371 3085 2428; x_wconf 90' lang='lat' dir='ltr'><strong>Terbeliu</strong></span> <span class='ocrx_word' id='word_1_351' title='bbox 3120 2373 3280 2437; x_wconf 90' lang='lat' dir='ltr'><strong>abiit,</strong></span> <span class='ocrx_word' id='word_1_352' title='bbox 3336 2383 3396 2429; x_wconf 88' lang='lat' dir='ltr'><strong>et</strong></span> <span class='ocrx_word' id='word_1_353' title='bbox 3435 2374 3530 2429; x_wconf 89' lang='lat' dir='ltr'><strong>dat</strong></span> <span class='ocrx_word' id='word_1_354' title='bbox 3561 2373 3613 2430; x_wconf 90' lang='lat' dir='ltr'><strong>ei</strong></span> 
     </span>
    </p>
   </div>
   <div class='ocr_carea' id='block_1_52' title="bbox 2020 2461 3614 2533">
    <p class='ocr_par' dir='ltr' id='par_1_52' title="bbox 2020 2461 3614 2533">
     <span class='ocr_line' id='line_1_52' title="bbox 2020 2461 3614 2533; baseline -0.002 -14"><span class='ocrx_word' id='word_1_355' title='bbox 2020 2461 2346 2528; x_wconf 87' lang='lat' dir='ltr'><strong>exercitum,</strong></span> <span class='ocrx_word' id='word_1_356' title='bbox 2379 2469 2435 2516; x_wconf 87' lang='lat' dir='ltr'><strong>et</strong></span> <span class='ocrx_word' id='word_1_357' title='bbox 2464 2462 2558 2516; x_wconf 91' lang='lat' dir='ltr'><strong>dat</strong></span> <span class='ocrx_word' id='word_1_358' title='bbox 2584 2461 2634 2516; x_wconf 92' lang='lat' dir='ltr'><strong>ei</strong></span> <span class='ocrx_word' id='word_1_359' title='bbox 2663 2462 3071 2533; x_wconf 80' lang='lat' dir='ltr'><strong>quinquaginta</strong></span> <span class='ocrx_word' id='word_1_360' title='bbox 3101 2464 3220 2517; x_wconf 89' lang='lat' dir='ltr'><strong>auri</strong></span> <span class='ocrx_word' id='word_1_361' title='bbox 3248 2465 3614 2529; x_wconf 79' lang='lat' dir='ltr'><strong>centenaria;</strong></span> 
     </span>
    </p>
   </div>
   <div class='ocr_carea' id='block_1_53' title="bbox 2020 2550 3613 2622">
    <p class='ocr_par' dir='ltr' id='par_1_53' title="bbox 2020 2550 3613 2622">
     <span class='ocr_line' id='line_1_53' title="bbox 2020 2550 3613 2622; baseline -0.001 -14"><span class='ocrx_word' id='word_1_362' title='bbox 2020 2560 2074 2608; x_wconf 92' lang='lat' dir='ltr'><strong>et</strong></span> <span class='ocrx_word' id='word_1_363' title='bbox 2097 2551 2184 2607; x_wconf 89' lang='lat' dir='ltr'><strong>his</strong></span> <span class='ocrx_word' id='word_1_364' title='bbox 2208 2551 2447 2621; x_wconf 89' lang='lat' dir='ltr'><strong>receptis</strong></span> <span class='ocrx_word' id='word_1_365' title='bbox 2471 2550 3012 2622; x_wconf 84' lang='lat' dir='ltr'><strong>Constantinopolim</strong></span> <span class='ocrx_word' id='word_1_366' title='bbox 3054 2552 3204 2606; x_wconf 86' lang='lat' dir='ltr'><strong>venit</strong></span> <span class='ocrx_word' id='word_1_367' title='bbox 3227 2552 3365 2607; x_wconf 88' lang='lat' dir='ltr'><strong>urbe</strong></span> <span class='ocrx_word' id='word_1_368' title='bbox 3388 2568 3527 2608; x_wconf 87' lang='lat' dir='ltr'><strong>sane</strong></span> <span class='ocrx_word' id='word_1_369' title='bbox 3555 2552 3613 2607; x_wconf 90' lang='lat' dir='ltr'><strong>id</strong></span> 
     </span>
    </p>
   </div>
   <div class='ocr_carea' id='block_1_54' title="bbox 2020 2639 3610 2712">
    <p class='ocr_par' dir='ltr' id='par_1_54' title="bbox 2020 2639 3610 2712">
     <span class='ocr_line' id='line_1_54' title="bbox 2020 2639 3610 2712; baseline 0.001 -15"><span class='ocrx_word' id='word_1_370' title='bbox 2020 2643 2242 2697; x_wconf 88' lang='lat' dir='ltr'><strong>minimc</strong></span> <span class='ocrx_word' id='word_1_371' title='bbox 2275 2642 2624 2698; x_wconf 89' lang='lat' dir='ltr'><strong>admittente.</strong></span> <span class='ocrx_word' id='word_1_372' title='bbox 2659 2639 2927 2712; x_wconf 85' lang='lat' dir='ltr'><strong>Vulgares</strong></span> <span class='ocrx_word' id='word_1_373' title='bbox 2976 2642 3118 2696; x_wconf 92' lang='lat' dir='ltr'><strong>hunc</strong></span> <span class='ocrx_word' id='word_1_374' title='bbox 3154 2642 3323 2697; x_wconf 83' lang='lat' dir='ltr'><strong>Leoni</strong></span> <span class='ocrx_word' id='word_1_375' title='bbox 3353 2642 3610 2698; x_wconf 82' lang='lat' dir='ltr'><strong>tradide-</strong></span> 
     </span>
    </p>
   </div>
   <div class='ocr_carea' id='block_1_55' title="bbox 2019 2733 3597 2802">
    <p class='ocr_par' dir='ltr' id='par_1_55' title="bbox 2019 2733 3597 2802">
     <span class='ocr_line' id='line_1_55' title="bbox 2019 2733 3597 2802; baseline -0.001 -12"><span class='ocrx_word' id='word_1_376' title='bbox 2019 2744 2171 2799; x_wconf 87' lang='lat' dir='ltr'><strong>runt,</strong></span> <span class='ocrx_word' id='word_1_377' title='bbox 2206 2742 2263 2790; x_wconf 91' lang='lat' dir='ltr'><strong>et</strong></span> <span class='ocrx_word' id='word_1_378' title='bbox 2284 2734 2495 2790; x_wconf 92' lang='lat' dir='ltr'><strong>liberali</strong></span> <span class='ocrx_word' id='word_1_379' title='bbox 2526 2734 2787 2790; x_wconf 87' lang='lat' dir='ltr'><strong>honorati</strong></span> <span class='ocrx_word' id='word_1_380' title='bbox 2819 2735 2885 2789; x_wconf 83' lang='lat' dir='ltr'><strong>ab</strong></span> <span class='ocrx_word' id='word_1_381' title='bbox 2912 2749 2975 2789; x_wconf 86' lang='lat' dir='ltr'><strong>eo</strong></span> <span class='ocrx_word' id='word_1_382' title='bbox 3008 2733 3345 2802; x_wconf 82' lang='lat' dir='ltr'><strong>benignitate</strong></span> <span class='ocrx_word' id='word_1_383' title='bbox 3378 2734 3597 2790; x_wconf 82' lang='lat' dir='ltr'><strong>reversi</strong></span> 
     </span>
    </p>
   </div>
   <div class='ocr_carea' id='block_1_56' title="bbox 2020 2822 3603 2897">
    <p class='ocr_par' dir='ltr' id='par_1_56' title="bbox 2020 2822 3603 2897">
     <span class='ocr_line' id='line_1_56' title="bbox 2020 2822 3603 2897; baseline -0.003 -14"><span class='ocrx_word' id='word_1_384' title='bbox 2020 2837 2173 2884; x_wconf 85' lang='lat' dir='ltr'><strong>sunt.</strong></span> <span class='ocrx_word' id='word_1_385' title='bbox 2224 2827 2324 2882; x_wconf 76' lang='lat' dir='ltr'><strong>Ast</strong></span> <span class='ocrx_word' id='word_1_386' title='bbox 2378 2826 2682 2895; x_wconf 82' lang='lat' dir='ltr'><strong>imperator</strong></span> <span class='ocrx_word' id='word_1_387' title='bbox 2718 2827 2861 2882; x_wconf 92' lang='lat' dir='ltr'><strong>hunc</strong></span> <span class='ocrx_word' id='word_1_388' title='bbox 2889 2840 3013 2880; x_wconf 90' lang='lat' dir='ltr'><strong>cum</strong></span> <span class='ocrx_word' id='word_1_389' title='bbox 3042 2822 3296 2897; x_wconf 76' lang='lat' dir='ltr'><strong>Xyliuite</strong></span> <span class='ocrx_word' id='word_1_390' title='bbox 3326 2824 3603 2895; x_wconf 86' lang='lat' dir='ltr'><strong>peremit,</strong></span> 
     </span>
    </p>
   </div>
   <div class='ocr_carea' id='block_1_57' title="bbox 2021 2913 3611 2989">
    <p class='ocr_par' dir='ltr' id='par_1_57' title="bbox 2021 2913 3611 2989">
     <span class='ocr_line' id='line_1_57' title="bbox 2021 2913 3611 2989; baseline -0.001 -17"><span class='ocrx_word' id='word_1_391' title='bbox 2021 2917 2240 2989; x_wconf 88' lang='lat' dir='ltr'><strong>publico</strong></span> <span class='ocrx_word' id='word_1_392' title='bbox 2270 2931 2491 2988; x_wconf 90' lang='lat' dir='ltr'><strong>quoque</strong></span> <span class='ocrx_word' id='word_1_393' title='bbox 2522 2916 2655 2973; x_wconf 83' lang='lat' dir='ltr'><strong>fisco</strong></span> <span class='ocrx_word' id='word_1_394' title='bbox 2690 2916 3054 2973; x_wconf 87' lang='lat' dir='ltr'><strong>substantiam</strong></span> <span class='ocrx_word' id='word_1_395' title='bbox 3109 2916 3402 2985; x_wconf 76' lang='lat' dir='ltr'><strong>applicans</strong></span> <span class='ocrx_word' id='word_1_396' title='bbox 3446 2913 3611 2988; x_wconf 70' lang='lat' dir='ltr'><strong>Xyli-</strong></span> 
     </span>
    </p>
   </div>
   <div class='ocr_carea' id='block_1_58' title="bbox 2021 3008 3606 3082">
    <p class='ocr_par' dir='ltr' id='par_1_58' title="bbox 2021 3008 3606 3082">
     <span class='ocr_line' id='line_1_58' title="bbox 2021 3008 3606 3082; baseline -0.001 -17"><span class='ocrx_word' id='word_1_397' title='bbox 2021 3010 2168 3076; x_wconf 87' lang='lat' dir='ltr'><strong>nitis,</strong></span> <span class='ocrx_word' id='word_1_398' title='bbox 2200 3011 2293 3081; x_wconf 90' lang='lat' dir='ltr'><strong>qui</strong></span> <span class='ocrx_word' id='word_1_399' title='bbox 2326 3026 2451 3065; x_wconf 89' lang='lat' dir='ltr'><strong>cum</strong></span> <span class='ocrx_word' id='word_1_400' title='bbox 2475 3010 2737 3082; x_wconf 82' lang='lat' dir='ltr'><strong>magister</strong></span> <span class='ocrx_word' id='word_1_401' title='bbox 2764 3018 2936 3073; x_wconf 87' lang='lat' dir='ltr'><strong>esset,</strong></span> <span class='ocrx_word' id='word_1_402' title='bbox 2964 3008 3340 3065; x_wconf 86' lang='lat' dir='ltr'><strong>substantiam</strong></span> <span class='ocrx_word' id='word_1_403' title='bbox 3370 3009 3606 3065; x_wconf 87' lang='lat' dir='ltr'><strong>multam</strong></span> 
     </span>
    </p>
   </div>
   <div class='ocr_carea' id='block_1_59' title="bbox 333 3101 3608 3204">
    <p class='ocr_par' dir='ltr' id='par_1_59' title="bbox 333 3101 3608 3204">
     <span class='ocr_line' id='line_1_59' title="bbox 333 3101 3608 3204; baseline -0.002 -40"><span class='ocrx_word' id='word_1_404' title='bbox 333 3118 637 3180; x_wconf 81' lang='lat' dir='ltr'><strong>tempestas</strong></span> <span class='ocrx_word' id='word_1_405' title='bbox 664 3126 692 3165; x_wconf 89' lang='lat' dir='ltr'><strong>a</strong></span> <span class='ocrx_word' id='word_1_406' title='bbox 730 3111 841 3166; x_wconf 92' lang='lat' dir='ltr'><strong>Deo</strong></span> <span class='ocrx_word' id='word_1_407' title='bbox 878 3126 975 3181; x_wconf 91' lang='lat' dir='ltr'><strong>per</strong></span> <span class='ocrx_word' id='word_1_408' title='bbox 1007 3111 1437 3168; x_wconf 87' lang='lat' dir='ltr'><strong>intercessiones</strong></span> <span class='ocrx_word' id='word_1_409' title='bbox 1472 3111 1565 3167; x_wconf 87' lang='lat' dir='ltr'><strong>Dei</strong></span> <span class='ocrx_word' id='word_1_410' title='bbox 1600 3110 1792 3166; x_wconf 79' lang='lat' dir='ltr'><strong>Matris</strong></span> <span class='ocrx_word' id='word_1_411' title='bbox 1834 3110 1919 3165; x_wconf 85' lang='lat' dir='ltr'><strong>in-</strong></span> <span class='ocrx_word' id='word_1_412' title='bbox 1948 3146 1992 3204; x_wconf 63' lang='grc' dir='ltr'>ο</span> <span class='ocrx_word' id='word_1_413' title='bbox 2024 3102 2367 3204; x_wconf 61' lang='lat' dir='ltr'><strong>possederat.</strong></span> <span class='ocrx_word' id='word_1_414' title='bbox 2407 3102 2711 3204; x_wconf 71' lang='lat' dir='ltr'><strong>Sisinnium</strong></span> <span class='ocrx_word' id='word_1_415' title='bbox 2749 3102 3046 3204; x_wconf 76' lang='lat' dir='ltr'><strong>patricium</strong></span> <span class='ocrx_word' id='word_1_416' title='bbox 3098 3110 3473 3204; x_wconf 58' lang='lat' dir='ltr'><strong>cognomento</strong></span> <span class='ocrx_word' id='word_1_417' title='bbox 3500 3101 3608 3157; x_wconf 78' lang='lat' dir='ltr'><strong>Be-</strong></span> 
     </span>
    </p>
   </div>
   <div class='ocr_carea' id='block_1_60' title="bbox 339 3202 1921 3273">
    <p class='ocr_par' dir='ltr' id='par_1_60' title="bbox 339 3202 1921 3273">
     <span class='ocr_line' id='line_1_60' title="bbox 339 3202 1921 3273; baseline 0.002 -19"><span class='ocrx_word' id='word_1_418' title='bbox 339 3202 607 3258; x_wconf 88' lang='lat' dir='ltr'><strong>cumbens</strong></span> <span class='ocrx_word' id='word_1_419' title='bbox 631 3204 687 3257; x_wconf 92' lang='lat' dir='ltr'><strong>in</strong></span> <span class='ocrx_word' id='word_1_420' title='bbox 723 3203 849 3258; x_wconf 89' lang='lat' dir='ltr'><strong>illos</strong></span> <span class='ocrx_word' id='word_1_421' title='bbox 877 3204 979 3259; x_wconf 82' lang='lat' dir='ltr'><strong>hos</strong></span> <span class='ocrx_word' id='word_1_422' title='bbox 1001 3204 1286 3273; x_wconf 88' lang='lat' dir='ltr'><strong>dispersit,</strong></span> <span class='ocrx_word' id='word_1_423' title='bbox 1308 3211 1363 3258; x_wconf 93' lang='lat' dir='ltr'><strong>et</strong></span> <span class='ocrx_word' id='word_1_424' title='bbox 1385 3203 1523 3258; x_wconf 87' lang='lat' dir='ltr'><strong>alios</strong></span> <span class='ocrx_word' id='word_1_425' title='bbox 1568 3203 1789 3272; x_wconf 87' lang='lat' dir='ltr'><strong>quidem</strong></span> <span class='ocrx_word' id='word_1_426' title='bbox 1820 3202 1921 3257; x_wconf 86' lang='lat' dir='ltr'><strong>ho-</strong></span> 
     </span>
    </p>
   </div>
   <div class='ocr_carea' id='block_1_61' title="bbox 339 3292 1921 3365">
    <p class='ocr_par' dir='ltr' id='par_1_61' title="bbox 339 3292 1921 3365">
     <span class='ocr_line' id='line_1_61' title="bbox 339 3292 1921 3365; baseline 0.001 -19"><span class='ocrx_word' id='word_1_427' title='bbox 339 3309 462 3348; x_wconf 87' lang='lat' dir='ltr'><strong>rum</strong></span> <span class='ocrx_word' id='word_1_428' title='bbox 493 3310 662 3365; x_wconf 88' lang='lat' dir='ltr'><strong>penes</strong></span> <span class='ocrx_word' id='word_1_429' title='bbox 691 3292 1064 3349; x_wconf 84' lang='lat' dir='ltr'><strong>Proconesum</strong></span> <span class='ocrx_word' id='word_1_430' title='bbox 1106 3302 1162 3348; x_wconf 88' lang='lat' dir='ltr'><strong>et</strong></span> <span class='ocrx_word' id='word_1_431' title='bbox 1198 3294 1442 3362; x_wconf 89' lang='lat' dir='ltr'><strong>reliquas</strong></span> <span class='ocrx_word' id='word_1_432' title='bbox 1490 3293 1723 3357; x_wconf 84' lang='lat' dir='ltr'><strong>insulas,</strong></span> <span class='ocrx_word' id='word_1_433' title='bbox 1780 3292 1921 3347; x_wconf 86' lang='lat' dir='ltr'><strong>alios</strong></span> 
     </span>
    </p>
   </div>
   <div class='ocr_carea' id='block_1_62' title="bbox 336 3384 1916 3454">
    <p class='ocr_par' dir='ltr' id='par_1_62' title="bbox 336 3384 1916 3454">
     <span class='ocr_line' id='line_1_62' title="bbox 336 3384 1916 3454; baseline -0.001 -15"><span class='ocrx_word' id='word_1_434' title='bbox 336 3400 469 3441; x_wconf 84' lang='lat' dir='ltr'><strong>vero</strong></span> <span class='ocrx_word' id='word_1_435' title='bbox 516 3387 572 3440; x_wconf 89' lang='lat' dir='ltr'><strong>in</strong></span> <span class='ocrx_word' id='word_1_436' title='bbox 608 3386 907 3454; x_wconf 87' lang='lat' dir='ltr'><strong>vertigines</strong></span> <span class='ocrx_word' id='word_1_437' title='bbox 940 3392 996 3439; x_wconf 88' lang='lat' dir='ltr'><strong>et</strong></span> <span class='ocrx_word' id='word_1_438' title='bbox 1044 3391 1243 3438; x_wconf 69' lang='lat' dir='ltr'><strong>caetera</strong></span> <span class='ocrx_word' id='word_1_439' title='bbox 1280 3384 1547 3438; x_wconf 87' lang='lat' dir='ltr'><strong>demersit</strong></span> <span class='ocrx_word' id='word_1_440' title='bbox 1581 3384 1637 3438; x_wconf 90' lang='lat' dir='ltr'><strong>in</strong></span> <span class='ocrx_word' id='word_1_441' title='bbox 1671 3398 1916 3454; x_wconf 61' lang='lat' dir='ltr'><strong>aequora.</strong></span> 
     </span>
    </p>
   </div>
   <div class='ocr_carea' id='block_1_63' title="bbox 338 3475 1919 3547">
    <p class='ocr_par' dir='ltr' id='par_1_63' title="bbox 338 3475 1919 3547">
     <span class='ocr_line' id='line_1_63' title="bbox 338 3475 1919 3547; baseline 0 -14"><span class='ocrx_word' id='word_1_442' title='bbox 338 3477 563 3533; x_wconf 82' lang='lat' dir='ltr'><strong>Residui</strong></span> <span class='ocrx_word' id='word_1_443' title='bbox 606 3491 831 3547; x_wconf 90' lang='lat' dir='ltr'><strong>quoque</strong></span> <span class='ocrx_word' id='word_1_444' title='bbox 850 3490 987 3531; x_wconf 76' lang='lat' dir='ltr'><strong>cum</strong></span> <span class='ocrx_word' id='word_1_445' title='bbox 1042 3476 1347 3531; x_wconf 88' lang='lat' dir='ltr'><strong>transirent</strong></span> <span class='ocrx_word' id='word_1_446' title='bbox 1377 3475 1623 3546; x_wconf 67' lang='lat' dir='ltr'><strong>IEgaeum</strong></span> <span class='ocrx_word' id='word_1_447' title='bbox 1666 3477 1919 3546; x_wconf 85' lang='lat' dir='ltr'><strong>pelagus,</strong></span> 
     </span>
    </p>
   </div>
   <div class='ocr_carea' id='block_1_64' title="bbox 336 3567 1915 3640">
    <p class='ocr_par' dir='ltr' id='par_1_64' title="bbox 336 3567 1915 3640">
     <span class='ocr_line' id='line_1_64' title="bbox 336 3567 1915 3640; baseline 0.001 -17"><span class='ocrx_word' id='word_1_448' title='bbox 336 3569 611 3640; x_wconf 77' lang='lat' dir='ltr'><strong>extemplo</strong></span> <span class='ocrx_word' id='word_1_449' title='bbox 635 3568 956 3638; x_wconf 86' lang='lat' dir='ltr'><strong>supervenit</strong></span> <span class='ocrx_word' id='word_1_450' title='bbox 978 3568 1032 3623; x_wconf 93' lang='lat' dir='ltr'><strong>in</strong></span> <span class='ocrx_word' id='word_1_451' title='bbox 1062 3567 1145 3623; x_wconf 85' lang='lat' dir='ltr'><strong>eis</strong></span> <span class='ocrx_word' id='word_1_452' title='bbox 1171 3567 1434 3623; x_wconf 87' lang='lat' dir='ltr'><strong>terribilis</strong></span> <span class='ocrx_word' id='word_1_453' title='bbox 1456 3568 1760 3638; x_wconf 88' lang='lat' dir='ltr'><strong>indignatio</strong></span> <span class='ocrx_word' id='word_1_454' title='bbox 1781 3568 1875 3625; x_wconf 87' lang='lat' dir='ltr'><strong>Dei</strong></span> <span class='ocrx_word' id='word_1_455' title='bbox 1899 3587 1915 3625; x_wconf 91' lang='lat'><strong>:</strong></span> 
     </span>
    </p>
   </div>
   <div class='ocr_carea' id='block_1_65' title="bbox 332 3658 1919 3731">
    <p class='ocr_par' dir='ltr' id='par_1_65' title="bbox 332 3658 1919 3731">
     <span class='ocr_line' id='line_1_65' title="bbox 332 3658 1919 3731; baseline 0.002 -16"><span class='ocrx_word' id='word_1_456' title='bbox 332 3660 545 3729; x_wconf 79' lang='lat' dir='ltr'><strong>grando</strong></span> <span class='ocrx_word' id='word_1_457' title='bbox 570 3674 805 3731; x_wconf 88' lang='lat' dir='ltr'><strong>namque</strong></span> <span class='ocrx_word' id='word_1_458' title='bbox 834 3658 993 3730; x_wconf 87' lang='lat' dir='ltr'><strong>ignea</strong></span> <span class='ocrx_word' id='word_1_459' title='bbox 1020 3658 1367 3716; x_wconf 86' lang='lat' dir='ltr'><strong>descendens</strong></span> <span class='ocrx_word' id='word_1_460' title='bbox 1400 3674 1569 3730; x_wconf 86' lang='lat' dir='ltr'><strong>super</strong></span> <span class='ocrx_word' id='word_1_461' title='bbox 1622 3674 1721 3716; x_wconf 87' lang='lat' dir='ltr'><strong>cos</strong></span> <span class='ocrx_word' id='word_1_462' title='bbox 1745 3675 1919 3731; x_wconf 89' lang='lat' dir='ltr'><strong>aquas</strong></span> 
     </span>
    </p>
   </div>
   <div class='ocr_carea' id='block_1_66' title="bbox 335 3750 1915 3824">
    <p class='ocr_par' dir='ltr' id='par_1_66' title="bbox 335 3750 1915 3824">
     <span class='ocr_line' id='line_1_66' title="bbox 335 3750 1915 3824; baseline 0.001 -17"><span class='ocrx_word' id='word_1_463' title='bbox 335 3753 504 3809; x_wconf 89' lang='lat' dir='ltr'><strong>maris</strong></span> <span class='ocrx_word' id='word_1_464' title='bbox 531 3754 761 3808; x_wconf 86' lang='lat' dir='ltr'><strong>ebullire</strong></span> <span class='ocrx_word' id='word_1_465' title='bbox 789 3750 944 3818; x_wconf 79' lang='lat' dir='ltr'><strong>iecit,</strong></span> <span class='ocrx_word' id='word_1_466' title='bbox 994 3761 1051 3808; x_wconf 90' lang='lat' dir='ltr'><strong>et</strong></span> <span class='ocrx_word' id='word_1_467' title='bbox 1088 3753 1213 3824; x_wconf 91' lang='lat' dir='ltr'><strong>pice</strong></span> <span class='ocrx_word' id='word_1_468' title='bbox 1244 3753 1539 3823; x_wconf 86' lang='lat' dir='ltr'><strong>liquefacta</strong></span> <span class='ocrx_word' id='word_1_469' title='bbox 1574 3754 1741 3810; x_wconf 91' lang='lat' dir='ltr'><strong>simul</strong></span> <span class='ocrx_word' id='word_1_470' title='bbox 1788 3770 1915 3811; x_wconf 90' lang='lat' dir='ltr'><strong>cum</strong></span> 
     </span>
    </p>
   </div>
   <div class='ocr_carea' id='block_1_67' title="bbox 330 3846 1915 3916">
    <p class='ocr_par' dir='ltr' id='par_1_67' title="bbox 330 3846 1915 3916">
     <span class='ocr_line' id='line_1_67' title="bbox 330 3846 1915 3916; baseline 0.002 -16"><span class='ocrx_word' id='word_1_471' title='bbox 330 3846 654 3902; x_wconf 87' lang='lat' dir='ltr'><strong>hominibus</strong></span> <span class='ocrx_word' id='word_1_472' title='bbox 682 3861 850 3902; x_wconf 81' lang='lat' dir='ltr'><strong>naves</strong></span> <span class='ocrx_word' id='word_1_473' title='bbox 888 3846 949 3901; x_wconf 87' lang='lat' dir='ltr'><strong>in</strong></span> <span class='ocrx_word' id='word_1_474' title='bbox 978 3846 1324 3916; x_wconf 85' lang='lat' dir='ltr'><strong>profundum</strong></span> <span class='ocrx_word' id='word_1_475' title='bbox 1361 3846 1606 3902; x_wconf 69' lang='lat' dir='ltr'><strong>inductae</strong></span> <span class='ocrx_word' id='word_1_476' title='bbox 1632 3855 1788 3913; x_wconf 90' lang='lat' dir='ltr'><strong>sunt,</strong></span> <span class='ocrx_word' id='word_1_477' title='bbox 1818 3846 1915 3903; x_wconf 79' lang='lat' dir='ltr'><strong>de-</strong></span> 
     </span>
    </p>
   </div>
   <div class='ocr_carea' id='block_1_68' title="bbox 331 3938 1914 4009">
    <p class='ocr_par' dir='ltr' id='par_1_68' title="bbox 331 3938 1914 4009">
     <span class='ocr_line' id='line_1_68' title="bbox 331 3938 1914 4009; baseline 0.001 -15"><span class='ocrx_word' id='word_1_478' title='bbox 331 3955 450 3995; x_wconf 84' lang='lat' dir='ltr'><strong>cent</strong></span> <span class='ocrx_word' id='word_1_479' title='bbox 478 3940 613 3995; x_wconf 83' lang='lat' dir='ltr'><strong>solis</strong></span> <span class='ocrx_word' id='word_1_480' title='bbox 642 3955 710 3995; x_wconf 86' lang='lat' dir='ltr'><strong>ex</strong></span> <span class='ocrx_word' id='word_1_481' title='bbox 738 3942 820 3997; x_wconf 85' lang='lat' dir='ltr'><strong>eis</strong></span> <span class='ocrx_word' id='word_1_482' title='bbox 850 3948 906 3994; x_wconf 90' lang='lat' dir='ltr'><strong>et</strong></span> <span class='ocrx_word' id='word_1_483' title='bbox 938 3939 1075 4008; x_wconf 89' lang='lat' dir='ltr'><strong>ipsis</strong></span> <span class='ocrx_word' id='word_1_484' title='bbox 1110 3938 1452 4009; x_wconf 80' lang='lat' dir='ltr'><strong>providentia</strong></span> <span class='ocrx_word' id='word_1_485' title='bbox 1479 3938 1573 3994; x_wconf 82' lang='lat' dir='ltr'><strong>Dei</strong></span> <span class='ocrx_word' id='word_1_486' title='bbox 1610 3939 1914 3996; x_wconf 85' lang='lat' dir='ltr'><strong>Salvatoris</strong></span> 
     </span>
    </p>
   </div>
   <div class='ocr_carea' id='block_1_69' title="bbox 331 4030 1916 4099">
    <p class='ocr_par' dir='ltr' id='par_1_69' title="bbox 331 4030 1916 4099">
     <span class='ocr_line' id='line_1_69' title="bbox 331 4030 1916 4099; baseline 0.001 -12"><span class='ocrx_word' id='word_1_487' title='bbox 331 4032 695 4089; x_wconf 80' lang='lat' dir='ltr'><strong>evadentibus</strong></span> <span class='ocrx_word' id='word_1_488' title='bbox 732 4034 802 4085; x_wconf 86' lang='lat' dir='ltr'><strong>ad</strong></span> <span class='ocrx_word' id='word_1_489' title='bbox 854 4031 1299 4087; x_wconf 87' lang='lat' dir='ltr'><strong>annuntiandum</strong></span> <span class='ocrx_word' id='word_1_490' title='bbox 1351 4030 1535 4099; x_wconf 79' lang='lat' dir='ltr'><strong>nobis,</strong></span> <span class='ocrx_word' id='word_1_491' title='bbox 1599 4046 1816 4086; x_wconf 85' lang='lat' dir='ltr'><strong>necnon</strong></span> <span class='ocrx_word' id='word_1_492' title='bbox 1859 4040 1916 4088; x_wconf 87' lang='lat' dir='ltr'><strong>et</strong></span> 
     </span>
    </p>
   </div>
   <div class='ocr_carea' id='block_1_70' title="bbox 332 4122 1912 4195">
    <p class='ocr_par' dir='ltr' id='par_1_70' title="bbox 332 4122 1912 4195">
     <span class='ocr_line' id='line_1_70' title="bbox 332 4122 1912 4195; baseline 0.003 -18"><span class='ocrx_word' id='word_1_493' title='bbox 332 4124 631 4190; x_wconf 82' lang='lat' dir='ltr'><strong>Arabibus,</strong></span> <span class='ocrx_word' id='word_1_494' title='bbox 658 4124 933 4194; x_wconf 88' lang='lat' dir='ltr'><strong>magnalia</strong></span> <span class='ocrx_word' id='word_1_495' title='bbox 967 4122 1083 4189; x_wconf 89' lang='lat' dir='ltr'><strong>Dei,</strong></span> <span class='ocrx_word' id='word_1_496' title='bbox 1114 4139 1239 4195; x_wconf 70' lang='lat' dir='ltr'><strong>qum</strong></span> <span class='ocrx_word' id='word_1_497' title='bbox 1287 4124 1343 4179; x_wconf 93' lang='lat' dir='ltr'><strong>in</strong></span> <span class='ocrx_word' id='word_1_498' title='bbox 1384 4123 1495 4180; x_wconf 88' lang='lat' dir='ltr'><strong>illis</strong></span> <span class='ocrx_word' id='word_1_499' title='bbox 1531 4123 1723 4181; x_wconf 79' lang='lat' dir='ltr'><strong>eli&#39;ecta</strong></span> <span class='ocrx_word' id='word_1_500' title='bbox 1742 4126 1912 4194; x_wconf 74' lang='lat' dir='ltr'><strong>lsunt.</strong></span> 
     </span>
    </p>
   </div>
   <div class='ocr_carea' id='block_1_71' title="bbox 330 4215 1911 4288">
    <p class='ocr_par' dir='ltr' id='par_1_71' title="bbox 330 4215 1911 4288">
     <span class='ocr_line' id='line_1_71' title="bbox 330 4215 1911 4288; baseline 0 -15"><span class='ocrx_word' id='word_1_501' title='bbox 330 4215 479 4284; x_wconf 83' lang='lat' dir='ltr'><strong>Quas</strong></span> <span class='ocrx_word' id='word_1_502' title='bbox 507 4216 671 4272; x_wconf 90' lang='lat' dir='ltr'><strong>etiam</strong></span> <span class='ocrx_word' id='word_1_503' title='bbox 702 4224 987 4270; x_wconf 87' lang='lat' dir='ltr'><strong>nostrates</strong></span> <span class='ocrx_word' id='word_1_504' title='bbox 1024 4215 1395 4281; x_wconf 87' lang='lat' dir='ltr'><strong>invenientes,</strong></span> <span class='ocrx_word' id='word_1_505' title='bbox 1425 4216 1672 4288; x_wconf 88' lang='lat' dir='ltr'><strong>quinque</strong></span> <span class='ocrx_word' id='word_1_506' title='bbox 1716 4216 1911 4273; x_wconf 89' lang='lat' dir='ltr'><strong>harum</strong></span> 
     </span>
    </p>
   </div>
   <div class='ocr_carea' id='block_1_72' title="bbox 330 4304 1913 4379">
    <p class='ocr_par' dir='ltr' id='par_1_72' title="bbox 330 4304 1913 4379">
     <span class='ocr_line' id='line_1_72' title="bbox 330 4304 1913 4379; baseline 0.003 -18"><span class='ocrx_word' id='word_1_507' title='bbox 330 4306 797 4376; x_wconf 88' lang='lat' dir='ltr'><strong>comprehendere</strong></span> <span class='ocrx_word' id='word_1_508' title='bbox 819 4311 1122 4375; x_wconf 89' lang='lat' dir='ltr'><strong>potuerunt</strong></span> <span class='ocrx_word' id='word_1_509' title='bbox 1145 4322 1162 4359; x_wconf 92' lang='lat'><strong>:</strong></span> <span class='ocrx_word' id='word_1_510' title='bbox 1187 4304 1308 4361; x_wconf 73' lang='lat' dir='ltr'><strong>alia:</strong></span> <span class='ocrx_word' id='word_1_511' title='bbox 1329 4320 1459 4361; x_wconf 85' lang='lat' dir='ltr'><strong>vero</strong></span> <span class='ocrx_word' id='word_1_512' title='bbox 1475 4308 1728 4379; x_wconf 74' lang='lat' dir='ltr'><strong>quinque</strong></span> <span class='ocrx_word' id='word_1_513' title='bbox 1747 4310 1913 4365; x_wconf 68' lang='lat' dir='ltr'><strong>salva:</strong></span> 
     </span>
    </p>
   </div>
   <div class='ocr_carea' id='block_1_73' title="bbox 330 4396 1909 4479">
    <p class='ocr_par' dir='ltr' id='par_1_73' title="bbox 330 4396 1909 4479">
     <span class='ocr_line' id='line_1_73' title="bbox 330 4396 1909 4479; baseline 0.003 -26"><span class='ocrx_word' id='word_1_514' title='bbox 330 4399 386 4453; x_wconf 93' lang='lat' dir='ltr'><strong>in</strong></span> <span class='ocrx_word' id='word_1_515' title='bbox 419 4398 635 4471; x_wconf 70' lang='lat' dir='ltr'><strong>Syriam</strong></span> <span class='ocrx_word' id='word_1_516' title='bbox 673 4396 852 4479; x_wconf 70' lang='lat' dir='ltr'><strong>ducta:</strong></span> <span class='ocrx_word' id='word_1_517' title='bbox 889 4402 1057 4463; x_wconf 90' lang='lat' dir='ltr'><strong>sunt,</strong></span> <span class='ocrx_word' id='word_1_518' title='bbox 1104 4396 1204 4453; x_wconf 90' lang='lat' dir='ltr'><strong>‘Dei</strong></span> <span class='ocrx_word' id='word_1_519' title='bbox 1250 4399 1663 4457; x_wconf 69' lang='lat' dir='ltr'><strong>annuntiaturae</strong></span> <span class='ocrx_word' id='word_1_520' title='bbox 1711 4409 1909 4473; x_wconf 86' lang='lat' dir='ltr'><strong>poten-</strong></span> 
     </span>
    </p>
   </div>
   <div class='ocr_carea' id='block_1_74' title="bbox 328 4491 1908 4637">
    <p class='ocr_par' dir='ltr' id='par_1_74' title="bbox 328 4491 1908 4637">
     <span class='ocr_line' id='line_1_74' title="bbox 328 4491 1908 4637; baseline 0.004 -21"><span class='ocrx_word' id='word_1_521' title='bbox 328 4491 605 4618; x_wconf 51' lang='lat' dir='ltr'><strong>ua{intidem</strong></span> <span class='ocrx_word' id='word_1_522' title='bbox 635 4578 769 4619; x_wconf 90' lang='lat' dir='ltr'><strong>vero</strong></span> <span class='ocrx_word' id='word_1_523' title='bbox 825 4576 974 4619; x_wconf 88' lang='lat' dir='ltr'><strong>anno</strong></span> <span class='ocrx_word' id='word_1_524' title='bbox 1012 4569 1176 4618; x_wconf 65' lang='lat' dir='ltr'><strong>terrae</strong></span> <span class='ocrx_word' id='word_1_525' title='bbox 1204 4570 1356 4619; x_wconf 88' lang='lat' dir='ltr'><strong>motu</strong></span> <span class='ocrx_word' id='word_1_526' title='bbox 1390 4577 1590 4634; x_wconf 86' lang='lat' dir='ltr'><strong>magno</strong></span> <span class='ocrx_word' id='word_1_527' title='bbox 1640 4563 1699 4621; x_wconf 90' lang='lat' dir='ltr'><strong>in</strong></span> <span class='ocrx_word' id='word_1_528' title='bbox 1750 4564 1908 4637; x_wconf 83' lang='lat' dir='ltr'><strong>Syria</strong></span> 
     </span>
    </p>
   </div>
   <div class='ocr_carea' id='block_1_75' title="bbox 328 4654 1907 4724">
    <p class='ocr_par' dir='ltr' id='par_1_75' title="bbox 328 4654 1907 4724">
     <span class='ocr_line' id='line_1_75' title="bbox 328 4654 1907 4724; baseline 0.002 -13"><span class='ocrx_word' id='word_1_529' title='bbox 328 4654 475 4711; x_wconf 80' lang='lat' dir='ltr'><strong>facto</strong></span> <span class='ocrx_word' id='word_1_530' title='bbox 509 4654 717 4711; x_wconf 79' lang='lat' dir='ltr'><strong>Humar</strong></span> <span class='ocrx_word' id='word_1_531' title='bbox 744 4670 774 4711; x_wconf 89' lang='lat' dir='ltr'><strong>a</strong></span> <span class='ocrx_word' id='word_1_532' title='bbox 809 4655 1132 4712; x_wconf 79' lang='lat' dir='ltr'><strong>civitatibus</strong></span> <span class='ocrx_word' id='word_1_533' title='bbox 1156 4655 1344 4711; x_wconf 84' lang='lat' dir='ltr'><strong>vinum</strong></span> <span class='ocrx_word' id='word_1_534' title='bbox 1379 4656 1639 4724; x_wconf 81' lang='lat' dir='ltr'><strong>inhibuit,</strong></span> <span class='ocrx_word' id='word_1_535' title='bbox 1663 4666 1720 4713; x_wconf 88' lang='lat' dir='ltr'><strong>et</strong></span> <span class='ocrx_word' id='word_1_536' title='bbox 1742 4656 1907 4715; x_wconf 87' lang='lat' dir='ltr'><strong>Chri-</strong></span> 
     </span>
    </p>
   </div>
   <div class='ocr_carea' id='block_1_76' title="bbox 329 4746 1907 4819">
    <p class='ocr_par' dir='ltr' id='par_1_76' title="bbox 329 4746 1907 4819">
     <span class='ocr_line' id='line_1_76' title="bbox 329 4746 1907 4819; baseline 0.003 -19"><span class='ocrx_word' id='word_1_537' title='bbox 329 4746 540 4803; x_wconf 89' lang='lat' dir='ltr'><strong>stianos</strong></span> <span class='ocrx_word' id='word_1_538' title='bbox 568 4755 882 4818; x_wconf 82' lang='lat' dir='ltr'><strong>apostatare</strong></span> <span class='ocrx_word' id='word_1_539' title='bbox 908 4748 1112 4817; x_wconf 81' lang='lat' dir='ltr'><strong>coegit,</strong></span> <span class='ocrx_word' id='word_1_540' title='bbox 1163 4756 1220 4804; x_wconf 90' lang='lat' dir='ltr'><strong>et</strong></span> <span class='ocrx_word' id='word_1_541' title='bbox 1252 4755 1631 4818; x_wconf 86' lang='lat' dir='ltr'><strong>apostatantes</strong></span> <span class='ocrx_word' id='word_1_542' title='bbox 1684 4749 1907 4819; x_wconf 89' lang='lat' dir='ltr'><strong>quidem</strong></span> 
     </span>
    </p>
   </div>
   <div class='ocr_carea' id='block_1_77' title="bbox 328 4837 1907 4907">
    <p class='ocr_par' dir='ltr' id='par_1_77' title="bbox 328 4837 1907 4907">
     <span class='ocr_line' id='line_1_77' title="bbox 328 4837 1907 4907; baseline 0.004 -16"><span class='ocrx_word' id='word_1_543' title='bbox 328 4837 449 4893; x_wconf 81' lang='lat' dir='ltr'><strong>sine</strong></span> <span class='ocrx_word' id='word_1_544' title='bbox 464 4838 675 4894; x_wconf 90' lang='lat' dir='ltr'><strong>tributo</strong></span> <span class='ocrx_word' id='word_1_545' title='bbox 702 4854 825 4895; x_wconf 88' lang='lat' dir='ltr'><strong>esse</strong></span> <span class='ocrx_word' id='word_1_546' title='bbox 869 4839 1125 4907; x_wconf 86' lang='lat' dir='ltr'><strong>faciebat,</strong></span> <span class='ocrx_word' id='word_1_547' title='bbox 1166 4854 1279 4895; x_wconf 88' lang='lat' dir='ltr'><strong>non</strong></span> <span class='ocrx_word' id='word_1_548' title='bbox 1313 4840 1732 4897; x_wconf 90' lang='lat' dir='ltr'><strong>consentientes</strong></span> <span class='ocrx_word' id='word_1_549' title='bbox 1772 4856 1907 4897; x_wconf 90' lang='lat' dir='ltr'><strong>vero</strong></span> 
     </span>
    </p>
   </div>
   <div class='ocr_carea' id='block_1_78' title="bbox 326 4917 1907 5008">
    <p class='ocr_par' dir='ltr' id='par_1_78' title="bbox 326 4917 1907 5008">
     <span class='ocr_line' id='line_1_78' title="bbox 326 4917 1907 5008; baseline 0.005 -24"><span class='ocrx_word' id='word_1_550' title='bbox 326 4931 701 4995; x_wconf 87' lang='lat' dir='ltr'><strong>interimebat,</strong></span> <span class='ocrx_word' id='word_1_551' title='bbox 751 4947 816 4987; x_wconf 81' lang='lat' dir='ltr'><strong>ac</strong></span> <span class='ocrx_word' id='word_1_552' title='bbox 857 4917 1051 5003; x_wconf 34' lang='lat' dir='ltr'><strong>per-id</strong></span> <span class='ocrx_word' id='word_1_553' title='bbox 1096 4935 1302 4991; x_wconf 86' lang='lat' dir='ltr'><strong>multos</strong></span> <span class='ocrx_word' id='word_1_554' title='bbox 1334 4942 1613 5008; x_wconf 87' lang='lat' dir='ltr'><strong>martyres</strong></span> <span class='ocrx_word' id='word_1_555' title='bbox 1647 4945 1907 5005; x_wconf 85' lang='lat' dir='ltr'><strong>operatus</strong></span> 
     </span>
    </p>
   </div>
   <div class='ocr_carea' id='block_1_79' title="bbox 325 5022 1908 5084">
    <p class='ocr_par' dir='ltr' id='par_1_79' title="bbox 325 5022 1908 5084">
     <span class='ocr_line' id='line_1_79' title="bbox 325 5022 1908 5084; baseline 0.003 -5"><span class='ocrx_word' id='word_1_556' title='bbox 325 5035 434 5081; x_wconf 87' lang='lat' dir='ltr'><strong>est.</strong></span> <span class='ocrx_word' id='word_1_557' title='bbox 472 5022 668 5080; x_wconf 85' lang='lat' dir='ltr'><strong>Sanxit</strong></span> <span class='ocrx_word' id='word_1_558' title='bbox 701 5024 868 5080; x_wconf 78' lang='lat' dir='ltr'><strong>etiam</strong></span> <span class='ocrx_word' id='word_1_559' title='bbox 902 5027 1289 5083; x_wconf 84' lang='lat' dir='ltr'><strong>testimonium</strong></span> <span class='ocrx_word' id='word_1_560' title='bbox 1318 5027 1615 5084; x_wconf 83' lang='lat' dir='ltr'><strong>Christiani</strong></span> <span class='ocrx_word' id='word_1_561' title='bbox 1642 5027 1908 5084; x_wconf 85' lang='lat' dir='ltr'><strong>adversus</strong></span> 
     </span>
    </p>
   </div>
   <div class='ocr_carea' id='block_1_80' title="bbox 328 5112 1907 5189">
    <p class='ocr_par' dir='ltr' id='par_1_80' title="bbox 328 5112 1907 5189">
     <span class='ocr_line' id='line_1_80' title="bbox 328 5112 1907 5189; baseline 0.003 -20"><span class='ocrx_word' id='word_1_562' title='bbox 328 5112 667 5172; x_wconf 86' lang='lat' dir='ltr'><strong>Saracenum</strong></span> <span class='ocrx_word' id='word_1_563' title='bbox 705 5114 934 5170; x_wconf 88' lang='lat' dir='ltr'><strong>minime</strong></span> <span class='ocrx_word' id='word_1_564' title='bbox 964 5116 1364 5187; x_wconf 89' lang='lat' dir='ltr'><strong>recipiendum.</strong></span> <span class='ocrx_word' id='word_1_565' title='bbox 1398 5117 1549 5174; x_wconf 86' lang='lat' dir='ltr'><strong>Fecit</strong></span> <span class='ocrx_word' id='word_1_566' title='bbox 1575 5129 1757 5175; x_wconf 90' lang='lat' dir='ltr'><strong>autem</strong></span> <span class='ocrx_word' id='word_1_567' title='bbox 1786 5118 1907 5189; x_wconf 84' lang='lat' dir='ltr'><strong>epi-</strong></span> 
     </span>
    </p>
   </div>
   <div class='ocr_carea' id='block_1_81' title="bbox 327 5207 1911 5282">
    <p class='ocr_par' dir='ltr' id='par_1_81' title="bbox 327 5207 1911 5282">
     <span class='ocr_line' id='line_1_81' title="bbox 327 5207 1911 5282; baseline 0 -17"><span class='ocrx_word' id='word_1_568' title='bbox 327 5211 522 5265; x_wconf 84' lang='lat' dir='ltr'><strong>stolam</strong></span> <span class='ocrx_word' id='word_1_569' title='bbox 557 5208 926 5281; x_wconf 83' lang='lat' dir='ltr'><strong>dogmaticam</strong></span> <span class='ocrx_word' id='word_1_570' title='bbox 974 5211 1041 5265; x_wconf 90' lang='lat' dir='ltr'><strong>ad</strong></span> <span class='ocrx_word' id='word_1_571' title='bbox 1076 5207 1316 5265; x_wconf 89' lang='lat' dir='ltr'><strong>Leonem</strong></span> <span class='ocrx_word' id='word_1_572' title='bbox 1367 5211 1779 5282; x_wconf 88' lang='lat' dir='ltr'><strong>imperatorem,</strong></span> <span class='ocrx_word' id='word_1_573' title='bbox 1820 5226 1911 5266; x_wconf 88' lang='lat' dir='ltr'><strong>ra-</strong></span> 
     </span>
    </p>
   </div>
   <div class='ocr_carea' id='block_1_82' title="bbox 325 5295 1907 5376">
    <p class='ocr_par' dir='ltr' id='par_1_82' title="bbox 325 5295 1907 5376">
     <span class='ocr_line' id='line_1_82' title="bbox 325 5295 1907 5376; baseline 0.005 -21"><span class='ocrx_word' id='word_1_574' title='bbox 325 5310 418 5359; x_wconf 88' lang='lat' dir='ltr'><strong>tus</strong></span> <span class='ocrx_word' id='word_1_575' title='bbox 443 5303 645 5376; x_wconf 87' lang='lat' dir='ltr'><strong>impius</strong></span> <span class='ocrx_word' id='word_1_576' title='bbox 678 5303 729 5360; x_wconf 92' lang='lat' dir='ltr'><strong>ei</strong></span> <span class='ocrx_word' id='word_1_577' title='bbox 764 5301 1100 5373; x_wconf 81' lang='lat' dir='ltr'><strong>persuadere</strong></span> <span class='ocrx_word' id='word_1_578' title='bbox 1132 5317 1245 5375; x_wconf 89' lang='lat' dir='ltr'><strong>quo</strong></span> <span class='ocrx_word' id='word_1_579' title='bbox 1304 5295 1334 5357; x_wconf 82' lang='lat' dir='ltr'><strong>a</strong></span> <span class='ocrx_word' id='word_1_580' title='bbox 1397 5303 1502 5363; x_wconf 84' lang='lat' dir='ltr'><strong>fide</strong></span> <span class='ocrx_word' id='word_1_581' title='bbox 1530 5320 1632 5361; x_wconf 88' lang='lat' dir='ltr'><strong>sua</strong></span> <span class='ocrx_word' id='word_1_582' title='bbox 1682 5306 1907 5363; x_wconf 89' lang='lat' dir='ltr'><strong>recede-</strong></span> 
     </span>
    </p>
   </div>
   <div class='ocr_carea' id='block_1_83' title="bbox 328 5399 436 5448">
    <p class='ocr_par' dir='ltr' id='par_1_83' title="bbox 328 5399 436 5448">
     <span class='ocr_line' id='line_1_83' title="bbox 328 5399 436 5448; baseline 0.037 -4"><span class='ocrx_word' id='word_1_583' title='bbox 328 5399 436 5448; x_wconf 83' lang='lat' dir='ltr'><strong>ret.</strong></span> 
     </span>
    </p>
   </div>
   <div class='ocr_carea' id='block_1_84' title="bbox 397 5484 1907 5559">
    <p class='ocr_par' dir='ltr' id='par_1_84' title="bbox 397 5484 1907 5559">
     <span class='ocr_line' id='line_1_84' title="bbox 397 5484 1907 5559; baseline 0.002 -19"><span class='ocrx_word' id='word_1_584' title='bbox 397 5484 558 5541; x_wconf 71' lang='lat' dir='ltr'><strong>Anno</strong></span> <span class='ocrx_word' id='word_1_585' title='bbox 586 5485 800 5559; x_wconf 90' lang='lat' dir='ltr'><strong>imperii</strong></span> <span class='ocrx_word' id='word_1_586' title='bbox 832 5488 918 5545; x_wconf 90' lang='lat' dir='ltr'><strong>sui</strong></span> <span class='ocrx_word' id='word_1_587' title='bbox 952 5489 1118 5545; x_wconf 89' lang='lat' dir='ltr'><strong>tertio</strong></span> <span class='ocrx_word' id='word_1_588' title='bbox 1156 5496 1321 5545; x_wconf 88' lang='lat' dir='ltr'><strong>natus</strong></span> <span class='ocrx_word' id='word_1_589' title='bbox 1348 5496 1432 5544; x_wconf 83' lang='lat' dir='ltr'><strong>est</strong></span> <span class='ocrx_word' id='word_1_590' title='bbox 1460 5488 1625 5544; x_wconf 89' lang='lat' dir='ltr'><strong>Leoni</strong></span> <span class='ocrx_word' id='word_1_591' title='bbox 1675 5486 1907 5559; x_wconf 88' lang='lat' dir='ltr'><strong>principi</strong></span> 
     </span>
    </p>
   </div>
   <div class='ocr_carea' id='block_1_85' title="bbox 330 5572 1908 5653">
    <p class='ocr_par' dir='ltr' id='par_1_85' title="bbox 330 5572 1908 5653">
     <span class='ocr_line' id='line_1_85' title="bbox 330 5572 1908 5653; baseline 0.006 -27"><span class='ocrx_word' id='word_1_592' title='bbox 330 5572 474 5629; x_wconf 80' lang='lat' dir='ltr'><strong>filius</strong></span> <span class='ocrx_word' id='word_1_593' title='bbox 505 5579 727 5635; x_wconf 89' lang='lat' dir='ltr'><strong>nomine</strong></span> <span class='ocrx_word' id='word_1_594' title='bbox 755 5578 1180 5647; x_wconf 89' lang='lat' dir='ltr'><strong>Constantinus,</strong></span> <span class='ocrx_word' id='word_1_595' title='bbox 1234 5582 1327 5652; x_wconf 88' lang='lat' dir='ltr'><strong>qui</strong></span> <span class='ocrx_word' id='word_1_596' title='bbox 1372 5581 1548 5653; x_wconf 80' lang='lat' dir='ltr'><strong>magis</strong></span> <span class='ocrx_word' id='word_1_597' title='bbox 1578 5581 1674 5636; x_wconf 90' lang='lat' dir='ltr'><strong>illo</strong></span> <span class='ocrx_word' id='word_1_598' title='bbox 1705 5582 1908 5653; x_wconf 87' lang='lat' dir='ltr'><strong>impius</strong></span> 
     </span>
    </p>
   </div>
   <div class='ocr_carea' id='block_1_86' title="bbox 330 5664 1909 5743">
    <p class='ocr_par' dir='ltr' id='par_1_86' title="bbox 330 5664 1909 5743">
     <span class='ocr_line' id='line_1_86' title="bbox 330 5664 1909 5743; baseline 0.005 -22"><span class='ocrx_word' id='word_1_599' title='bbox 330 5664 436 5721; x_wconf 83' lang='lat' dir='ltr'><strong>fuit</strong></span> <span class='ocrx_word' id='word_1_600' title='bbox 461 5673 515 5720; x_wconf 91' lang='lat' dir='ltr'><strong>et</strong></span> <span class='ocrx_word' id='word_1_601' title='bbox 542 5668 864 5727; x_wconf 87' lang='lat' dir='ltr'><strong>Antichristi</strong></span> <span class='ocrx_word' id='word_1_602' title='bbox 893 5688 1225 5743; x_wconf 64' lang='lat' dir='ltr'><strong>praecursor.</strong></span> <span class='ocrx_word' id='word_1_603' title='bbox 1261 5674 1533 5730; x_wconf 70' lang='lat' dir='ltr'><strong>Caeterum</strong></span> <span class='ocrx_word' id='word_1_604' title='bbox 1571 5683 1767 5731; x_wconf 87' lang='lat' dir='ltr'><strong>octavo</strong></span> <span class='ocrx_word' id='word_1_605' title='bbox 1803 5673 1909 5729; x_wconf 80' lang='lat' dir='ltr'><strong>Ka-</strong></span> 
     </span>
    </p>
   </div>
   <div class='ocr_carea' id='block_1_87' title="bbox 328 5756 1906 5827">
    <p class='ocr_par' dir='ltr' id='par_1_87' title="bbox 328 5756 1906 5827">
     <span class='ocr_line' id='line_1_87' title="bbox 328 5756 1906 5827; baseline 0.008 -13"><span class='ocrx_word' id='word_1_606' title='bbox 328 5756 519 5817; x_wconf 86' lang='lat' dir='ltr'><strong>lendas</strong></span> <span class='ocrx_word' id='word_1_607' title='bbox 552 5757 845 5818; x_wconf 80' lang='lat' dir='ltr'><strong>Januarias</strong></span> <span class='ocrx_word' id='word_1_608' title='bbox 884 5762 1056 5821; x_wconf 77' lang='lat' dir='ltr'><strong>Maria</strong></span> <span class='ocrx_word' id='word_1_609' title='bbox 1104 5780 1243 5823; x_wconf 86' lang='lat' dir='ltr'><strong>uxor</strong></span> <span class='ocrx_word' id='word_1_610' title='bbox 1295 5765 1496 5826; x_wconf 83' lang='lat' dir='ltr'><strong>Leonis</strong></span> <span class='ocrx_word' id='word_1_611' title='bbox 1536 5778 1797 5827; x_wconf 88' lang='lat' dir='ltr'><strong>coronata</strong></span> <span class='ocrx_word' id='word_1_612' title='bbox 1823 5778 1906 5827; x_wconf 85' lang='lat' dir='ltr'><strong>est</strong></span> 
     </span>
    </p>
   </div>
   <div class='ocr_carea' id='block_1_88' title="bbox 2023 3190 3602 3262">
    <p class='ocr_par' dir='ltr' id='par_1_88' title="bbox 2023 3190 3602 3262">
     <span class='ocr_line' id='line_1_88' title="bbox 2023 3190 3602 3262; baseline 0 -16"><span class='ocrx_word' id='word_1_613' title='bbox 2023 3192 2264 3258; x_wconf 88' lang='lat' dir='ltr'><strong>dacium,</strong></span> <span class='ocrx_word' id='word_1_614' title='bbox 2318 3207 2386 3247; x_wconf 87' lang='lat' dir='ltr'><strong>eo</strong></span> <span class='ocrx_word' id='word_1_615' title='bbox 2424 3190 2573 3262; x_wconf 91' lang='lat' dir='ltr'><strong>quod</strong></span> <span class='ocrx_word' id='word_1_616' title='bbox 2629 3192 2796 3247; x_wconf 91' lang='lat' dir='ltr'><strong>fuerit</strong></span> <span class='ocrx_word' id='word_1_617' title='bbox 2841 3206 2968 3247; x_wconf 92' lang='lat' dir='ltr'><strong>cum</strong></span> <span class='ocrx_word' id='word_1_618' title='bbox 3017 3190 3287 3255; x_wconf 81' lang='lat' dir='ltr'><strong>Artemio,</strong></span> <span class='ocrx_word' id='word_1_619' title='bbox 3335 3191 3602 3262; x_wconf 75' lang='lat' dir='ltr'><strong>Vulgares</strong></span> 
     </span>
    </p>
   </div>
   <div class='ocr_carea' id='block_1_89' title="bbox 2021 3282 3597 3357">
    <p class='ocr_par' dir='ltr' id='par_1_89' title="bbox 2021 3282 3597 3357">
     <span class='ocr_line' id='line_1_89' title="bbox 2021 3282 3597 3357; baseline -0.002 -18"><span class='ocrx_word' id='word_1_620' title='bbox 2021 3284 2200 3354; x_wconf 86' lang='lat' dir='ltr'><strong>capite</strong></span> <span class='ocrx_word' id='word_1_621' title='bbox 2231 3283 2572 3354; x_wconf 88' lang='lat' dir='ltr'><strong>punicrunt;</strong></span> <span class='ocrx_word' id='word_1_622' title='bbox 2602 3293 2658 3340; x_wconf 88' lang='lat' dir='ltr'><strong>et</strong></span> <span class='ocrx_word' id='word_1_623' title='bbox 2691 3284 3173 3357; x_wconf 88' lang='lat' dir='ltr'><strong>archiepiscopum</strong></span> <span class='ocrx_word' id='word_1_624' title='bbox 3201 3282 3597 3338; x_wconf 72' lang='lat' dir='ltr'><strong>Thessalonica:</strong></span> 
     </span>
    </p>
   </div>
   <div class='ocr_carea' id='block_1_90' title="bbox 2020 3358 3591 3446">
    <p class='ocr_par' dir='ltr' id='par_1_90' title="bbox 2020 3358 3591 3446">
     <span class='ocr_line' id='line_1_90' title="bbox 2020 3358 3591 3446; baseline -0.003 -15"><span class='ocrx_word' id='word_1_625' title='bbox 2020 3375 2190 3431; x_wconf 84' lang='lat' dir='ltr'><strong>Leoni</strong></span> <span class='ocrx_word' id='word_1_626' title='bbox 2219 3358 2452 3446; x_wconf 82' lang='lat' dir='ltr'><strong>principi</strong></span> <span class='ocrx_word' id='word_1_627' title='bbox 2473 3375 2841 3443; x_wconf 89' lang='lat' dir='ltr'><strong>tradiderunt,</strong></span> <span class='ocrx_word' id='word_1_628' title='bbox 2876 3378 2968 3446; x_wconf 89' lang='lat' dir='ltr'><strong>qui</strong></span> <span class='ocrx_word' id='word_1_629' title='bbox 3004 3376 3311 3432; x_wconf 80' lang='lat' dir='ltr'><strong>decollatus</strong></span> <span class='ocrx_word' id='word_1_630' title='bbox 3345 3382 3427 3429; x_wconf 85' lang='lat' dir='ltr'><strong>est</strong></span> <span class='ocrx_word' id='word_1_631' title='bbox 3463 3389 3591 3428; x_wconf 89' lang='lat' dir='ltr'><strong>cum</strong></span> 
     </span>
    </p>
   </div>
   <div class='ocr_carea' id='block_1_91' title="bbox 2018 3465 3600 3538">
    <p class='ocr_par' dir='ltr' id='par_1_91' title="bbox 2018 3465 3600 3538">
     <span class='ocr_line' id='line_1_91' title="bbox 2018 3465 3600 3538; baseline -0.002 -15"><span class='ocrx_word' id='word_1_632' title='bbox 2018 3468 2284 3523; x_wconf 81' lang='lat' dir='ltr'><strong>Artemio.</strong></span> <span class='ocrx_word' id='word_1_633' title='bbox 2320 3465 2590 3522; x_wconf 86' lang='lat' dir='ltr'><strong>Similiter</strong></span> <span class='ocrx_word' id='word_1_634' title='bbox 2613 3475 2666 3521; x_wconf 90' lang='lat' dir='ltr'><strong>et</strong></span> <span class='ocrx_word' id='word_1_635' title='bbox 2690 3466 2896 3523; x_wconf 82' lang='lat' dir='ltr'><strong>Hisoen</strong></span> <span class='ocrx_word' id='word_1_636' title='bbox 2933 3466 3233 3538; x_wconf 88' lang='lat' dir='ltr'><strong>patricium</strong></span> <span class='ocrx_word' id='word_1_637' title='bbox 3265 3476 3319 3521; x_wconf 85' lang='lat' dir='ltr'><strong>et</strong></span> <span class='ocrx_word' id='word_1_638' title='bbox 3341 3466 3600 3521; x_wconf 87' lang='lat' dir='ltr'><strong>comitem</strong></span> 
     </span>
    </p>
   </div>
   <div class='ocr_carea' id='block_1_92' title="bbox 2018 3555 3605 3629">
    <p class='ocr_par' dir='ltr' id='par_1_92' title="bbox 2018 3555 3605 3629">
     <span class='ocr_line' id='line_1_92' title="bbox 2018 3555 3605 3629; baseline -0.004 -14"><span class='ocrx_word' id='word_1_639' title='bbox 2018 3559 2248 3625; x_wconf 87' lang='lat' dir='ltr'><strong>Obsicii,</strong></span> <span class='ocrx_word' id='word_1_640' title='bbox 2272 3566 2329 3615; x_wconf 90' lang='lat' dir='ltr'><strong>et</strong></span> <span class='ocrx_word' id='word_1_641' title='bbox 2360 3558 2743 3615; x_wconf 84' lang='lat' dir='ltr'><strong>Theoctistum</strong></span> <span class='ocrx_word' id='word_1_642' title='bbox 2775 3559 3017 3629; x_wconf 87' lang='lat' dir='ltr'><strong>primum</strong></span> <span class='ocrx_word' id='word_1_643' title='bbox 3073 3574 3105 3614; x_wconf 89' lang='lat' dir='ltr'><strong>a</strong></span> <span class='ocrx_word' id='word_1_644' title='bbox 3138 3559 3389 3621; x_wconf 83' lang='lat' dir='ltr'><strong>secretis,</strong></span> <span class='ocrx_word' id='word_1_645' title='bbox 3422 3565 3475 3612; x_wconf 88' lang='lat' dir='ltr'><strong>et</strong></span> <span class='ocrx_word' id='word_1_646' title='bbox 3506 3555 3605 3610; x_wconf 61' lang='lat' dir='ltr'><strong>Ni-</strong></span> 
     </span>
    </p>
   </div>
   <div class='ocr_carea' id='block_1_93' title="bbox 2018 3650 3609 3718">
    <p class='ocr_par' dir='ltr' id='par_1_93' title="bbox 2018 3650 3609 3718">
     <span class='ocr_line' id='line_1_93' title="bbox 2018 3650 3609 3718; baseline 0.001 -12"><span class='ocrx_word' id='word_1_647' title='bbox 2018 3660 2195 3707; x_wconf 81' lang='lat' dir='ltr'><strong>oetam</strong></span> <span class='ocrx_word' id='word_1_648' title='bbox 2250 3651 2584 3706; x_wconf 79' lang='lat' dir='ltr'><strong>Anthracem</strong></span> <span class='ocrx_word' id='word_1_649' title='bbox 2615 3658 2671 3704; x_wconf 87' lang='lat' dir='ltr'><strong>et</strong></span> <span class='ocrx_word' id='word_1_650' title='bbox 2704 3652 2967 3708; x_wconf 90' lang='lat' dir='ltr'><strong>comitem</strong></span> <span class='ocrx_word' id='word_1_651' title='bbox 2998 3650 3253 3718; x_wconf 86' lang='lat' dir='ltr'><strong>Titichei,</strong></span> <span class='ocrx_word' id='word_1_652' title='bbox 3301 3661 3364 3706; x_wconf 88' lang='lat' dir='ltr'><strong>ut</strong></span> <span class='ocrx_word' id='word_1_653' title='bbox 3392 3650 3609 3707; x_wconf 78' lang='lat' dir='ltr'><strong>amicos</strong></span> 
     </span>
    </p>
   </div>
   <div class='ocr_carea' id='block_1_94' title="bbox 2018 3742 3610 3814">
    <p class='ocr_par' dir='ltr' id='par_1_94' title="bbox 2018 3742 3610 3814">
     <span class='ocr_line' id='line_1_94' title="bbox 2018 3742 3610 3814; baseline -0.001 -15"><span class='ocrx_word' id='word_1_654' title='bbox 2018 3751 2073 3799; x_wconf 91' lang='lat' dir='ltr'><strong>et</strong></span> <span class='ocrx_word' id='word_1_655' title='bbox 2104 3743 2410 3799; x_wconf 90' lang='lat' dir='ltr'><strong>concordes</strong></span> <span class='ocrx_word' id='word_1_656' title='bbox 2452 3742 2575 3813; x_wconf 78' lang='lat' dir='ltr'><strong>eius</strong></span> <span class='ocrx_word' id='word_1_657' title='bbox 2619 3742 2825 3800; x_wconf 89' lang='lat' dir='ltr'><strong>occidit</strong></span> <span class='ocrx_word' id='word_1_658' title='bbox 2862 3762 2878 3800; x_wconf 88' lang='lat'><strong>:</strong></span> <span class='ocrx_word' id='word_1_659' title='bbox 2909 3744 3154 3814; x_wconf 85' lang='lat' dir='ltr'><strong>reliquos</strong></span> <span class='ocrx_word' id='word_1_660' title='bbox 3211 3752 3399 3799; x_wconf 84' lang='lat' dir='ltr'><strong>autem</strong></span> <span class='ocrx_word' id='word_1_661' title='bbox 3432 3745 3610 3799; x_wconf 89' lang='lat' dir='ltr'><strong>muti-</strong></span> 
     </span>
    </p>
   </div>
   <div class='ocr_carea' id='block_1_95' title="bbox 2017 3834 3609 3908">
    <p class='ocr_par' dir='ltr' id='par_1_95' title="bbox 2017 3834 3609 3908">
     <span class='ocr_line' id='line_1_95' title="bbox 2017 3834 3609 3908; baseline -0.001 -17"><span class='ocrx_word' id='word_1_662' title='bbox 2017 3836 2143 3891; x_wconf 85' lang='lat' dir='ltr'><strong>latis</strong></span> <span class='ocrx_word' id='word_1_663' title='bbox 2169 3836 2396 3892; x_wconf 87' lang='lat' dir='ltr'><strong>narihus</strong></span> <span class='ocrx_word' id='word_1_664' title='bbox 2455 3836 2863 3908; x_wconf 89' lang='lat' dir='ltr'><strong>proscriptione</strong></span> <span class='ocrx_word' id='word_1_665' title='bbox 2904 3835 3200 3892; x_wconf 88' lang='lat' dir='ltr'><strong>damnatos</strong></span> <span class='ocrx_word' id='word_1_666' title='bbox 3227 3835 3284 3890; x_wconf 88' lang='lat' dir='ltr'><strong>in</strong></span> <span class='ocrx_word' id='word_1_667' title='bbox 3340 3834 3609 3891; x_wconf 79' lang='lat' dir='ltr'><strong>exsilium</strong></span> 
     </span>
    </p>
   </div>
   <div class='ocr_carea' id='block_1_96' title="bbox 2018 3929 2190 3984">
    <p class='ocr_par' dir='ltr' id='par_1_96' title="bbox 2018 3929 2190 3984">
     <span class='ocr_line' id='line_1_96' title="bbox 2018 3929 2190 3984; baseline -0.006 0"><span class='ocrx_word' id='word_1_668' title='bbox 2018 3929 2190 3984; x_wconf 88' lang='lat' dir='ltr'><strong>misit.</strong></span> 
     </span>
    </p>
   </div>
   <div class='ocr_carea' id='block_1_97' title="bbox 2085 4018 3607 4087">
    <p class='ocr_par' dir='ltr' id='par_1_97' title="bbox 2085 4018 3607 4087">
     <span class='ocr_line' id='line_1_97' title="bbox 2085 4018 3607 4087; baseline -0.001 -12"><span class='ocrx_word' id='word_1_669' title='bbox 2085 4018 2274 4075; x_wconf 88' lang='lat' dir='ltr'><strong>Mundi</strong></span> <span class='ocrx_word' id='word_1_670' title='bbox 2292 4034 2439 4075; x_wconf 91' lang='lat' dir='ltr'><strong>anno</strong></span> <span class='ocrx_word' id='word_1_671' title='bbox 2458 4018 2625 4087; x_wconf 69' lang='grc'><strong>6212,</strong></span> <span class='ocrx_word' id='word_1_672' title='bbox 2644 4019 2848 4077; x_wconf 67' lang='lat' dir='ltr'><strong>divine</strong></span> <span class='ocrx_word' id='word_1_673' title='bbox 2870 4019 3273 4078; x_wconf 85' lang='lat' dir='ltr'><strong>incarnationis</strong></span> <span class='ocrx_word' id='word_1_674' title='bbox 3292 4033 3441 4075; x_wconf 89' lang='lat' dir='ltr'><strong>anno</strong></span> <span class='ocrx_word' id='word_1_675' title='bbox 3471 4018 3607 4082; x_wconf 73' lang='lat' dir='ltr'><strong>7l2,</strong></span> 
     </span>
    </p>
   </div>
   <div class='ocr_carea' id='block_1_98' title="bbox 2014 4111 3609 4184">
    <p class='ocr_par' dir='ltr' id='par_1_98' title="bbox 2014 4111 3609 4184">
     <span class='ocr_line' id='line_1_98' title="bbox 2014 4111 3609 4184; baseline -0.001 -17"><span class='ocrx_word' id='word_1_676' title='bbox 2014 4127 2163 4168; x_wconf 89' lang='lat' dir='ltr'><strong>anno</strong></span> <span class='ocrx_word' id='word_1_677' title='bbox 2187 4128 2317 4170; x_wconf 90' lang='lat' dir='ltr'><strong>vero</strong></span> <span class='ocrx_word' id='word_1_678' title='bbox 2350 4114 2570 4184; x_wconf 89' lang='lat' dir='ltr'><strong>imperii</strong></span> <span class='ocrx_word' id='word_1_679' title='bbox 2588 4111 2793 4169; x_wconf 84' lang='lat' dir='ltr'><strong>Leonis</strong></span> <span class='ocrx_word' id='word_1_680' title='bbox 2822 4121 3023 4183; x_wconf 84' lang='lat' dir='ltr'><strong>quarto</strong></span> <span class='ocrx_word' id='word_1_681' title='bbox 3049 4112 3207 4169; x_wconf 77' lang='lat' dir='ltr'><strong>liisid</strong></span> <span class='ocrx_word' id='word_1_682' title='bbox 3224 4112 3468 4169; x_wconf 80' lang='lat' dir='ltr'><strong>Arabum</strong></span> <span class='ocrx_word' id='word_1_683' title='bbox 3486 4111 3609 4167; x_wconf 79' lang='lat' dir='ltr'><strong>dux</strong></span> 
     </span>
    </p>
   </div>
   <div class='ocr_carea' id='block_1_99' title="bbox 2014 4203 3603 4279">
    <p class='ocr_par' dir='ltr' id='par_1_99' title="bbox 2014 4203 3603 4279">
     <span class='ocr_line' id='line_1_99' title="bbox 2014 4203 3603 4279; baseline -0.001 -18"><span class='ocrx_word' id='word_1_684' title='bbox 2014 4207 2269 4273; x_wconf 86' lang='lat' dir='ltr'><strong>habetur,</strong></span> <span class='ocrx_word' id='word_1_685' title='bbox 2322 4207 2418 4279; x_wconf 88' lang='lat' dir='ltr'><strong>qui</strong></span> <span class='ocrx_word' id='word_1_686' title='bbox 2469 4208 2554 4263; x_wconf 82' lang='lat' dir='ltr'><strong>eis</strong></span> <span class='ocrx_word' id='word_1_687' title='bbox 2606 4215 2845 4277; x_wconf 86' lang='lat' dir='ltr'><strong>quatuor</strong></span> <span class='ocrx_word' id='word_1_688' title='bbox 2893 4206 3112 4278; x_wconf 65' lang='lat' dir='ltr'><strong>prefuit</strong></span> <span class='ocrx_word' id='word_1_689' title='bbox 3153 4206 3338 4261; x_wconf 88' lang='lat' dir='ltr'><strong>annis.</strong></span> <span class='ocrx_word' id='word_1_690' title='bbox 3391 4203 3603 4261; x_wconf 80' lang='lat' dir='ltr'><strong>Eodem</strong></span> 
     </span>
    </p>
   </div>
   <div class='ocr_carea' id='block_1_100' title="bbox 2012 4294 3609 4366">
    <p class='ocr_par' dir='ltr' id='par_1_100' title="bbox 2012 4294 3609 4366">
     <span class='ocr_line' id='line_1_100' title="bbox 2012 4294 3609 4366; baseline -0.001 -15"><span class='ocrx_word' id='word_1_691' title='bbox 2012 4310 2231 4366; x_wconf 91' lang='lat' dir='ltr'><strong>quoque</strong></span> <span class='ocrx_word' id='word_1_692' title='bbox 2268 4310 2416 4351; x_wconf 87' lang='lat' dir='ltr'><strong>anno</strong></span> <span class='ocrx_word' id='word_1_693' title='bbox 2463 4295 2766 4352; x_wconf 87' lang='lat' dir='ltr'><strong>indictione</strong></span> <span class='ocrx_word' id='word_1_694' title='bbox 2795 4296 2980 4361; x_wconf 84' lang='lat' dir='ltr'><strong>tertia,</strong></span> <span class='ocrx_word' id='word_1_695' title='bbox 3020 4297 3109 4351; x_wconf 86' lang='lat' dir='ltr'><strong>die</strong></span> <span class='ocrx_word' id='word_1_696' title='bbox 3152 4294 3399 4361; x_wconf 60' lang='lat' dir='ltr'><strong>Pascha,</strong></span> <span class='ocrx_word' id='word_1_697' title='bbox 3434 4309 3609 4350; x_wconf 85' lang='lat' dir='ltr'><strong>coro—</strong></span> 
     </span>
    </p>
   </div>
   <div class='ocr_carea' id='block_1_101' title="bbox 2013 4388 3607 4458">
    <p class='ocr_par' dir='ltr' id='par_1_101' title="bbox 2013 4388 3607 4458">
     <span class='ocr_line' id='line_1_101' title="bbox 2013 4388 3607 4458; baseline -0.001 -13"><span class='ocrx_word' id='word_1_698' title='bbox 2013 4399 2179 4446; x_wconf 87' lang='lat' dir='ltr'><strong>natus</strong></span> <span class='ocrx_word' id='word_1_699' title='bbox 2221 4398 2308 4446; x_wconf 89' lang='lat' dir='ltr'><strong>est</strong></span> <span class='ocrx_word' id='word_1_700' title='bbox 2341 4389 2746 4447; x_wconf 88' lang='lat' dir='ltr'><strong>Constantinus</strong></span> <span class='ocrx_word' id='word_1_701' title='bbox 2796 4404 2829 4445; x_wconf 87' lang='lat' dir='ltr'><strong>a</strong></span> <span class='ocrx_word' id='word_1_702' title='bbox 2858 4388 3043 4445; x_wconf 87' lang='lat' dir='ltr'><strong>Leone</strong></span> <span class='ocrx_word' id='word_1_703' title='bbox 3081 4395 3237 4458; x_wconf 88' lang='lat' dir='ltr'><strong>patre</strong></span> <span class='ocrx_word' id='word_1_704' title='bbox 3281 4403 3385 4444; x_wconf 90' lang='lat' dir='ltr'><strong>suo</strong></span> <span class='ocrx_word' id='word_1_705' title='bbox 3416 4388 3476 4443; x_wconf 87' lang='lat' dir='ltr'><strong>in</strong></span> <span class='ocrx_word' id='word_1_706' title='bbox 3499 4389 3607 4444; x_wconf 85' lang='lat' dir='ltr'><strong>tri-</strong></span> 
     </span>
    </p>
   </div>
   <div class='ocr_carea' id='block_1_102' title="bbox 1943 4476 3609 4552">
    <p class='ocr_par' dir='ltr' id='par_1_102' title="bbox 1943 4476 3609 4552">
     <span class='ocr_line' id='line_1_102' title="bbox 1943 4476 3609 4552; baseline -0.001 -18"><span class='ocrx_word' id='word_1_707' title='bbox 1943 4494 1987 4552; x_wconf 76' lang='grc' dir='ltr'><strong>ο</strong></span> <span class='ocrx_word' id='word_1_708' title='bbox 2016 4478 2243 4534; x_wconf 88' lang='lat' dir='ltr'><strong>bunalio</strong></span> <span class='ocrx_word' id='word_1_709' title='bbox 2275 4479 2463 4534; x_wconf 87' lang='lat' dir='ltr'><strong>decem</strong></span> <span class='ocrx_word' id='word_1_710' title='bbox 2494 4486 2551 4534; x_wconf 90' lang='lat' dir='ltr'><strong>et</strong></span> <span class='ocrx_word' id='word_1_711' title='bbox 2575 4493 2773 4534; x_wconf 90' lang='lat' dir='ltr'><strong>novem</strong></span> <span class='ocrx_word' id='word_1_712' title='bbox 2800 4480 3177 4544; x_wconf 85' lang='lat' dir='ltr'><strong>accubitunm,</strong></span> <span class='ocrx_word' id='word_1_713' title='bbox 3197 4476 3478 4533; x_wconf 83' lang='lat' dir='ltr'><strong>Germano</strong></span> <span class='ocrx_word' id='word_1_714' title='bbox 3501 4493 3609 4548; x_wconf 83' lang='lat' dir='ltr'><strong>pa-</strong></span> 
     </span>
    </p>
   </div>
   <div class='ocr_carea' id='block_1_103' title="bbox 2014 4567 3601 4627">
    <p class='ocr_par' dir='ltr' id='par_1_103' title="bbox 2014 4567 3601 4627">
     <span class='ocr_line' id='line_1_103' title="bbox 2014 4567 3601 4627; baseline -0.002 -1"><span class='ocrx_word' id='word_1_715' title='bbox 2014 4570 2256 4626; x_wconf 88' lang='lat' dir='ltr'><strong>triarcha</strong></span> <span class='ocrx_word' id='word_1_716' title='bbox 2287 4568 2523 4625; x_wconf 86' lang='lat' dir='ltr'><strong>faciente</strong></span> <span class='ocrx_word' id='word_1_717' title='bbox 2563 4571 2845 4626; x_wconf 88' lang='lat' dir='ltr'><strong>orationes</strong></span> <span class='ocrx_word' id='word_1_718' title='bbox 2878 4569 3181 4627; x_wconf 85' lang='lat' dir='ltr'><strong>secundum</strong></span> <span class='ocrx_word' id='word_1_719' title='bbox 3222 4583 3455 4624; x_wconf 89' lang='lat' dir='ltr'><strong>morem.</strong></span> <span class='ocrx_word' id='word_1_720' title='bbox 3481 4567 3601 4624; x_wconf 77' lang='lat' dir='ltr'><strong>Hoc</strong></span> 
     </span>
    </p>
   </div>
   <div class='ocr_carea' id='block_1_104' title="bbox 2010 4660 3605 4726">
    <p class='ocr_par' dir='ltr' id='par_1_104' title="bbox 2010 4660 3605 4726">
     <span class='ocr_line' id='line_1_104' title="bbox 2010 4660 3605 4726; baseline -0.003 -7"><span class='ocrx_word' id='word_1_721' title='bbox 2010 4662 2174 4719; x_wconf 85' lang='lat' dir='ltr'><strong>etiam</strong></span> <span class='ocrx_word' id='word_1_722' title='bbox 2211 4676 2357 4717; x_wconf 89' lang='lat' dir='ltr'><strong>anno</strong></span> <span class='ocrx_word' id='word_1_723' title='bbox 2380 4670 2632 4718; x_wconf 90' lang='lat' dir='ltr'><strong>mortuus</strong></span> <span class='ocrx_word' id='word_1_724' title='bbox 2655 4670 2740 4719; x_wconf 86' lang='lat' dir='ltr'><strong>est</strong></span> <span class='ocrx_word' id='word_1_725' title='bbox 2773 4660 3048 4717; x_wconf 81' lang='lat' dir='ltr'><strong>ﬂumarus</strong></span> <span class='ocrx_word' id='word_1_726' title='bbox 3081 4662 3191 4716; x_wconf 86' lang='lat' dir='ltr'><strong>dux</strong></span> <span class='ocrx_word' id='word_1_727' title='bbox 3238 4660 3511 4726; x_wconf 80' lang='lat' dir='ltr'><strong>Arabum,</strong></span> <span class='ocrx_word' id='word_1_728' title='bbox 3539 4670 3605 4717; x_wconf 83' lang='lat' dir='ltr'><strong>et</strong></span> 
     </span>
    </p>
   </div>
   <div class='ocr_carea' id='block_1_105' title="bbox 2010 4752 3604 4825">
    <p class='ocr_par' dir='ltr' id='par_1_105' title="bbox 2010 4752 3604 4825">
     <span class='ocr_line' id='line_1_105' title="bbox 2010 4752 3604 4825; baseline 0.001 -17"><span class='ocrx_word' id='word_1_729' title='bbox 2010 4756 2187 4810; x_wconf 89' lang='lat' dir='ltr'><strong>oritur</strong></span> <span class='ocrx_word' id='word_1_730' title='bbox 2219 4754 2275 4809; x_wconf 89' lang='lat' dir='ltr'><strong>in</strong></span> <span class='ocrx_word' id='word_1_731' title='bbox 2304 4753 2529 4811; x_wconf 83' lang='lat' dir='ltr'><strong>Perside</strong></span> <span class='ocrx_word' id='word_1_732' title='bbox 2581 4761 2856 4825; x_wconf 84' lang='lat' dir='ltr'><strong>tyrannus</strong></span> <span class='ocrx_word' id='word_1_733' title='bbox 2908 4762 2964 4810; x_wconf 92' lang='lat' dir='ltr'><strong>et</strong></span> <span class='ocrx_word' id='word_1_734' title='bbox 3012 4755 3132 4825; x_wconf 85' lang='lat' dir='ltr'><strong>ipse</strong></span> <span class='ocrx_word' id='word_1_735' title='bbox 3166 4755 3393 4808; x_wconf 89' lang='lat' dir='ltr'><strong>nomine</strong></span> <span class='ocrx_word' id='word_1_736' title='bbox 3435 4752 3604 4809; x_wconf 79' lang='lat' dir='ltr'><strong>ﬂizid</strong></span> 
     </span>
    </p>
   </div>
   <div class='ocr_carea' id='block_1_106' title="bbox 2012 4835 3601 4913">
    <p class='ocr_par' dir='ltr' id='par_1_106' title="bbox 2012 4835 3601 4913">
     <span class='ocr_line' id='line_1_106' title="bbox 2012 4835 3601 4913; baseline -0.002 -10"><span class='ocrx_word' id='word_1_737' title='bbox 2012 4835 2279 4913; x_wconf 71' lang='lat' dir='ltr'><strong>Moalabe,</strong></span> <span class='ocrx_word' id='word_1_738' title='bbox 2345 4854 2403 4903; x_wconf 89' lang='lat' dir='ltr'><strong>et</strong></span> <span class='ocrx_word' id='word_1_739' title='bbox 2450 4847 2707 4903; x_wconf 87' lang='lat' dir='ltr'><strong>abierunt</strong></span> <span class='ocrx_word' id='word_1_740' title='bbox 2733 4863 2860 4903; x_wconf 91' lang='lat' dir='ltr'><strong>cum</strong></span> <span class='ocrx_word' id='word_1_741' title='bbox 2904 4862 2973 4903; x_wconf 89' lang='lat' dir='ltr'><strong>eo</strong></span> <span class='ocrx_word' id='word_1_742' title='bbox 3018 4862 3084 4902; x_wconf 81' lang='lat' dir='ltr'><strong>ex</strong></span> <span class='ocrx_word' id='word_1_743' title='bbox 3133 4845 3355 4901; x_wconf 87' lang='lat' dir='ltr'><strong>Perside</strong></span> <span class='ocrx_word' id='word_1_744' title='bbox 3407 4848 3601 4901; x_wconf 87' lang='lat' dir='ltr'><strong>multi.</strong></span> 
     </span>
    </p>
   </div>
   <div class='ocr_carea' id='block_1_107' title="bbox 2013 4938 3605 4997">
    <p class='ocr_par' dir='ltr' id='par_1_107' title="bbox 2013 4938 3605 4997">
     <span class='ocr_line' id='line_1_107' title="bbox 2013 4938 3605 4997; baseline 0.001 -3"><span class='ocrx_word' id='word_1_745' title='bbox 2013 4939 2183 4997; x_wconf 79' lang='lat' dir='ltr'><strong>Misso</strong></span> <span class='ocrx_word' id='word_1_746' title='bbox 2208 4949 2392 4996; x_wconf 89' lang='lat' dir='ltr'><strong>autem</strong></span> <span class='ocrx_word' id='word_1_747' title='bbox 2436 4939 2598 4996; x_wconf 77' lang='lat' dir='ltr'><strong>Hizid</strong></span> <span class='ocrx_word' id='word_1_748' title='bbox 2630 4939 2892 4995; x_wconf 81' lang='lat' dir='ltr'><strong>Masalma</strong></span> <span class='ocrx_word' id='word_1_749' title='bbox 2923 4939 3129 4995; x_wconf 84' lang='lat' dir='ltr'><strong>occidit</strong></span> <span class='ocrx_word' id='word_1_750' title='bbox 3156 4954 3280 4995; x_wconf 88' lang='lat' dir='ltr'><strong>eum</strong></span> <span class='ocrx_word' id='word_1_751' title='bbox 3314 4947 3371 4995; x_wconf 91' lang='lat' dir='ltr'><strong>et</strong></span> <span class='ocrx_word' id='word_1_752' title='bbox 3416 4938 3605 4996; x_wconf 79' lang='lat' dir='ltr'><strong>Persi-</strong></span> 
     </span>
    </p>
   </div>
   <div class='ocr_carea' id='block_1_108' title="bbox 2012 5033 2434 5091">
    <p class='ocr_par' dir='ltr' id='par_1_108' title="bbox 2012 5033 2434 5091">
     <span class='ocr_line' id='line_1_108' title="bbox 2012 5033 2434 5091; baseline -0.007 -1"><span class='ocrx_word' id='word_1_753' title='bbox 2012 5034 2135 5091; x_wconf 89' lang='lat' dir='ltr'><strong>dem</strong></span> <span class='ocrx_word' id='word_1_754' title='bbox 2166 5033 2434 5090; x_wconf 86' lang='lat' dir='ltr'><strong>subdidit.</strong></span> 
     </span>
    </p>
   </div>
   <div class='ocr_carea' id='block_1_109' title="bbox 2009 5124 3598 5196">
    <p class='ocr_par' dir='ltr' id='par_1_109' title="bbox 2009 5124 3598 5196">
     <span class='ocr_line' id='line_1_109' title="bbox 2009 5124 3598 5196; baseline -0.003 -12"><span class='ocrx_word' id='word_1_755' title='bbox 2009 5127 2047 5184; x_wconf 69' lang='grc' dir='ltr'><strong>τι</strong></span> <span class='ocrx_word' id='word_1_756' title='bbox 2082 5128 2243 5180; x_wconf 83' lang='lat' dir='ltr'><strong>Anno</strong></span> <span class='ocrx_word' id='word_1_757' title='bbox 2273 5124 2485 5196; x_wconf 88' lang='lat' dir='ltr'><strong>imperii</strong></span> <span class='ocrx_word' id='word_1_758' title='bbox 2523 5124 2724 5181; x_wconf 88' lang='lat' dir='ltr'><strong>Leonis</strong></span> <span class='ocrx_word' id='word_1_759' title='bbox 2784 5125 2983 5196; x_wconf 86' lang='lat' dir='ltr'><strong>quinto</strong></span> <span class='ocrx_word' id='word_1_760' title='bbox 3041 5125 3300 5196; x_wconf 86' lang='lat' dir='ltr'><strong>apparuit</strong></span> <span class='ocrx_word' id='word_1_761' title='bbox 3358 5125 3598 5195; x_wconf 82' lang='lat' dir='ltr'><strong>quidam</strong></span> 
     </span>
    </p>
   </div>
   <div class='ocr_carea' id='block_1_110' title="bbox 2013 5215 3601 5288">
    <p class='ocr_par' dir='ltr' id='par_1_110' title="bbox 2013 5215 3601 5288">
     <span class='ocr_line' id='line_1_110' title="bbox 2013 5215 3601 5288; baseline -0.001 -17"><span class='ocrx_word' id='word_1_762' title='bbox 2013 5215 2208 5288; x_wconf 83' lang='lat' dir='ltr'><strong>Syrius</strong></span> <span class='ocrx_word' id='word_1_763' title='bbox 2239 5216 2697 5287; x_wconf 86' lang='lat' dir='ltr'><strong>pseudochristus</strong></span> <span class='ocrx_word' id='word_1_764' title='bbox 2727 5224 2785 5271; x_wconf 89' lang='lat' dir='ltr'><strong>et</strong></span> <span class='ocrx_word' id='word_1_765' title='bbox 2811 5216 3031 5273; x_wconf 80' lang='lat' dir='ltr'><strong>seduxit</strong></span> <span class='ocrx_word' id='word_1_766' title='bbox 3054 5215 3314 5272; x_wconf 68' lang='lat' dir='ltr'><strong>Hebraeos</strong></span> <span class='ocrx_word' id='word_1_767' title='bbox 3338 5257 3358 5284; x_wconf 89' lang='lat'><strong>,</strong></span> <span class='ocrx_word' id='word_1_768' title='bbox 3400 5215 3601 5272; x_wconf 83' lang='lat' dir='ltr'><strong>dicens</strong></span> 
     </span>
    </p>
   </div>
   <div class='ocr_carea' id='block_1_111' title="bbox 2010 5309 2403 5368">
    <p class='ocr_par' dir='ltr' id='par_1_111' title="bbox 2010 5309 2403 5368">
     <span class='ocr_line' id='line_1_111' title="bbox 2010 5309 2403 5368; baseline -0.01 0"><span class='ocrx_word' id='word_1_769' title='bbox 2010 5326 2071 5368; x_wconf 81' lang='lat' dir='ltr'><strong>se</strong></span> <span class='ocrx_word' id='word_1_770' title='bbox 2095 5309 2403 5365; x_wconf 88' lang='lat' dir='ltr'><strong>Christum.</strong></span> 
     </span>
    </p>
   </div>
   <div class='ocr_carea' id='block_1_112' title="bbox 2082 5399 3599 5473">
    <p class='ocr_par' dir='ltr' id='par_1_112' title="bbox 2082 5399 3599 5473">
     <span class='ocr_line' id='line_1_112' title="bbox 2082 5399 3599 5473; baseline -0.002 -17"><span class='ocrx_word' id='word_1_771' title='bbox 2082 5402 2243 5459; x_wconf 81' lang='lat' dir='ltr'><strong>Anno</strong></span> <span class='ocrx_word' id='word_1_772' title='bbox 2277 5402 2496 5473; x_wconf 89' lang='lat' dir='ltr'><strong>imperii</strong></span> <span class='ocrx_word' id='word_1_773' title='bbox 2525 5402 2612 5457; x_wconf 90' lang='lat' dir='ltr'><strong>sui</strong></span> <span class='ocrx_word' id='word_1_774' title='bbox 2642 5407 2801 5458; x_wconf 86' lang='lat' dir='ltr'><strong>sexto</strong></span> <span class='ocrx_word' id='word_1_775' title='bbox 2833 5400 2943 5458; x_wconf 92' lang='lat' dir='ltr'><strong>Leo</strong></span> <span class='ocrx_word' id='word_1_776' title='bbox 3004 5401 3185 5472; x_wconf 80' lang='lat' dir='ltr'><strong>coegit</strong></span> <span class='ocrx_word' id='word_1_777' title='bbox 3233 5399 3504 5457; x_wconf 64' lang='lat' dir='ltr'><strong>Hebraos</strong></span> <span class='ocrx_word' id='word_1_778' title='bbox 3537 5408 3599 5456; x_wconf 81' lang='lat' dir='ltr'><strong>et</strong></span> 
     </span>
    </p>
   </div>
   <div class='ocr_carea' id='block_1_113' title="bbox 2011 5491 3596 5564">
    <p class='ocr_par' dir='ltr' id='par_1_113' title="bbox 2011 5491 3596 5564">
     <span class='ocr_line' id='line_1_113' title="bbox 2011 5491 3596 5564; baseline -0.003 -14"><span class='ocrx_word' id='word_1_779' title='bbox 2011 5492 2299 5551; x_wconf 79' lang='lat' dir='ltr'><strong>Montanos</strong></span> <span class='ocrx_word' id='word_1_780' title='bbox 2333 5494 2622 5564; x_wconf 86' lang='lat' dir='ltr'><strong>baptizari.</strong></span> <span class='ocrx_word' id='word_1_781' title='bbox 2653 5494 2725 5549; x_wconf 76' lang='lat' dir='ltr'><strong>At</strong></span> <span class='ocrx_word' id='word_1_782' title='bbox 2758 5509 2888 5549; x_wconf 88' lang='lat' dir='ltr'><strong>vero</strong></span> <span class='ocrx_word' id='word_1_783' title='bbox 2935 5491 3110 5548; x_wconf 69' lang='grc' dir='ltr'><strong>ιιιᾱεί</strong></span> <span class='ocrx_word' id='word_1_784' title='bbox 3143 5500 3336 5548; x_wconf 87' lang='lat' dir='ltr'><strong>contra</strong></span> <span class='ocrx_word' id='word_1_785' title='bbox 3382 5507 3596 5564; x_wconf 82' lang='lat' dir='ltr'><strong>propo-</strong></span> 
     </span>
    </p>
   </div>
   <div class='ocr_carea' id='block_1_114' title="bbox 2010 5583 3598 5656">
    <p class='ocr_par' dir='ltr' id='par_1_114' title="bbox 2010 5583 3598 5656">
     <span class='ocr_line' id='line_1_114' title="bbox 2010 5583 3598 5656; baseline -0.001 -15"><span class='ocrx_word' id='word_1_786' title='bbox 2010 5584 2177 5641; x_wconf 89' lang='lat' dir='ltr'><strong>situm</strong></span> <span class='ocrx_word' id='word_1_787' title='bbox 2196 5584 2461 5656; x_wconf 82' lang='lat' dir='ltr'><strong>baptizati</strong></span> <span class='ocrx_word' id='word_1_788' title='bbox 2490 5584 2779 5640; x_wconf 89' lang='lat' dir='ltr'><strong>diluebant</strong></span> <span class='ocrx_word' id='word_1_789' title='bbox 2803 5583 3159 5654; x_wconf 86' lang='lat' dir='ltr'><strong>baptismum,</strong></span> <span class='ocrx_word' id='word_1_790' title='bbox 3207 5592 3262 5637; x_wconf 91' lang='lat' dir='ltr'><strong>et</strong></span> <span class='ocrx_word' id='word_1_791' title='bbox 3294 5586 3598 5639; x_wconf 85' lang='lat' dir='ltr'><strong>comeden-</strong></span> 
     </span>
    </p>
   </div>
   <div class='ocr_carea' id='block_1_115' title="bbox 2011 5666 3599 5748">
    <p class='ocr_par' dir='ltr' id='par_1_115' title="bbox 2011 5666 3599 5748">
     <span class='ocr_line' id='line_1_115' title="bbox 2011 5666 3599 5748; baseline -0.001 -17"><span class='ocrx_word' id='word_1_792' title='bbox 2011 5685 2092 5733; x_wconf 86' lang='lat' dir='ltr'><strong>tes</strong></span> <span class='ocrx_word' id='word_1_793' title='bbox 2122 5677 2299 5733; x_wconf 91' lang='lat' dir='ltr'><strong>sancti</strong></span> <span class='ocrx_word' id='word_1_794' title='bbox 2324 5677 2572 5733; x_wconf 89' lang='lat' dir='ltr'><strong>muneris</strong></span> <span class='ocrx_word' id='word_1_795' title='bbox 2594 5675 3093 5748; x_wconf 79' lang='lat' dir='ltr'><strong>participabantur,</strong></span> <span class='ocrx_word' id='word_1_796' title='bbox 3154 5683 3208 5731; x_wconf 91' lang='lat' dir='ltr'><strong>et</strong></span> <span class='ocrx_word' id='word_1_797' title='bbox 3240 5666 3599 5731; x_wconf 78' lang='lat' dir='ltr'><strong>contamina—</strong></span> 
     </span>
    </p>
   </div>
   <div class='ocr_carea' id='block_1_116' title="bbox 2010 5766 3597 5835">
    <p class='ocr_par' dir='ltr' id='par_1_116' title="bbox 2010 5766 3597 5835">
     <span class='ocr_line' id='line_1_116' title="bbox 2010 5766 3597 5835; baseline -0.003 -7"><span class='ocrx_word' id='word_1_798' title='bbox 2010 5769 2141 5828; x_wconf 86' lang='lat' dir='ltr'><strong>bant</strong></span> <span class='ocrx_word' id='word_1_799' title='bbox 2169 5767 2355 5828; x_wconf 79' lang='lat' dir='ltr'><strong>fidem.</strong></span> <span class='ocrx_word' id='word_1_800' title='bbox 2382 5767 2553 5828; x_wconf 83' lang='lat' dir='ltr'><strong>Porro</strong></span> <span class='ocrx_word' id='word_1_801' title='bbox 2586 5768 2828 5827; x_wconf 85' lang='lat' dir='ltr'><strong>Montani</strong></span> <span class='ocrx_word' id='word_1_802' title='bbox 2856 5767 3167 5828; x_wconf 88' lang='lat' dir='ltr'><strong>divinantes</strong></span> <span class='ocrx_word' id='word_1_803' title='bbox 3198 5768 3330 5835; x_wconf 89' lang='lat' dir='ltr'><strong>sibi,</strong></span> <span class='ocrx_word' id='word_1_804' title='bbox 3357 5774 3414 5825; x_wconf 84' lang='lat' dir='ltr'><strong>et</strong></span> <span class='ocrx_word' id='word_1_805' title='bbox 3454 5766 3597 5824; x_wconf 72' lang='lat' dir='ltr'><strong>dim-</strong></span> 
     </span>
    </p>
   </div>
  </div>
