3978 6212
390 345 523 413 1361

1171 345 1543 408 HISTORIA
1579 347 2157 413 ECCLESIASTICA
2192 351 2299 413 EX
2335 350 2826 415 THEOPHANE.

3504 351 3646 418 136!

367 457 600 537 nientes
636 452 806 522 diem,
835 454 1030 511 domos
1057 452 1386 512 introierunt
1411 458 1587 514 errori
1615 473 1720 514 suo
1745 458 1975 531 deputa-
2002 462 2050 522 Α
2078 466 2249 517 aestus
2277 460 2563 529 incendio,
2589 470 2738 518 totus
2769 461 2960 518 fumus
2990 459 3186 533 lgneus
3214 465 3652 523 monstrabatur;

386 560 493 618 tas,
526 558 581 606 et
609 546 977 604 incenderunt
1005 556 1178 604 semet
1207 547 1377 616 ipsos.

454 644 618 698 Anno
666 640 880 711 imperii
926 638 1131 698 Leonis
1182 641 1417 712 septimo
1442 640 1670 698 Iudaeus
1711 640 1961 712 quidam,

383 734 657 791 oriundus
691 748 757 789 es
791 732 1064 789 Laodicea
1115 733 1405 791 maritima;
1434 732 1756 800 Phoenicia,
1797 734 1966 789 male-

384 828 547 893 ﬁcus,
600 825 830 882 veniens
869 823 939 881 ad
975 822 1135 878 Hizid
1181 825 1515 893 repromittit
1558 841 1683 881 eum
1728 823 1968 897 quadra-

366 922 537 992 ,giuta
587 918 751 973 annis
804 922 1151 973 retenturum
1188 916 1431 971 Arabum
1476 916 1870 988 principatum,
1917 917 1965 973 si

386 1010 755 1073 venerabiles,
777 1024 902 1081 qua:
943 1010 998 1064 in
1028 1009 1281 1066 ecclesiis
1301 1008 1746 1064 Christianorum
1773 1010 1826 1064 in
1852 1017 1967 1065 toto

384 1104 700 1176 principatu
732 1118 835 1160 suo
866 1102 1136 1171 imagines
1168 1101 1610 1165 honorabantur,
1641 1102 1965 1171 deponeret.

386 1195 528 1252 lluic
564 1196 748 1264 itaque
783 1192 1021 1249 stolidus
1057 1190 1291 1270 credens
1319 1188 1478 1245 llizid
1528 1189 1769 1245 edictum
1800 1192 1970 1261 geneé

385 1284 504 1337 rale
555 1291 747 1337 contra
798 1287 1025 1336 sanctas
1080 1278 1351 1350 imagines
1401 1279 1791 1350 promulgavit.
1857 1277 1965 1334 Sed

384 1375 562 1447 gratia
598 1373 816 1430 Domini
853 1372 1031 1429 nostri
1072 1370 1204 1428 Jesu
1240 1371 1471 1438 Christi,
1518 1380 1574 1428 et
1604 1372 1966 1429 intercessio-

385 1469 553 1523 nibus
592 1466 923 1534 incorrupta:
948 1463 1143 1519 Matris
1174 1464 1296 1534 ejus
1332 1464 1697 1534 omniumque
1743 1472 1967 1521 sancto-

386 1574 534 1622 rum.
583 1556 777 1613 eodem
838 1570 984 1612 anno
1035 1564 1287 1612 mortuus
1335 1567 1423 1612 est
1479 1554 1657 1621 Hizid,
1714 1556 1966 1627 pluribus

384 1653 569 1708 adhuc
618 1666 720 1706 nec
781 1649 978 1705 audire
1027 1649 1341 1707 valentibus
1399 1650 1721 1706 Satanicum
1786 1650 1965 1722 ipsius

382 1744 647 1800 edictum.
681 1740 942 1812 Percepta
974 1756 1106 1797 vero
1152 1755 1341 1795 amara
1384 1745 1487 1796 lsta
1528 1747 1586 1797 et
1628 1739 1824 1797 illicita
1869 1756 1967 1795 ne-

383 1850 555 1905 quam
614 1834 869 1890 doctrina
924 1832 1034 1888 Leo
1090 1832 1394 1904 imperator
1440 1833 1735 1889 multorum
1802 1834 1964 1888 nobis

382 1945 551 1987 causa
593 1929 859 1983 malorum
892 1928 1121 1985 elfectus
1151 1933 1260 1983 est.
1292 1926 1463 1982 Porro
1488 1940 1615 1983 cum
1659 1926 1963 1991 invenisset

385 2020 917 2093 ludisciplinationis
969 2020 1134 2090 hujus
1185 2026 1620 2077 consentaneum
1669 2020 1961 2091 quemdam

390 2116 533 2172 Bisir
579 2114 827 2179 nomine,
880 2113 975 2183 qui
1026 2121 1193 2168 natus
1234 2111 1456 2183 quidem
1508 2128 1576 2169 ex
1621 2112 1961 2170 Christianis

387 2210 591 2274 fuerat,
620 2208 717 2265 sed
755 2205 1008 2276 captivus
1040 2205 1115 2281 inp
1138 2204 1355 2276 Syriam
1396 2204 1596 2262 ductus
1627 2204 1818 2276 refuga
1848 2205 1959 2276 (77)

384 2303 535 2372 ﬁdei,
570 2318 692 2374 quae
719 2309 806 2359 est
838 2301 894 2356 in
925 2299 1230 2371 Christum,
1263 2309 1514 2370 repertus
1545 2308 1650 2364 est,
1684 2301 1959 2356 Arabum-

383 2410 495 2466 que
534 2394 793 2465 dogmata
838 2392 1046 2449 sectari
1084 2393 1360 2463 apparuit.
1396 2393 1538 2449 Ante
1576 2400 1791 2464 tempus
1834 2409 1965 2451 vero

386 2501 496 2542 non
537 2484 768 2540 multum
817 2484 887 2539 ab
941 2484 1161 2539 illorum
1216 2485 1485 2540 servitute
1529 2485 1669 2540 liber
1713 2485 1961 2551 effectus,

385 2594 513 2635 cum
562 2579 804 2635 venisset
851 2577 922 2632 ad
969 2592 1086 2631 rem
1127 2577 1404 2645 publicam
1455 2577 1853 2643 Romanorum,
1892 2579 1966 2634 ob

386 2674 557 2727 robur
587 2671 842 2743 corporis
886 2678 943 2727 et
974 2684 1306 2727 consensum
1339 2685 1522 2740 pravae
1554 2671 1836 2741 opinionis
1862 2671 1966 2728 bo-

385 2772 619 2821 noratus
659 2771 747 2821 est
778 2763 848 2819 ab
893 2758 1090 2818 eodem
1142 2761 1362 2829 Leone;
1400 2761 1496 2832 qui
1543 2770 1598 2818 et
1647 2764 1965 2834 imperatori

390 2856 579 2911 fautor
635 2856 691 2911 in
737 2870 940 2927 magno
990 2854 1306 2923 huiusmodi
1359 2854 1579 2924 piaculo
1621 2853 1802 2911 factus
1855 2864 1963 2913 est.

387 2946 780 3004 Concordabat
822 2955 1005 3003 autem
1038 2946 1089 3002 ei
1138 2955 1193 3002 et
1235 2946 1533 3016 episcopus
1578 2944 1838 3013 Nacolize,
1870 2950 1964 3018 qui

389 3039 888 3111 indisciplinationi
931 3039 1056 3109 ejus
1107 3056 1330 3111 operam
1364 3040 1506 3099 dans
1533 3042 1809 3097 consimili
1851 3044 1965 3097 vita

288 3134 291 3135 ⁷
384 3134 611 3189 vivebat
632 3148 755 3189 cum
778 3134 920 3204 ipso.

457 3224 646 3281 Mundi
663 3241 809 3282 anno
825 3224 985 3305 θᾳιθ,
1003 3225 1199 3283 divina:
1224 3225 1626 3282 incarnationis
1646 3241 1795 3283 anno
1838 3228 1963 3293 716,

386 3334 534 3374 anno
586 3333 721 3374 vero
775 3319 993 3390 imperii
1046 3318 1248 3375 Leonis
1309 3326 1506 3375 octavo
1572 3328 1824 3375 mortuus
1880 3328 1969 3375 est

388 3411 548 3468 Hizid
587 3410 823 3465 Arabum
861 3410 997 3477 dux,
1034 3410 1126 3465 cui
1161 3410 1413 3466 succedit
1456 3408 1626 3466 Nisan
1660 3409 1827 3480 hujus
1857 3408 1970 3465 ira:

388 3510 495 3565 ter,
543 3508 599 3556 et
642 3500 810 3572 cmpit
851 3499 1130 3555 aediﬁcare
1170 3514 1266 3569 per
1308 3498 1564 3556 civitates
1605 3506 1662 3556 et
1713 3501 1968 3571 regiones

387 3592 614 3662 palatia,
655 3600 711 3647 et
766 3593 994 3647 novales
1050 3590 1233 3648 facere
1261 3599 1315 3645 et
1338 3592 1653 3662 paradisos,
1703 3600 1758 3647 et
1790 3607 1966 3662 aquas

389 3685 674 3740 reducere.
722 3683 890 3750 Movit
933 3683 1100 3739 etiam
1151 3682 1324 3738 aciem
1370 3691 1565 3738 contra
1614 3683 1966 3749 Romaniam,

387 3777 689 3846 multisque
734 3792 947 3843 eorum,
998 3777 1095 3848 qui
1148 3790 1341 3833 secum
1374 3785 1556 3842 erant,
1597 3776 1821 3833 amissis
1879 3793 1969 3832 re-

386 3883 585 3924 versus
611 3880 715 3925 Cll.

463 3962 619 4017 Anno
652 3961 867 4032 imperii
907 3958 1113 4018 Leonis
1155 3974 1305 4016 nono
1332 3959 1640 4029 Gregorius
1678 3975 1815 4031 papa
1852 3960 1968 4016 Ro-

386 4066 567 4107 manae
601 4060 797 4122 przeest
838 4050 1117 4107 Ecclesiae.
1150 4050 1272 4118 Quo
1312 4049 1576 4106 videlicet
1619 4064 1768 4104 anno
1801 4051 1968 4121 coepit

384 4145 588 4214 impius
630 4145 935 4215 imperator
966 4143 1078 4201 Leo
1110 4144 1476 4215 depositionis
1503 4152 1694 4200 contra
1741 4153 1969 4201 sanctas

388 4240 444 4291 et
483 4232 825 4289 universales
859 4232 1129 4303 imagines
1156 4231 1339 4288 facere
1365 4232 1619 4288 verbum.
1647 4232 1808 4299 Quod
1840 4246 1969 4287 cum

382 4327 679 4385 didicisset
733 4326 1035 4398 Gregorius
1087 4341 1225 4397 papa
1278 4325 1564 4383 Romanus
1615 4328 1821 4384 tributa
1858 4327 1969 4383 Ro-

383 4432 566 4473 mane
608 4417 758 4473 urbis
792 4416 1077 4487 prohibuit
1110 4424 1167 4472 et
1209 4416 1398 4483 Italiae,
1432 4416 1688 4474 scribens
1726 4419 1793 4472 ad
1827 4416 1968 4475 Leo-

2068 552 2247 612 Porro
2302 555 2674 611 crassitudine
2726 562 2956 610 terrenae
3010 556 3339 611 substantia:
3402 559 3651 627 petrinas

2066 653 2315 723 pumices
2350 652 2590 724 grandes
2632 660 2693 705 ut
2723 651 2981 707 cumules
3028 651 3297 720 quosdam
3339 654 3653 711 transmisit

2067 758 2167 815 per
2190 752 2362 799 totam
2394 743 2663 798 minorem
2693 743 2881 798 Asiam
2921 751 2977 798 et
3012 742 3277 807 Lesbum,
3317 744 3567 815 Abydum
3599 754 3655 800 et

2070 835 2348 891 maritima
2382 833 2736 897 Macedonia,
2773 834 2851 889 ita
2883 842 2943 888 ut
2980 841 3095 889 tota
3124 834 3449 904 superﬁcies
3483 838 3653 892 maris

2068 927 2236 997 hujus
2264 926 2583 997 pumicibus
2610 927 3106 997 supernatantibus
3135 936 3284 983 esset
3318 930 3550 999 repleta.
3583 929 3641 983 In

2070 1021 2251 1076 medio
2284 1027 2470 1074 autem
2506 1020 2643 1074 tanti
2674 1021 2818 1091 ignis
2853 1021 3030 1076 insula
3080 1036 3148 1077 ex
3198 1030 3361 1076 terra:
3396 1023 3655 1094 congerie

2067 1109 2210 1167 facta
2269 1111 2502 1176 insulae.
2545 1128 2669 1183 quae
2726 1127 2888 1167 sacra
2941 1112 3166 1178 dicitur,
3216 1114 3473 1184 copulata
3530 1120 3650 1176 est,

2066 1203 2312 1258 nondum
2360 1204 2516 1275 prius
2568 1204 2885 1270 exsistens,
2931 1219 3123 1261 verum
3178 1204 3325 1260 sicut
3375 1203 3653 1274 praedicta:

2067 1294 2261 1352 Therae
2280 1294 2539 1350 videlicet
2569 1302 2625 1349 et
2648 1295 2931 1351 Therasiae
2960 1295 3157 1351 insulae
3186 1294 3464 1364 quondam
3492 1295 3653 1349 ebul-

2067 1387 2292 1453 lierunt,
2357 1387 2437 1442 ita
2482 1397 2537 1442 et
2594 1386 2715 1455 ipsa
2777 1402 2951 1455 nunc,
3006 1371 3354 1457 temporibus
3400 1386 3653 1443 videlicet

2066 1479 2480 1550 impugnatoris
2528 1477 2626 1535 Dei
2658 1478 2884 1545 Leonis,
2921 1480 3016 1550 qui
3052 1478 3296 1534 divinam
3349 1478 3487 1533 iram
3527 1493 3653 1533 cou-

2066 1581 2153 1630 tra
2201 1588 2261 1630 se
2291 1588 2394 1645 pro
2440 1587 2502 1630 se
2532 1571 2651 1629 fore
2701 1573 2985 1643 opinatus,
3033 1572 3412 1643 impudentius
3457 1580 3652 1628 contra

2066 1674 2290 1722 sanctas
2312 1673 2370 1721 et
2395 1663 2745 1721 venerabiles
2774 1665 3045 1736 imagines
3077 1664 3324 1734 praelium
3364 1662 3649 1729 excitavit,

2067 1761 2331 1832 collegam
2361 1768 2418 1815 et
2467 1760 2856 1817 auxiliatorem
2900 1761 3109 1815 habens
3141 1759 3307 1815 Beser
3340 1760 3435 1815 Dei
3475 1760 3649 1816 abne-

2065 1862 2312 1925 gatorem
2340 1860 2398 1908 et
2421 1852 2906 1908 irrationabilitate
2934 1852 3040 1908 sibi
3073 1851 3410 1908 simillimum
3437 1870 3452 1906 :
3490 1851 3651 1907 ambo

2067 1944 2273 2015 quippe
2302 1944 2677 2002 ineruditione
2724 1954 2884 2002 erant
2925 1955 2982 2002 et
3022 1944 3535 2016 indisciplinatione
3563 1959 3653 1998 re-

2068 2037 2239 2103 ferti,
2296 2052 2366 2093 ex
2422 2052 2532 2108 qua
2586 2038 2761 2093 multa
2821 2037 3095 2093 malorum
3148 2050 3351 2109 genera
3397 2034 3648 2091 veniunt.

2068 2129 2267 2185 Turbae
2294 2141 2503 2198 autem,
2540 2133 2759 2200 qum'in
2802 2131 2952 2201 regia
3000 2130 3136 2185 urbe
3174 2135 3330 2184 erant
3361 2129 3515 2183 valde
3547 2128 3651 2183 tri-

2067 2230 2182 2278 stes
2220 2237 2388 2293 super
2419 2224 2579 2278 novis
2608 2222 2880 2279 doctrinis
2904 2222 3133 2288 en‘ectae,
3162 2222 3573 2280 meditabantur
3594 2222 3652 2277 in

2066 2332 2191 2373 eum
2224 2317 2539 2383 lnsurgere,
2564 2324 2619 2371 et
2644 2315 2915 2387 quosdam
2948 2315 3132 2386 regios
3162 2314 3418 2369 homines
3438 2312 3654 2368 occide-

2064 2417 2219 2470 runt,
2248 2406 2459 2462 domini
2506 2407 2849 2477 deponentes
2882 2406 3101 2460 iconam
3153 2420 3276 2475 qua!
3308 2419 3478 2476 super
3530 2415 3651 2457 ma-

2064 2514 2227 2572 gnam
2256 2498 2488 2555 Eneam
2521 2509 2739 2569 portam
2775 2498 2957 2568 posita
3009 2498 3360 2557 cernebatur.
3408 2496 3546 2551 adeo
3592 2506 3655 2549 ut

2067 2590 2226 2645 multi
2257 2604 2448 2645 eorum
2483 2604 2587 2660 pro
2621 2590 2857 2645 veritate
2898 2589 3229 2660 punirentur
3274 2588 3650 2643 membrorum

2067 2684 2584 2741 detruncationibus
2613 2684 2911 2754 ﬂagrisque
2939 2690 2995 2738 et
3020 2681 3237 2738 exsiliis
3256 2679 3654 2750 rerumqueja-

2067 2778 2267 2842 cturis,
2285 2777 2634 2849 maximeque
2662 2777 2738 2832 illi
2772 2776 2865 2847 qui
2898 2776 3188 2832 nobilitate
3225 2789 3289 2829 ac
3314 2773 3481 2828 verbo
3512 2771 3654 2828 clari

2067 2882 2191 2923 esse
2217 2866 2568 2932 videbantur,
2600 2866 2673 2920 ita
2707 2874 2767 2921 ut
2808 2874 2881 2920 'et
2923 2863 3298 2920 erutlitionum
3341 2861 3565 2917 scholas
3598 2866 3655 2916 et

2067 2959 2211 3029 piam
2263 2960 2632 3014 eruditionem
2692 2972 2722 3011 a
2776 2964 2984 3012 sanctze
3041 2954 3327 3011 memoriae
3376 2953 3656 3008 Constan-

2068 3049 2189 3101 tino
2220 3061 2419 3117 magno
2445 3047 2736 3116 hucusque
2757 3054 3033 3101 servatam
3066 3044 3459 3115 exstingueret.
3479 3040 3655 3110 Cujus

2069 3137 2324 3193 videlicet
2352 3152 2475 3193 cum
2508 3135 2635 3192 aliis
2663 3149 2887 3206 quoque
2916 3135 3104 3191 multis
3130 3135 3292 3191 bonis
3338 3135 3655 3189 destructor

2070 3228 2181 3285 Leo
2212 3230 2390 3286 factus
2417 3238 2520 3297 est,
2546 3229 2689 3300 ejus,
2710 3228 2871 3299 cujus
2899 3236 2953 3284 et
2976 3226 3259 3295 Saraceni,
3288 3242 3487 3284 sensus
3508 3226 3657 3281 exsi-

2070 3331 2245 3378 stens.
2275 3321 2333 3379 In
2366 3322 2454 3378 his
2487 3335 2620 3393 ergo
2655 3322 2776 3377 zelo
2835 3321 3027 3377 divino
3060 3320 3195 3375 moti
3246 3319 3656 3376 tumultuantur

2068 3421 2261 3470 contra
2289 3429 2415 3469 eum
2450 3429 2647 3483 magna
2678 3414 3075 3483 congressione
3100 3412 3314 3468 navalis
3370 3410 3655 3467 exercitus

2068 3505 2419 3570 concinnata,
2454 3512 2566 3559 tam
2590 3503 2855 3559 Helladici
2906 3519 3072 3575 quam
3103 3503 3159 3559 hi
3207 3502 3302 3574 qui
3353 3501 3655 3574 Cycladum

2070 3596 2290 3651 fuerant
2357 3596 2690 3651 insularum.
2737 3595 3058 3664 Agallianus
3088 3602 3273 3650 autem
3327 3594 3654 3649 turmarcha

2070 3687 2478 3742 ilelladicorum
2508 3695 2625 3741 erat
2647 3685 2858 3740 militia:
2882 3686 3019 3750 dux,
3042 3685 3211 3740 simul
3234 3692 3289 3739 et
3314 3684 3654 3755 Stephanus.

2067 3778 2160 3845 qui
2193 3786 2250 3832 et
2290 3777 2454 3848 regiae
2499 3775 2949 3849 approximantes
3008 3775 3132 3829 urbi
3185 3775 3403 3831 decimo
3455 3784 3657 3845 quarto

2067 3870 2340 3925 Kalendas
2402 3868 2582 3924 Maias
2645 3868 2873 3924 decimae
2953 3856 3271 3922 indictionis
3327 3874 3659 3936 superantur

2068 3961 2351 4031 congressi
2375 3974 2501 4015 eum
2531 3959 2837 4033 Byzantiis.
2865 3958 2971 4015 sibi
2996 3956 3257 4014 conlecto
3280 3957 3404 4029 igne
3423 3957 3658 4013 navibus

2071 4053 2463 4109 concrematis.
2499 4052 2565 4107 Et
2595 4051 2689 4107 alii
2720 4050 2945 4122 quidem
2992 4050 3189 4105 horum
3230 4049 3656 4120 demerguntur,

2069 4145 2211 4200 inter
2228 4159 2370 4216 quos
2405 4153 2459 4199 et
2486 4142 2802 4215 Agallianus
2842 4151 3092 4197 armatus
3149 4156 3210 4197 se
3241 4141 3424 4211 ipsum
3458 4141 3681 4211 ιπειεεὶοι

2068 4237 2261 4307 pilavit
2298 4257 2312 4293 :
2346 4252 2516 4308 porro
2547 4236 2940 4307 superstitibus
2974 4235 3043 4291 ad
3084 4234 3474 4304 imperatorem
3522 4246 3661 4287 con-

2068 4324 2365 4383 ﬂuentibus
2393 4326 2628 4383 Cosmas
2652 4334 2707 4382 et
2736 4324 3054 4398 Stephanus
3090 4324 3357 4380 abscissis
3388 4322 3665 4392 capitibus

2069 4417 2399 4490 puniuntur.
2435 4415 2649 4473 Crescit
2687 4416 2876 4486 itaque
2928 4413 3140 4469 malitia
3193 4413 3399 4481 impius
3457 4409 3572 4463 Leo
3604 4415 3667 4462 et

384 4526 514 4567 nem
542 4510 833 4581 epistolam
861 4509 1249 4579 dogmaticam,
1287 4525 1399 4566 non
1428 4519 1686 4582 oportere
1727 4510 1965 4578 impera-
1996 4506 2040 4563 D
2064 4508 2424 4565 consentanei
2455 4507 2622 4578 hujus
2655 4516 2852 4563 contra
2886 4504 3142 4575 pietatem
3167 4500 3513 4559 extendendo
3534 4514 3662 4569 per-

382 4613 561 4660 toretn
617 4602 683 4659 de
731 4602 837 4658 iide
874 4601 1062 4658 facere
1106 4602 1336 4657 verbum
1376 4610 1432 4657 et
1472 4601 1718 4659 novitate
1763 4601 1972 4660 violare

384 4697 613 4767 antiqua
641 4696 894 4766 dogmata
922 4695 1182 4752 Ecclesia:
1208 4694 1518 4764 catholicae,
1551 4711 1673 4769 qua
1696 4711 1727 4750 a
1760 4696 1971 4756 sanctis

384 4788 643 4846 Patribus
673 4798 758 4843 est
785 4788 1099 4859 praedicata.

457 4878 620 4934 Anno
659 4877 876 4950 imperii
925 4876 1128 4934 Leonis
1172 4877 1394 4934 decimo
1442 4877 1613 4932 movit
1663 4878 1970 4934 exercitum

383 4972 691 5029 Masalmas
720 4981 916 5027 contra
953 4969 1265 5027 Caesaream
1315 4970 1703 5042 Cappadociae,
1738 4976 1793 5026 et
1822 4969 1971 5040 cepit

383 5082 531 5122 eam.
564 5064 814 5121 Mauhias
840 5080 972 5121 vero
1004 5062 1149 5119 ﬁlius
1183 5062 1392 5119 ﬂisami
1426 5063 1600 5119 aciem
1632 5063 1803 5119 movit
1829 5079 1970 5119 con-

386 5170 473 5216 tra
526 5158 891 5221 Romaniam,
945 5166 1001 5214 et
1047 5172 1174 5212 cum
1221 5156 1665 5219 deambulasset,
1714 5171 1970 5212 reversus

384 5261 495 5309 est.
543 5252 605 5307 ln
656 5251 778 5321 ipso
827 5265 976 5307 anno
1020 5249 1210 5305 aestivo
1254 5257 1503 5318 tempore
1550 5261 1744 5317 vapor,
1796 5255 1858 5301 ut
1901 5262 1967 5303 ex

386 5341 612 5397 camino
657 5343 824 5414 ignis,
873 5342 1031 5398 visus
1078 5348 1165 5396 est
1205 5338 1445 5395 ebullire
1482 5338 1627 5394 inter
1671 5336 1883 5394 Theras
1915 5344 1973 5393 et

388 5432 689 5491 'l‘herasias
725 5435 939 5493 insulas
985 5450 1052 5491 ex
1092 5432 1371 5504 profundo
1417 5430 1591 5486 maris
1625 5445 1723 5499 per
1761 5429 1973 5499 aliquot

388 5523 535 5581 dies.
581 5524 702 5591 Quo
748 5526 1012 5597 paulatim
1065 5526 1379 5581 incrassato
1423 5531 1478 5579 et
1532 5520 1764 5577 dilatato
1809 5519 1968 5591 igniti

2070 4602 2436 4677 secutionem.
2462 4598 2565 4656 Per
2587 4599 2837 4655 astivum
2855 4612 2987 4652 vero
3008 4595 3303 4652 solstitium
3327 4592 3495 4661 hujus
3512 4590 3661 4647 deci—

2071 4709 2174 4749 mae
2204 4692 2546 4756 indictionis,
2582 4699 2713 4762 post
2759 4704 2997 4759 nequam
3029 4688 3099 4743 de
3128 4684 3535 4742 contribulibus
3561 4697 3661 4738 ac-

2070 4795 2287 4856 ceptam
2320 4783 2640 4847 victoriam,
2684 4790 2877 4837 contra
2938 4776 3360 4850 Bithynensium
3418 4773 3656 4830 Nicaeam

2072 4877 2321 4951 praelium
2341 4881 2677 4931 construunt
2690 4871 3097 4928 Saracenorum
3114 4868 3319 4925 amerei
3340 4867 3472 4934 duo,
3494 4866 3663 4920 Amer

2073 4971 2285 5027 scilicet
2309 4969 2365 5024 in
2389 4967 2635 5023 millibus
2655 4964 2970 5037 quindecim
3004 4960 3388 5032 expeditorum
3419 4972 3663 5031 praecur‘

2072 5077 2204 5118 rens
2244 5066 2300 5115 et
2340 5061 2668 5129 imparatam
2694 5053 3045 5112 circumdans
3074 5052 3373 5113 civitatem.
3422 5056 3477 5103 et
3514 5045 3665 5098 ﬂaua

2077 5154 2202 5210 hias
2234 5151 2581 5221 subsequens
2613 5148 2664 5202 in
2700 5146 2821 5202 aliis
2862 5144 3186 5215 octuaginta
3216 5141 3459 5211 quinque
3492 5136 3662 5191 millia

2072 5242 2213 5309 bus;
2245 5256 2370 5314 quze
2399 5249 2527 5312 post
2556 5239 2780 5294 multum
2805 5236 3173 5301 obsidionem,
3199 5226 3659 5301 etparticularem

2075 5352 2366 5393 murorum
2395 5333 2743 5392 eversionem
2775 5332 2919 5385 banc
2982 5326 3205 5399 quidem
3243 5339 3353 5379 non
3401 5320 3663 5377 obtinue-

2072 5438 2225 5497 runt,
2265 5430 2405 5484 bene
2427 5426 2668 5498 acceptis
2696 5432 3013 5481 sanctorum
3044 5419 3269 5473 Patrum
3300 5413 3559 5487 precibus
3590 5413 3661 5468 ad

2072 5523 2246 5581 Deum
2276 5521 2521 5589 directis,
2546 5528 2601 5576 et
2628 5514 3067 5576 sanctiﬁcatione
3098 5511 3332 5567 faciente
3366 5506 3658 5564 venerabi-

1899 5633 2138 5693 NOTAE.

466 5731 580 5802 (77)
634 5729 869 5802 Refugn.
938 5731 1329 5789 Glossarium:
1372 5727 1689 5797 ἀποστάτης
1751 5726 1969 5802 refuga.

393 5798 741 5861 Glussarium
784 5798 1040 5860 'Dosithci
1100 5803 1345 5875 magistri
1385 5817 1397 5855 :
1436 5809 1682 5872 apoStata
1744 5798 1957 5868 refuga.

2080 5686 2425 5782 Elodoardus
2450 5686 2595 5789 5,18
2620 5738 2633 5775 :
2667 5740 2687 5774 t
2721 5736 2820 5792 pro
2850 5719 3085 5792 quodam
3108 5717 3318 5790 refuga,
3340 5714 3433 5792 qui
3458 5728 3655 5785 quam-

2069 5798 2199 5857 dam
2229 5794 2703 5856 sanctimonialem
2724 5790 2848 5850 ‘sibi
2869 5790 3259 5863 copulaverat.
3291 5805 3312 5841 ι
3344 5790 3510 5875 ΐΑβι.
