3978 6212
377 342 517 411 1363

1483 344 1629 405 ANA
1639 345 1884 407 STASII
1912 342 2550 408 BIBLIOTHECARII

3505 344 3624 411 1864

370 453 438 506 lis
472 452 681 523 templi,
716 453 808 507 ubi
869 452 922 505 in
958 452 1205 507 colendis
1242 453 1361 509 suis
1394 454 1809 511 characteribus
1842 457 1951 510 eri-
1982 464 2026 519 Α
2059 474 2420 528 summusque
2476 458 2736 514 sacerdos
2779 457 2917 513 dixit
2952 458 3018 513 ad
3052 473 3175 514 eum
3207 475 3223 512 :
3258 456 3624 526 Depositionem

375 553 605 615 guntur,
638 552 689 598 et
724 558 897 613 usque
927 558 1071 597 nunc
1098 544 1167 599 ab
1218 544 1304 599 his
1340 546 1433 615 qui
1461 547 1543 601 eis
1574 547 1786 604 similes
1828 558 1961 603 sunt

379 639 749 693 honoramur.
781 635 1053 691 Praeterea
1075 636 1480 694 Constantinus
1503 639 1731 709 quidam
1757 646 1962 695 strator

374 725 666 784 Artabasdi
699 726 896 783 videns
931 726 1222 797 imaginem
1249 727 1342 782 Dei
1372 728 1670 785 Genitricis
1693 739 1958 799 stantem,

374 820 779 891 apprehensum
814 819 1049 890 lapidem
1084 820 1377 876 adversum
1418 837 1538 877 eam
1596 824 1856 894 projecit,
1906 833 1963 879 et

374 913 655 978 contrivit,
687 921 739 966 et
773 927 897 967 cum
961 912 1256 968 cecidisset
1281 912 1514 968 calcavit
1545 930 1559 977 ;
1629 924 1683 969 et
1726 914 1873 970 videt
1908 916 1961 969 in

371 1005 586 1061 somnis
616 1011 888 1059 astantem
928 1004 1032 1059 sibi
1060 1003 1373 1071 Dominam,
1398 1013 1454 1060 et
1484 1006 1755 1062 dicentem
1801 1028 1814 1063 :
1847 1008 1963 1063 No-

375 1100 446 1153 sti
473 1114 635 1167 quam
677 1106 880 1151 sontem
919 1096 973 1149 in
998 1112 1078 1150 me
1097 1112 1314 1151 causam
1340 1098 1502 1167 fueris
1527 1109 1779 1167 operatus
1807 1116 1963 1156 :eere

373 1203 562 1248 contra
616 1204 772 1261 caput
826 1203 975 1246 tuum
1034 1192 1131 1244 hoc
1173 1193 1365 1261 fecisti.
1408 1194 1635 1250 Postera
1708 1212 1839 1251 vero
1877 1196 1964 1252 die

376 1301 501 1361 cum
539 1284 800 1340 Saraceni
844 1284 1110 1341 adversus
1141 1301 1360 1340 murum
1414 1288 1787 1344 incursionem
1818 1288 1963 1345 face~

376 1386 501 1433 rent
551 1386 607 1434 et
643 1385 900 1449 ageretur
942 1379 1166 1443 bellum,
1232 1395 1463 1435 currens
1500 1379 1571 1434 ad
1627 1396 1844 1436 murum
1905 1390 1964 1436 ut

378 1468 542 1527 fortis
578 1469 735 1525 miles
767 1470 956 1525 infelix
982 1470 1073 1527 ille
1100 1471 1323 1539 ejicitur
1362 1486 1391 1525 a
1417 1472 1599 1542 lapide
1630 1473 1963 1528 transmisso

376 1577 443 1619 ex
485 1577 778 1631 mangano,
820 1571 876 1617 et
899 1564 1199 1617 contritum
1231 1573 1320 1619 est
1349 1573 1513 1634 caput
1546 1564 1667 1635 ejus
1697 1574 1751 1620 et
1773 1565 1961 1629 facies,

380 1656 601 1726 dignam
632 1655 929 1725 impietatis
984 1670 1099 1711 sua:
1136 1656 1559 1711 retributionem
1615 1657 1962 1727 percipiens;

378 1748 672 1817 praedaque
691 1746 865 1800 multa
883 1755 939 1801 et
958 1748 1172 1803 exuviis
1195 1746 1460 1804 Saraceni
1483 1749 1736 1805 collectis
1752 1751 1963 1805 reversi

2064 562 2374 607 sanctarum
2394 554 2686 623 imaginum
2709 553 3010 607 audivimus
3040 552 3247 624 quidem
3271 552 3529 621 futuram,
3552 561 3625 611 sed

2063 662 2169 701 non
2210 653 2450 716 tempore
2500 645 2711 714 imperii
2743 645 2842 699 tui.
2881 643 3017 700 Cum
3055 654 3242 700 autem
3309 644 3403 700 ille
3433 657 3627 716 cogeret

2064 751 2189 793 eum
2231 738 2414 792 dicere
2460 737 2563 791 sub
2613 736 2773 806 cujus
2810 736 3063 806 imperio,
3098 736 3174 789 ait
3231 736 3339 791 sub
3377 736 3621 794 Cononis.

2064 833 2132 885 At
2167 829 2301 885 ille:
2340 829 2432 895 Re,
2484 831 2689 900 inquit,
2719 845 2843 884 vera
2878 845 2944 883 ex
2984 829 3249 898 baptismo
3301 828 3451 885 Cano
3515 833 3628 886 mihi

2065 939 2254 977 nomen
2280 930 2377 977 est.
2406 925 2475 977 At
2496 922 2587 976 ille
2604 920 2741 975 dixit
2786 936 2801 975 :
2844 920 3019 983 Absit,
3063 920 3294 985 domine,
3332 933 3394 977 ut
3421 938 3508 992 per
3544 924 3628 978 im-

2062 1013 2267 1080 perium
2325 1018 2469 1064 tuum
2514 1010 2719 1063 malum
2749 1009 2895 1064 istud
2946 1009 3256 1079 perﬁciatur
3284 1027 3304 1065 :
3336 1012 3627 1070 Antichristi

2062 1104 2203 1156 enim
2243 1117 2545 1172 prterursor
2568 1110 2666 1168 est,
2694 1101 2788 1172 qui
2819 1100 2915 1154 hoc
2950 1099 3341 1170 adimpleturus
3375 1112 3467 1165 est.
3486 1113 3532 1157 et
3554 1106 3627 1158 in-

2066 1207 2308 1251 curuata:
2357 1194 2551 1249 dicina:
2582 1193 3006 1263 dispensationis
3043 1208 3275 1248 eversor.
3323 1191 3383 1249 in
3412 1195 3488 1251 his
3508 1212 3625 1267 ergo

2067 1302 2247 1346 servus
2309 1296 2580 1361 tyrannus
2638 1286 2923 1342 insaniens
2964 1286 3127 1340 beato
3161 1284 3424 1341 Germano
3460 1289 3620 1342 minas

2064 1381 2441 1452 prattendehat
2466 1380 2643 1455 instar
2682 1377 2913 1433 Herodis
2964 1378 3244 1448 quondam
3294 1380 3612 1447 precursori.

2068 1472 2387 1527 Reducebat
2423 1479 2602 1525 autem
2636 1470 2701 1524 ad
2733 1468 3054 1524 memoriam
3103 1468 3225 1536 ejus
3258 1469 3539 1538 patriarcha
3567 1478 3615 1524 et

2068 1565 2398 1635 sponsiones
2421 1564 2542 1633 ejus
2578 1571 2704 1616 ante
2733 1562 3026 1631 imperium
3060 1560 3263 1627 factas,
3300 1561 3520 1631 qualiter
3534 1562 3622 1617 sibi

2070 1658 2239 1711 Deum
2266 1655 2479 1711 dederit
2517 1652 2735 1719 vadem,
2762 1654 2816 1707 in
2848 1654 2999 1708 nullo
3026 1668 3084 1708 se
3116 1663 3515 1708 commoturum
3543 1655 3629 1708 Ec-
3677 1682 3687 1689 ο

2066 1749 2296 1803 clesiam
2328 1745 2418 1801 Dei
2476 1759 2506 1800 a
2543 1746 2660 1801 suis
2694 1744 3015 1816 apostolicis
3047 1752 3100 1799 et
3130 1743 3405 1800 divinitus
3430 1744 3629 1800 traditis

379 1846 531 1902 sunt,
554 1838 879 1894 ostendente
908 1840 1020 1893 Deo
1050 1839 1106 1892 in
1147 1839 1251 1893 hoc
1285 1840 1451 1894 etiam
1478 1840 1650 1908 impio
1681 1839 1780 1904 illi,
1816 1841 1960 1910 quod
1999 1818 2038 1871 Β
2067 1838 2296 1893 ritibus.
2332 1834 2439 1891 Sed
2473 1849 2572 1890 nec
2597 1835 2678 1889 sic
2710 1834 2977 1890 confusus
3001 1843 3088 1890 est
3115 1836 3309 1890 miser.
3342 1834 3639 1892 Observans

378 1946 488 1987 non
530 1939 753 2000 propter
783 1931 1068 2001 pietatem,
1090 1941 1149 1985 ut
1175 1931 1266 1985 ille
1290 1931 1635 1998 dilIamabat,
1661 1932 1730 1987 de
1754 1933 1965 1987 contri-

379 2021 605 2075 bulibus
632 2021 1079 2090 triumphaverit,
1101 2020 1197 2077 sed
1220 2029 1444 2091 propter
1473 2019 1723 2076 divinum
1745 2030 1798 2076 et
1826 2020 1965 2076 inef-

381 2112 546 2168 fabile
579 2112 852 2181 quoddam
889 2111 1186 2180 judicium,
1221 2111 1522 2168 retundens
1556 2127 1623 2169 ac
1676 2124 1964 2169 removens

383 2204 705 2273 huiusmodi
754 2202 1053 2259 Arabicam
1110 2203 1489 2260 fortitudinem
1556 2219 1586 2259 a
1644 2214 1965 2259 sanctorum

378 2297 606 2350 Patrum
633 2294 862 2350 civitate
910 2294 1407 2350 intercessionibus
1452 2294 1698 2358 Illorum,
1745 2303 1967 2364 propter

380 2387 838 2457 diligentissimos
876 2386 1227 2443 characteres
1254 2387 1526 2457 ipsorum,
1560 2387 1653 2457 qui
1684 2386 1967 2441 honoran-

382 2487 473 2533 tur
501 2479 559 2534 in
589 2493 674 2545 ea,
709 2478 765 2533 in
795 2478 1242 2549 redargutiouem
1266 2495 1488 2551 quoque
1518 2495 1585 2535 ac
1634 2482 1968 2552 inexpugna-

379 2569 493 2631 bile
518 2571 736 2638 tyranni
766 2571 1033 2639 judicium
1058 2580 1113 2625 et
1130 2571 1218 2641 pie
1241 2571 1521 2641 agentium
1557 2572 1963 2628 certitudinem.

381 2659 500 2717 Non
519 2661 665 2716 enim
698 2661 877 2716 solum
903 2662 1055 2717 circa
1074 2663 1470 2717 venerabilium
1496 2660 1803 2719 aﬂectivam
1831 2664 1967 2717 ima-

379 2751 567 2822 ginum
612 2749 991 2805 adorationem
1041 2750 1261 2805 errabat
1302 2751 1529 2821 impius,
1565 2752 1663 2807 sed
1703 2762 1757 2807 et
1818 2752 1965 2808 circa

381 2846 814 2900 intercessiones
835 2843 1165 2902 castissimae
1197 2844 1291 2901 Dei
1349 2844 1649 2903 Genitricis
1688 2848 1967 2903 omnium-

382 2952 491 3006 que
510 2944 856 3003 sanctorum,
886 2952 1122 3008 quorum
1145 2945 1201 2994 et
1225 2938 1491 3006 reliquias
1506 2939 1964 3004 scelestissimus,

382 3040 445 3086 ut
502 3030 753 3101 magistri
799 3029 920 3097 ejus
948 3031 1180 3095 Arabes,
1236 3032 1683 3088 abominabatur.
1741 3032 1819 3087 Ex
1863 3033 1967 3089 hoc

2069 1932 2254 1986 autem
2296 1938 2462 2001 atque
2500 1928 2832 1983 submittens
2863 1927 3133 1996 quosdam
3165 1942 3470 1994 sermones,
3498 1936 3639 1982 sata-

2070 2024 2231 2094 gebat
2264 2020 2442 2075 sicubi
2470 2020 2618 2073 hunc
2648 2018 2921 2074 inveniret
2945 2029 3137 2072 contra
3165 2018 3455 2089 imperium
3485 2032 3638 2074 suum

2072 2120 2346 2184 agentem,
2375 2116 2651 2181 quatenus
2685 2117 2746 2163 ut
2798 2108 3207 2179 conjuratorem
3237 2120 3291 2165 et
3325 2125 3431 2164 non
3484 2110 3647 2165 veluti

2068 2200 2442 2262 confessorem
2493 2219 2522 2258 a
2575 2202 2775 2259 throno
2808 2202 3132 2273 deponeret,
3193 2203 3402 2259 habens
3448 2204 3501 2258 in
3545 2204 3645 2259 hoc

2067 2298 2513 2368 comparticipem
2537 2296 2886 2351 Anastasium
2926 2294 3260 2365 discipulum
3281 2302 3336 2350 et
3356 2294 3648 2366 syucelluut

2066 2389 2207 2459 ejus,
2235 2390 2324 2442 cui
2368 2386 2668 2458 spopondit
2700 2394 2887 2457 utpote
2914 2388 3215 2457 impietatis
3246 2403 3361 2443 sua:
3416 2401 3651 2443 consen-

2068 2490 2230 2535 taneo
2262 2479 2445 2535 throni
2479 2492 2603 2534 eum
2627 2478 2937 2534 adulterum
2978 2492 3359 2536 successorem
3385 2478 3650 2534 futurum.

2067 2568 2240 2635 Quem
2260 2568 2455 2625 beatus
2473 2583 2583 2624 non
2607 2569 2869 2639 ignorans
2890 2569 2971 2624 sic
2993 2584 3246 2640 perverse
3274 2569 3654 2635 atfectantem,

2068 2663 2315 2718 imitatus
2359 2661 2530 2718 Deum
2580 2677 2769 2728 suum,
2799 2674 2864 2716 ac
2900 2662 2947 2717 si
2980 2660 3045 2715 ad
3074 2660 3235 2715 alium
3291 2660 3646 2725 lscariotem,

2068 2753 2346 2825 sapienter
2376 2761 2432 2809 et
2458 2761 2747 2809 mansuete
2778 2767 2970 2809 eorum
2994 2766 3110 2822 quae
3149 2750 3485 2822 proditionis
3515 2760 3658 2808 sunt

2073 2845 2396 2900 memoriam
2419 2846 2676 2901 iaciebat.
2703 2844 2842 2911 Quia
2861 2858 2987 2899 vero
3008 2842 3507 2899 inconvertibiliter
3526 2857 3658 2896 eum

2068 2939 2288 2995 videbat
2324 2954 2542 3002 errare,
2584 2953 2889 2995 conversus
2918 2937 2985 2992 ad
3034 2951 3157 2993 eum
3194 2937 3510 2991 calcantem
3565 2934 3661 2989 ali-

2068 3031 2290 3103 quando
2316 3032 2621 3101 posteriora
2653 3031 2809 3086 stolm
2830 3045 2967 3093 suae,
2986 3044 3115 3083 cum
3158 3028 3223 3081 ad
3251 3026 3647 3097 imperatorem

380 3122 551 3193 igitur
583 3131 830 3191 tempore
861 3122 1215 3193 impudenter
1236 3125 1398 3178 beato
1426 3122 1704 3180 Germano
1732 3126 1965 3194 patriar-
1993 3152 2037 3211 α
2072 3122 2472 3193 ingrederetur,
2520 3122 2596 3176 ait
2635 3139 2649 3176 :
2687 3122 2769 3176 Ne
2829 3122 3044 3191 festines
3081 3135 3100 3175 :
3136 3136 3262 3174 nam
3310 3135 3418 3172 non
3450 3118 3657 3187 effugiet

381 3213 502 3268 ειη
516 3212 1128 3282 Constantinopolitano
1145 3212 1467 3283 derogabat,‘
1489 3228 1758 3269 accusans
1774 3228 1966 3269 omnes

381 3312 761 3359 antecessores
786 3319 919 3358 suos
946 3304 1222 3373 principes
1259 3313 1313 3358 et
1340 3304 1626 3373 pontiﬁces
1671 3314 1836 3374 atque
1867 3320 1967 3375 po-

382 3393 544 3460 pulos
595 3392 965 3459 Christianos,
1001 3392 1161 3462 quasi
1210 3391 1515 3448 idololatrae
1566 3392 1774 3449 fuerint
1802 3410 1971 3465 super

381 3482 704 3539 adoratione
738 3494 1057 3539 sanctarum
1093 3498 1157 3538 ac
1202 3484 1606 3540 venerabilium
1651 3486 1965 3551 iconarum,

385 3589 493 3629 non
527 3575 752 3644 capiens
788 3575 957 3632 idiota
990 3575 1315 3632 infidelitate
1359 3585 1556 3647 captus
1585 3579 1654 3634 de
1684 3577 1966 3634 an‘ectuall

383 3665 702 3722 adoratione
723 3681 1063 3723 sermonem.

454 3756 641 3813 Mundi
660 3774 805 3815 anno
826 3757 989 3823 6219,
1020 3759 1218 3816 divina
1249 3759 1651 3818 incarnationis
1670 3776 1815 3817 anno
1840 3762 1967 3826 “H9,

385 3864 531 3905 anno
558 3849 917 3919 verojmperii
940 3848 1138 3906 Leonis
1159 3850 1478 3917 undecimo,
1504 3851 1805 3923 Gregorius
1826 3866 1891 3921 pa
1904 3866 1969 3920 pa

385 3940 670 4005 Romanus
727 3940 982 3996 habetur.
1015 3943 1218 3998 Eodem
1256 3958 1477 4014 quoque
1526 3958 1673 3999 anno
1719 3942 1969 4000 Mauhias

384 4042 549 4106 capto
585 4034 758 4092 Ateus
787 4042 976 4092 castro
1002 4050 1262 4092 reversus
1287 4044 1393 4092 est.

454 4127 620 4181 Anno
645 4126 861 4198 imperii
898 4126 1096 4184 Leonis
1112 4128 1442 4184 duodecimo
1466 4128 1637 4183 movit
1665 4127 1968 4185 exercitum

386 4216 533 4300 titius
568 4218 819 4289 Chagani
857 4217 1127 4289 principis
1163 4216 1450 4274 Chazariae
1509 4227 1702 4274 contra
1737 4218 1968 4274 Mediam

382 4316 438 4362 et
464 4306 807 4375 Armeniam,
836 4308 1234 4377 inventumque
1287 4308 1344 4362 in
1375 4308 1577 4364 Arabia
1622 4307 1970 4365 Gardaebum

2070 3233 2101 3270 a
2136 3224 2185 3270 te
2234 3226 2433 3285 tempus
2462 3213 2795 3285 ingrediendi
2822 3214 3064 3283 Diippin.
3096 3212 3169 3265 At
3201 3212 3295 3266 ille
3342 3222 3509 3281 super
3536 3224 3656 3263 ser-

2070 3320 2286 3362 monem
2336 3307 2594 3361 tristatus
2645 3320 2771 3359 cum
2817 3305 2943 3360 aliis
2978 3307 3088 3375 qui
3133 3304 3283 3359 hunc
3348 3301 3654 3368 audierant,

2070 3397 2400 3469 praesagium
2430 3397 2740 3467 ignorabat.
2773 3395 2930 3463 Quod
2971 3411 3097 3451 cum
3126 3396 3289 3450 tinem
3315 3403 3439 3465 post
3495 3394 3655 3463 quin-

2069 3486 2249 3542 decim
2311 3500 2487 3542 annos
2521 3486 2877 3556 percepisset,
2935 3484 3103 3540 tertio
3145 3484 3407 3541 videlicet
3450 3483 3666 3555 imperii

2071 3579 2423 3635 Constantini
2447 3579 2822 3648 persecutoris
2848 3591 3014 3643 anno,
3038 3575 3368 3632 indictionis
3395 3576 3663 3631 duodeci-

2070 3685 2193 3737 tua,
2207 3669 2465 3725 omnibus
2480 3668 2705 3725 credere
2722 3668 2999 3739 persuasit
3023 3682 3089 3723 ex
3111 3667 3298 3733 divina
3338 3669 3525 3738 gratia
3541 3666 3672 3723 fuis-

2071 3778 2131 3819 se
2175 3764 2393 3832 ingrato
2439 3762 2762 3833 prophetice
2808 3761 3039 3817 dictum.
3073 3760 3497 3817 Constantinus
3526 3761 3669 3816 enim

2072 3863 2197 3925 post
2228 3853 2417 3925 generi
2452 3853 2538 3908 sui
2590 3852 2885 3907 Artabasdi
2914 3852 3268 3907 rebellionem
3326 3867 3468 3907 cum
3502 3852 3675 3923 impe-

2071 3948 2214 4001 rium
2243 3946 2603 4010 obtinuisset,
2631 3945 2782 3999 hunc
2829 3945 3189 4000 Anastasium
3217 3959 3436 4001 cassum
3467 3953 3529 3999 et
3552 3960 3675 4000 cum

2070 4038 2193 4093 aliis
2234 4036 2476 4092 inimicis
2504 4036 2562 4091 in
2617 4035 3076 4107 Hippodromium
3129 4051 3227 4105 per
3261 4034 3561 4107 Diipplum
3597 4036 3679 4089 in-

2071 4143 2351 4200 gressum,
2385 4128 2593 4183 nudum
2627 4143 2796 4198 super
2823 4128 3043 4183 asinum
3079 4142 3243 4183 verso
3270 4129 3446 4182 vultu
3483 4127 3682 4184 seden-

2074 4233 2181 4278 tem
2222 4222 2529 4293 pompavit,
2558 4236 2623 4277 eo
2647 4222 2793 4291 quod
2822 4222 2930 4276 sibi
2962 4236 3071 4276 una
3105 4235 3233 4274 cum
3259 4220 3404 4276 aliis
3440 4220 3681 4275 inimicis

2073 4315 2215 4369 mala
2251 4314 2421 4369 fuerit
2448 4315 2787 4384 imprecatus
2838 4322 2894 4368 et
2940 4311 3315 4367 Artahasdum
3362 4327 3683 4368 coronave-

381 4399 623 4457 Arabum
651 4409 941 4471 praetorem
972 4399 1296 4463 trucidavit,
1330 4407 1385 4455 et
1406 4399 1816 4456 multitudinem
1848 4415 1971 4470 quas
2071 4407 2167 4471 rit,
2202 4408 2349 4463 sicut
2385 4406 2439 4460 in
2466 4420 2569 4461 suo
2602 4404 2937 4460 indicabitur
2964 4405 3106 4460 loco.
3140 4403 3209 4459 Et
3262 4402 3542 4473 Byzantii
3570 4403 3686 4474 qui-

383 4492 549 4547 simul
576 4506 703 4547 cum
737 4506 804 4547 eo
828 4498 969 4557 erat,
1002 4498 1058 4546 et
1088 4491 1454 4562 depOpulatns
1472 4491 1857 4549 Armeniorum
1882 4501 1971 4548 at-
1996 4522 2049 4588 Ι)
2076 4499 2200 4555 dem
2233 4509 2614 4569 propugnator
2643 4513 2744 4568 pro
2766 4497 3122 4569 dogmatibus
3140 4496 3381 4566 pietatis
3410 4513 3582 4553 sacer
3598 4496 3683 4550 hic

383 4599 490 4653 que
544 4582 830 4639 Medorum
885 4583 1140 4654 regiones
1194 4583 1380 4650 rediit,
1430 4593 1637 4641 metum
1692 4584 1969 4643 incutiens

382 4674 661 4735 Arabibus
682 4678 939 4732 multum.

418 4810 419 4813 η
452 4769 612 4827 Anno
652 4771 866 4841 imperii
890 4771 1089 4828 Leonis
1115 4771 1331 4828 decimo
1379 4770 1546 4827 tertio
1587 4778 1769 4826 castra
1800 4770 1971 4827 movit

383 4862 673 4920 Iasalmas
705 4865 973 4922 adversus
1010 4866 1241 4922 humum
1268 4864 1603 4931 Turcorum,
1649 4873 1705 4921 et
1732 4864 1966 4920 invicem

384 4956 692 5026 congressi,
724 4971 789 5011 ex
819 4966 1054 5027 utraque
1080 4966 1238 5028 parte
1261 4958 1468 5014 cadunt
1518 4958 1575 5013 in
1604 4958 1813 5028 prmlio,
1848 4972 1965 5012 me-

384 5056 554 5119 tuque
597 5049 931 5119 perterritus
990 5050 1283 5108 Masalmas
1334 5050 1555 5124 fugiens
1602 5067 1698 5122 per
1752 5057 1967 5105 montes

381 5140 669 5199 Chanria:
688 5156 945 5197 reversus
973 5150 1081 5198 est.

398 5268 401 5275 ι
456 5234 658 5293 Eodem
690 5250 826 5293 vero
858 5251 1002 5291 anno
1040 5234 1234 5291 furens
1266 5235 1378 5291 Leo
1404 5237 1703 5307 imperator
1749 5239 1974 5309 iniquus

385 5343 575 5385 contra
608 5339 813 5387 rectam
851 5329 1038 5396 ﬁdem,
1083 5328 1325 5385 adducto
1350 5329 1508 5385 beato
1532 5330 1827 5395 Germano,
1861 5347 1972 5387 ete-

388 5420 465 5489 pit
494 5438 617 5478 eum
642 5423 865 5481 blandis
893 5424 1240 5481 sermonibus
1256 5422 1503 5481 delinire.
1524 5424 1592 5478 At
1618 5440 1746 5480 vero
1768 5425 1961 5479 beatus

2075 4598 2132 4647 et
2158 4592 2413 4662 egregius
2454 4590 2699 4660 pollebat
2724 4588 3059 4654 Germanus,
3093 4602 3191 4642 ceu
3233 4596 3452 4642 contra
3488 4587 3685 4643 bestias

2075 4697 2329 4755 pugnans
2361 4682 2628 4751 adversus
2659 4680 3009 4751 feronymum
3044 4678 3160 4750 (78)
3212 4679 3377 4735 hunc
3446 4679 3689 4735 Leonem

2073 4785 2129 4833 et
2156 4776 2401 4831 fautores
2429 4779 2573 4844 ejus.
2609 4773 2670 4827 In
2723 4772 2939 4828 Seniori
2962 4785 3095 4828 vero
3120 4769 3295 4825 Roma
3350 4770 3687 4841 Gregorius

2075 4868 2489 4927 sacratissimus
2541 4867 2630 4921 vir
2672 4866 3054 4936 apostolicus,
3116 4874 3171 4920 et
3222 4862 3390 4919 Petri
3460 4862 3693 4919 verticis

2076 4960 2453 5032 apostolorum
2493 4973 2792 5015 consessor
2826 4959 3000 5013 verbo
3043 4964 3098 5012 et
3156 4962 3280 5010 actu
3338 4970 3715 5013 coruscans,

2074 5054 2166 5124 qui
2198 5052 2430 5108 removit
2475 5052 2702 5107 Romam
2743 5059 2800 5106 et
2848 5048 3081 5114 Italiam,
3115 5063 3338 5104 necnon
3380 5059 3446 5105 et
3506 5046 3692 5105 omnia

2078 5155 2193 5200 tam
2224 5146 2302 5199 rei
2333 5144 2569 5214 publium
2601 5159 2767 5215 quam
2802 5142 3069 5199 Ecclesiae
3091 5142 3216 5212 jura
3264 5140 3325 5194 in
3364 5139 3688 5213 Hesperiis,

2075 5240 2144 5293 ab
2169 5238 2483 5294 obedientia
2504 5237 2706 5293 Leonis
2736 5243 2791 5291 et
2817 5236 3032 5306 imperii
3058 5235 3300 5305 sub.ipso
3341 5231 3689 5291 constituti.

2068 5331 2240 5387 Porro
2272 5333 2326 5386 in
2382 5330 2540 5404 Syria
2573 5344 2741 5401 penes
2771 5328 3102 5385 Damascum
3141 5327 3399 5384 Joannes
3459 5329 3692 5382 Mausar

2074 5424 2371 5492 presbyter
2402 5429 2457 5477 et
2487 5421 2814 5484 monachus,
2846 5426 3212 5491 cognomento
3257 5415 3687 5490 Chrysnrroas.

1894 5556 2129 5616 ΝΟΤιίΕ.

459 5645 573 5713 (78)
619 5650 995 5722 Feronymum.
1037 5655 1225 5709 Virum
1261 5655 1504 5708 nominis
1556 5655 1661 5707 sui.
1718 5652 1966 5708 Bullinus

393 5717 665 5796 interpres
683 5717 902 5796 Eusebii
934 5725 996 5778 ll.
1026 5726 1085 5779 Ε.
1111 5726 1165 5789 6,
1191 5726 1250 5778 51
1280 5744 1293 5777 :
1328 5745 1346 5775 ι
1372 5724 1596 5796 quidam
1623 5727 1704 5796 vir
1726 5725 1966 5779 nominis

397 5785 481 5842 Sili
526 5783 816 5842 Macarius.
861 5810 877 5841 ι
908 5783 1225 5851 Anastasius
1268 5797 1329 5848 .in
1358 5783 1651 5865 llypomn.
1679 5795 1743 5851 de
1773 5797 1962 5850 Anast.

2075 5667 2297 5721 apocr.:
2326 5670 2342 5702 ε
2380 5651 2473 5720 qui
2498 5659 2556 5703 ut
2580 5665 2705 5704 vere
2729 5650 2779 5721 ip
2800 5650 3016 5704 cunctis
3034 5649 3453 5720 plieronymus,
3478 5650 3692 5720 Eupre-

2075 5702 2171 5793 {iis
2191 5702 2520 5777 imminutus
2544 5702 2659 5776 est.
2685 5702 2701 5771 ὲ
2738 5702 2908 5774 Ρηιι.
