  <div class='ocr_page' id='page_1' title='image "/cluster/home/n/w/nwhite01/storage/ocr_20150623/108/hvd.32044073502320/688.png"; bbox 0 0 3978 6212; ppageno 0'>
   <div class='ocr_carea' id='block_1_1' title="bbox 276 339 431 408">
    <p class='ocr_par' dir='ltr' id='par_1_1' title="bbox 276 339 431 408">
     <span class='ocr_line' id='line_1_1' title="bbox 276 339 431 408; baseline 0.032 -5"><span class='ocrx_word' id='word_1_1' title='bbox 276 339 431 408; x_wconf 61' lang='lat'><strong>1965</strong></span> 
     </span>
    </p>
   </div>
   <div class='ocr_carea' id='block_1_2' title="bbox 1063 341 2700 413">
    <p class='ocr_par' dir='ltr' id='par_1_2' title="bbox 1063 341 2700 413">
     <span class='ocr_line' id='line_1_2' title="bbox 1063 341 2700 413; baseline 0.002 -13"><span class='ocrx_word' id='word_1_2' title='bbox 1063 341 1430 404; x_wconf 69' lang='lat' dir='ltr'><strong>IIISTORiA</strong></span> <span class='ocrx_word' id='word_1_3' title='bbox 1469 341 1910 404; x_wconf 69' lang='lat' dir='ltr'><strong>ECCLISSlAb‘l</strong></span> <span class='ocrx_word' id='word_1_4' title='bbox 1925 347 2047 398; x_wconf 67' lang='grc' dir='ltr'><strong>ΗΑ</strong></span> <span class='ocrx_word' id='word_1_5' title='bbox 2083 346 2188 402; x_wconf 59' lang='lat' dir='ltr'><strong>ex</strong></span> <span class='ocrx_word' id='word_1_6' title='bbox 2223 346 2700 413; x_wconf 70' lang='lat' dir='ltr'><strong>&#39;l‘tiLUl’llANE.</strong></span> 
     </span>
    </p>
   </div>
   <div class='ocr_carea' id='block_1_3' title="bbox 3406 352 3542 415">
    <p class='ocr_par' dir='ltr' id='par_1_3' title="bbox 3406 352 3542 415">
     <span class='ocr_line' id='line_1_3' title="bbox 3406 352 3542 415; baseline 0.022 -3"><span class='ocrx_word' id='word_1_7' title='bbox 3406 352 3542 415; x_wconf 83' lang='lat'><strong>1366</strong></span> 
     </span>
    </p>
   </div>
   <div class='ocr_carea' id='block_1_4' title="bbox 195 449 3544 526">
    <p class='ocr_par' dir='ltr' id='par_1_4' title="bbox 195 449 3544 526">
     <span class='ocr_line' id='line_1_4' title="bbox 195 449 3544 526; baseline 0.002 -14"><span class='ocrx_word' id='word_1_8' title='bbox 195 478 202 484; x_wconf 62' lang='grc' dir='ltr'>ί</span> <span class='ocrx_word' id='word_1_9' title='bbox 269 460 476 512; x_wconf 79' lang='lat' dir='ltr'><strong>doctor</strong></span> <span class='ocrx_word' id='word_1_10' title='bbox 505 453 748 524; x_wconf 71' lang='lat' dir='ltr'><strong>optimus</strong></span> <span class='ocrx_word' id='word_1_11' title='bbox 776 451 885 508; x_wconf 86' lang='lat' dir='ltr'><strong>vita</strong></span> <span class='ocrx_word' id='word_1_12' title='bbox 909 459 966 508; x_wconf 89' lang='lat' dir='ltr'><strong>et</strong></span> <span class='ocrx_word' id='word_1_13' title='bbox 988 453 1155 512; x_wconf 83' lang='lat' dir='ltr'><strong>verbo</strong></span> <span class='ocrx_word' id='word_1_14' title='bbox 1180 452 1465 524; x_wconf 79' lang='lat' dir='ltr'><strong>praefulsit.</strong></span> <span class='ocrx_word' id='word_1_15' title='bbox 1487 451 1692 510; x_wconf 76' lang='lat' dir='ltr'><strong>Verum</strong></span> <span class='ocrx_word' id='word_1_16' title='bbox 1722 449 1863 510; x_wconf 82' lang='lat' dir='ltr'><strong>Gcr-</strong></span> <span class='ocrx_word' id='word_1_17' title='bbox 1893 450 1935 504; x_wconf 75' lang='grc' dir='ltr'><strong>Δ</strong></span> <span class='ocrx_word' id='word_1_18' title='bbox 1966 455 2140 514; x_wconf 90' lang='lat' dir='ltr'><strong>retur,</strong></span> <span class='ocrx_word' id='word_1_19' title='bbox 2195 453 2399 512; x_wconf 84' lang='lat' dir='ltr'><strong>tributa</strong></span> <span class='ocrx_word' id='word_1_20' title='bbox 2430 453 2698 524; x_wconf 32' lang='lat' dir='ltr'><strong>capitalia,</strong></span> <span class='ocrx_word' id='word_1_21' title='bbox 2749 454 2923 512; x_wconf 85' lang='lat' dir='ltr'><strong>tertiae</strong></span> <span class='ocrx_word' id='word_1_22' title='bbox 2976 458 3118 526; x_wconf 88' lang='lat' dir='ltr'><strong>parti</strong></span> <span class='ocrx_word' id='word_1_23' title='bbox 3182 458 3386 516; x_wconf 81' lang='lat' dir='ltr'><strong>Siciliae</strong></span> <span class='ocrx_word' id='word_1_24' title='bbox 3446 478 3544 520; x_wconf 84' lang='lat' dir='ltr'><strong>seu</strong></span> 
     </span>
    </p>
   </div>
   <div class='ocr_carea' id='block_1_5' title="bbox 272 542 1848 616">
    <p class='ocr_par' dir='ltr' id='par_1_5' title="bbox 272 542 1848 616">
     <span class='ocr_line' id='line_1_5' title="bbox 272 542 1848 616; baseline -0.004 -15"><span class='ocrx_word' id='word_1_25' title='bbox 272 561 501 602; x_wconf 83' lang='lat' dir='ltr'><strong>manum</strong></span> <span class='ocrx_word' id='word_1_26' title='bbox 561 553 750 614; x_wconf 87' lang='lat' dir='ltr'><strong>utpote</strong></span> <span class='ocrx_word' id='word_1_27' title='bbox 781 544 884 604; x_wconf 86' lang='lat' dir='ltr'><strong>sub</strong></span> <span class='ocrx_word' id='word_1_28' title='bbox 909 558 971 602; x_wconf 88' lang='lat' dir='ltr'><strong>se</strong></span> <span class='ocrx_word' id='word_1_29' title='bbox 997 544 1362 600; x_wconf 88' lang='lat' dir='ltr'><strong>constitutum</strong></span> <span class='ocrx_word' id='word_1_30' title='bbox 1388 559 1418 597; x_wconf 89' lang='lat' dir='ltr'><strong>a</strong></span> <span class='ocrx_word' id='word_1_31' title='bbox 1447 543 1649 616; x_wconf 85' lang='lat' dir='ltr'><strong>throno</strong></span> <span class='ocrx_word' id='word_1_32' title='bbox 1677 542 1848 615; x_wconf 78' lang='lat' dir='ltr'><strong>pellit.</strong></span> 
     </span>
    </p>
   </div>
   <div class='ocr_carea' id='block_1_6' title="bbox 269 635 1855 709">
    <p class='ocr_par' dir='ltr' id='par_1_6' title="bbox 269 635 1855 709">
     <span class='ocr_line' id='line_1_6' title="bbox 269 635 1855 709; baseline -0.003 -15"><span class='ocrx_word' id='word_1_33' title='bbox 269 639 575 709; x_wconf 76' lang='lat' dir='ltr'><strong>Gregorius</strong></span> <span class='ocrx_word' id='word_1_34' title='bbox 603 645 788 695; x_wconf 80' lang='lat' dir='ltr'><strong>autem</strong></span> <span class='ocrx_word' id='word_1_35' title='bbox 842 651 940 706; x_wconf 88' lang='lat' dir='ltr'><strong>per</strong></span> <span class='ocrx_word' id='word_1_36' title='bbox 971 635 1238 706; x_wconf 88' lang='lat' dir='ltr'><strong>epistolas</strong></span> <span class='ocrx_word' id='word_1_37' title='bbox 1269 651 1417 699; x_wconf 90' lang='lat' dir='ltr'><strong>eum,</strong></span> <span class='ocrx_word' id='word_1_38' title='bbox 1481 650 1602 706; x_wconf 74' lang='lat' dir='ltr'><strong>quae</strong></span> <span class='ocrx_word' id='word_1_39' title='bbox 1665 635 1855 690; x_wconf 86' lang='lat' dir='ltr'><strong>multis</strong></span> 
     </span>
    </p>
   </div>
   <div class='ocr_carea' id='block_1_7' title="bbox 267 723 1855 796">
    <p class='ocr_par' dir='ltr' id='par_1_7' title="bbox 267 723 1855 796">
     <span class='ocr_line' id='line_1_7' title="bbox 267 723 1855 796; baseline -0.003 -12"><span class='ocrx_word' id='word_1_40' title='bbox 267 740 404 790; x_wconf 78' lang='lat' dir='ltr'><strong>sunt</strong></span> <span class='ocrx_word' id='word_1_41' title='bbox 429 737 597 795; x_wconf 67' lang='lat' dir='ltr'><strong>notae,</strong></span> <span class='ocrx_word' id='word_1_42' title='bbox 647 726 942 784; x_wconf 72' lang='lat' dir='ltr'><strong>manifeste</strong></span> <span class='ocrx_word' id='word_1_43' title='bbox 995 725 1293 796; x_wconf 80' lang='lat' dir='ltr'><strong>redarguit.</strong></span> <span class='ocrx_word' id='word_1_44' title='bbox 1347 724 1456 781; x_wconf 90' lang='lat' dir='ltr'><strong>Sed</strong></span> <span class='ocrx_word' id='word_1_45' title='bbox 1507 732 1563 780; x_wconf 91' lang='lat' dir='ltr'><strong>et</strong></span> <span class='ocrx_word' id='word_1_46' title='bbox 1613 723 1855 780; x_wconf 78' lang='lat' dir='ltr'><strong>Joannes</strong></span> 
     </span>
    </p>
   </div>
   <div class='ocr_carea' id='block_1_8' title="bbox 269 813 1853 887">
    <p class='ocr_par' dir='ltr' id='par_1_8' title="bbox 269 813 1853 887">
     <span class='ocr_line' id='line_1_8' title="bbox 269 813 1853 887; baseline -0.008 -8"><span class='ocrx_word' id='word_1_47' title='bbox 269 825 424 879; x_wconf 85' lang='lat' dir='ltr'><strong>hunc</strong></span> <span class='ocrx_word' id='word_1_48' title='bbox 450 837 575 878; x_wconf 86' lang='lat' dir='ltr'><strong>cum</strong></span> <span class='ocrx_word' id='word_1_49' title='bbox 602 818 847 875; x_wconf 80' lang='lat' dir='ltr'><strong>Orientis</strong></span> <span class='ocrx_word' id='word_1_50' title='bbox 882 817 1162 887; x_wconf 84' lang='lat' dir='ltr'><strong>episcopis</strong></span> <span class='ocrx_word' id='word_1_51' title='bbox 1186 814 1636 872; x_wconf 85' lang='lat' dir='ltr'><strong>anathematibus</strong></span> <span class='ocrx_word' id='word_1_52' title='bbox 1663 813 1853 870; x_wconf 85' lang='lat' dir='ltr'><strong>subdi-</strong></span> 
     </span>
    </p>
   </div>
   <div class='ocr_carea' id='block_1_9' title="bbox 269 895 1856 976">
    <p class='ocr_par' dir='ltr' id='par_1_9' title="bbox 269 895 1856 976">
     <span class='ocr_line' id='line_1_9' title="bbox 269 895 1856 976; baseline -0.003 -13"><span class='ocrx_word' id='word_1_53' title='bbox 269 911 378 964; x_wconf 81' lang='lat' dir='ltr'><strong>dit.</strong></span> <span class='ocrx_word' id='word_1_54' title='bbox 409 908 584 964; x_wconf 86' lang='lat' dir='ltr'><strong>Porro</strong></span> <span class='ocrx_word' id='word_1_55' title='bbox 635 907 870 976; x_wconf 80' lang='lat' dir='ltr'><strong>septimo</strong></span> <span class='ocrx_word' id='word_1_56' title='bbox 921 895 1050 961; x_wconf 85' lang='lat' dir='ltr'><strong>ldus</strong></span> <span class='ocrx_word' id='word_1_57' title='bbox 1083 904 1374 960; x_wconf 88' lang='lat' dir='ltr'><strong>Januarias</strong></span> <span class='ocrx_word' id='word_1_58' title='bbox 1401 904 1628 960; x_wconf 74' lang='lat' dir='ltr'><strong>decima:</strong></span> <span class='ocrx_word' id='word_1_59' title='bbox 1683 903 1856 970; x_wconf 70' lang='lat' dir='ltr'><strong>tertia:</strong></span> 
     </span>
    </p>
   </div>
   <div class='ocr_carea' id='block_1_10' title="bbox 266 994 1857 1067">
    <p class='ocr_par' dir='ltr' id='par_1_10' title="bbox 266 994 1857 1067">
     <span class='ocr_line' id='line_1_10' title="bbox 266 994 1857 1067; baseline -0.006 -11"><span class='ocrx_word' id='word_1_60' title='bbox 266 999 619 1064; x_wconf 83' lang='lat' dir='ltr'><strong>indictionis,</strong></span> <span class='ocrx_word' id='word_1_61' title='bbox 643 997 805 1053; x_wconf 86' lang='lat' dir='ltr'><strong>tertia</strong></span> <span class='ocrx_word' id='word_1_62' title='bbox 843 995 1002 1063; x_wconf 78' lang='lat' dir='ltr'><strong>feria,</strong></span> <span class='ocrx_word' id='word_1_63' title='bbox 1039 996 1241 1067; x_wconf 89' lang='lat' dir='ltr'><strong>impius</strong></span> <span class='ocrx_word' id='word_1_64' title='bbox 1267 995 1379 1058; x_wconf 88' lang='lat' dir='ltr'><strong>Leo</strong></span> <span class='ocrx_word' id='word_1_65' title='bbox 1412 994 1692 1052; x_wconf 89' lang='lat' dir='ltr'><strong>silentium</strong></span> <span class='ocrx_word' id='word_1_66' title='bbox 1723 1009 1857 1048; x_wconf 83' lang='lat' dir='ltr'><strong>con-</strong></span> 
     </span>
    </p>
   </div>
   <div class='ocr_carea' id='block_1_11' title="bbox 266 1088 1846 1158">
    <p class='ocr_par' dir='ltr' id='par_1_11' title="bbox 266 1088 1846 1158">
     <span class='ocr_line' id='line_1_11' title="bbox 266 1088 1846 1158; baseline -0.004 -9"><span class='ocrx_word' id='word_1_67' title='bbox 266 1106 352 1149; x_wconf 86' lang='lat' dir='ltr'><strong>tra</strong></span> <span class='ocrx_word' id='word_1_68' title='bbox 389 1108 582 1158; x_wconf 81' lang='lat' dir='ltr'><strong>sacras</strong></span> <span class='ocrx_word' id='word_1_69' title='bbox 603 1100 665 1149; x_wconf 88' lang='lat' dir='ltr'><strong>et</strong></span> <span class='ocrx_word' id='word_1_70' title='bbox 689 1091 1032 1148; x_wconf 83' lang='lat' dir='ltr'><strong>venerabiles</strong></span> <span class='ocrx_word' id='word_1_71' title='bbox 1081 1090 1382 1148; x_wconf 84' lang='lat' dir='ltr'><strong>celebravit</strong></span> <span class='ocrx_word' id='word_1_72' title='bbox 1419 1091 1610 1147; x_wconf 89' lang='lat' dir='ltr'><strong>iconas</strong></span> <span class='ocrx_word' id='word_1_73' title='bbox 1665 1089 1722 1145; x_wconf 88' lang='lat' dir='ltr'><strong>in</strong></span> <span class='ocrx_word' id='word_1_74' title='bbox 1751 1088 1846 1143; x_wconf 87' lang='lat' dir='ltr'><strong>tri-</strong></span> 
     </span>
    </p>
   </div>
   <div class='ocr_carea' id='block_1_12' title="bbox 265 1181 1855 1251">
    <p class='ocr_par' dir='ltr' id='par_1_12' title="bbox 265 1181 1855 1251">
     <span class='ocr_line' id='line_1_12' title="bbox 265 1181 1855 1251; baseline -0.004 -7"><span class='ocrx_word' id='word_1_75' title='bbox 265 1187 499 1244; x_wconf 85' lang='lat' dir='ltr'><strong>bunalio</strong></span> <span class='ocrx_word' id='word_1_76' title='bbox 551 1186 745 1242; x_wconf 85' lang='lat' dir='ltr'><strong>decem</strong></span> <span class='ocrx_word' id='word_1_77' title='bbox 794 1195 849 1240; x_wconf 92' lang='lat' dir='ltr'><strong>et</strong></span> <span class='ocrx_word' id='word_1_78' title='bbox 904 1200 1099 1240; x_wconf 84' lang='lat' dir='ltr'><strong>novem</strong></span> <span class='ocrx_word' id='word_1_79' title='bbox 1149 1183 1530 1251; x_wconf 88' lang='lat' dir='ltr'><strong>accubituum,</strong></span> <span class='ocrx_word' id='word_1_80' title='bbox 1591 1181 1855 1238; x_wconf 85' lang='lat' dir='ltr'><strong>advocato</strong></span> 
     </span>
    </p>
   </div>
   <div class='ocr_carea' id='block_1_13' title="bbox 267 1276 1856 1349">
    <p class='ocr_par' dir='ltr' id='par_1_13' title="bbox 267 1276 1856 1349">
     <span class='ocr_line' id='line_1_13' title="bbox 267 1276 1856 1349; baseline -0.002 -12"><span class='ocrx_word' id='word_1_81' title='bbox 267 1294 492 1349; x_wconf 82' lang='lat' dir='ltr'><strong>quoque</strong></span> <span class='ocrx_word' id='word_1_82' title='bbox 523 1287 578 1335; x_wconf 88' lang='lat' dir='ltr'><strong>et</strong></span> <span class='ocrx_word' id='word_1_83' title='bbox 609 1279 968 1336; x_wconf 85' lang='lat' dir='ltr'><strong>sanctissimo</strong></span> <span class='ocrx_word' id='word_1_84' title='bbox 1000 1277 1316 1348; x_wconf 83' lang='lat' dir='ltr'><strong>patriarcha</strong></span> <span class='ocrx_word' id='word_1_85' title='bbox 1354 1276 1654 1341; x_wconf 88' lang='lat' dir='ltr'><strong>Germano,</strong></span> <span class='ocrx_word' id='word_1_86' title='bbox 1678 1280 1856 1334; x_wconf 81' lang='lat' dir='ltr'><strong>&#39;ratus</strong></span> 
     </span>
    </p>
   </div>
   <div class='ocr_carea' id='block_1_14' title="bbox 269 1369 1854 1443">
    <p class='ocr_par' dir='ltr' id='par_1_14' title="bbox 269 1369 1854 1443">
     <span class='ocr_line' id='line_1_14' title="bbox 269 1369 1854 1443; baseline -0.004 -15"><span class='ocrx_word' id='word_1_87' title='bbox 269 1388 334 1428; x_wconf 88' lang='lat' dir='ltr'><strong>se</strong></span> <span class='ocrx_word' id='word_1_88' title='bbox 360 1386 527 1443; x_wconf 81' lang='lat' dir='ltr'><strong>posse</strong></span> <span class='ocrx_word' id='word_1_89' title='bbox 557 1370 638 1426; x_wconf 88' lang='lat' dir='ltr'><strong>illi</strong></span> <span class='ocrx_word' id='word_1_90' title='bbox 681 1369 1032 1441; x_wconf 84' lang='lat' dir='ltr'><strong>persuadere</strong></span> <span class='ocrx_word' id='word_1_91' title='bbox 1068 1385 1178 1440; x_wconf 89' lang='lat' dir='ltr'><strong>quo</strong></span> <span class='ocrx_word' id='word_1_92' title='bbox 1229 1370 1610 1426; x_wconf 86' lang='lat' dir='ltr'><strong>subscriberet</strong></span> <span class='ocrx_word' id='word_1_93' title='bbox 1659 1377 1854 1424; x_wconf 90' lang='lat' dir='ltr'><strong>contra</strong></span> 
     </span>
    </p>
   </div>
   <div class='ocr_carea' id='block_1_15' title="bbox 267 1460 1854 1522">
    <p class='ocr_par' dir='ltr' id='par_1_15' title="bbox 267 1460 1854 1522">
     <span class='ocr_line' id='line_1_15' title="bbox 267 1460 1854 1522; baseline -0.004 0"><span class='ocrx_word' id='word_1_94' title='bbox 267 1473 496 1522; x_wconf 74' lang='lat' dir='ltr'><strong>sanetae</strong></span> <span class='ocrx_word' id='word_1_95' title='bbox 525 1463 742 1518; x_wconf 87' lang='lat' dir='ltr'><strong>iconas.</strong></span> <span class='ocrx_word' id='word_1_96' title='bbox 791 1461 904 1522; x_wconf 87' lang='lat' dir='ltr'><strong>Sed</strong></span> <span class='ocrx_word' id='word_1_97' title='bbox 937 1469 995 1518; x_wconf 88' lang='lat' dir='ltr'><strong>et</strong></span> <span class='ocrx_word' id='word_1_98' title='bbox 1019 1461 1182 1517; x_wconf 78' lang='lat' dir='ltr'><strong>fortis</strong></span> <span class='ocrx_word' id='word_1_99' title='bbox 1212 1462 1420 1517; x_wconf 86' lang='lat' dir='ltr'><strong>Christi</strong></span> <span class='ocrx_word' id='word_1_100' title='bbox 1449 1477 1642 1518; x_wconf 89' lang='lat' dir='ltr'><strong>servus</strong></span> <span class='ocrx_word' id='word_1_101' title='bbox 1674 1460 1854 1516; x_wconf 86' lang='lat' dir='ltr'><strong>nulla-</strong></span> 
     </span>
    </p>
   </div>
   <div class='ocr_carea' id='block_1_16' title="bbox 264 1552 1852 1624">
    <p class='ocr_par' dir='ltr' id='par_1_16' title="bbox 264 1552 1852 1624">
     <span class='ocr_line' id='line_1_16' title="bbox 264 1552 1852 1624; baseline -0.002 -14"><span class='ocrx_word' id='word_1_102' title='bbox 264 1566 434 1611; x_wconf 84' lang='lat' dir='ltr'><strong>tenus</strong></span> <span class='ocrx_word' id='word_1_103' title='bbox 488 1554 854 1624; x_wconf 90' lang='lat' dir='ltr'><strong>acquiescens</strong></span> <span class='ocrx_word' id='word_1_104' title='bbox 913 1552 1226 1610; x_wconf 85' lang='lat' dir='ltr'><strong>detestabili</strong></span> <span class='ocrx_word' id='word_1_105' title='bbox 1278 1553 1596 1612; x_wconf 84' lang='lat' dir='ltr'><strong>cacodoxiae</strong></span> <span class='ocrx_word' id='word_1_106' title='bbox 1653 1553 1852 1623; x_wconf 88' lang='lat' dir='ltr'><strong>ipsius,</strong></span> 
     </span>
    </p>
   </div>
   <div class='ocr_carea' id='block_1_17' title="bbox 265 1643 1853 1710">
    <p class='ocr_par' dir='ltr' id='par_1_17' title="bbox 265 1643 1853 1710">
     <span class='ocr_line' id='line_1_17' title="bbox 265 1643 1853 1710; baseline -0.003 -8"><span class='ocrx_word' id='word_1_107' title='bbox 265 1661 398 1702; x_wconf 86' lang='lat' dir='ltr'><strong>cum</strong></span> <span class='ocrx_word' id='word_1_108' title='bbox 423 1645 652 1700; x_wconf 78' lang='lat' dir='ltr'><strong>verbum</strong></span> <span class='ocrx_word' id='word_1_109' title='bbox 686 1644 937 1700; x_wconf 82' lang='lat' dir='ltr'><strong>veritatis</strong></span> <span class='ocrx_word' id='word_1_110' title='bbox 973 1651 1124 1700; x_wconf 89' lang='lat' dir='ltr'><strong>recte</strong></span> <span class='ocrx_word' id='word_1_111' title='bbox 1148 1643 1460 1710; x_wconf 81' lang='lat' dir='ltr'><strong>direxisset,</strong></span> <span class='ocrx_word' id='word_1_112' title='bbox 1495 1643 1853 1700; x_wconf 87' lang='lat' dir='ltr'><strong>abrenuntia-</strong></span> 
     </span>
    </p>
   </div>
   <div class='ocr_carea' id='block_1_18' title="bbox 263 1735 1855 1808">
    <p class='ocr_par' dir='ltr' id='par_1_18' title="bbox 263 1735 1855 1808">
     <span class='ocr_line' id='line_1_18' title="bbox 263 1735 1855 1808; baseline 0 -18"><span class='ocrx_word' id='word_1_113' title='bbox 263 1738 347 1790; x_wconf 82' lang='lat' dir='ltr'><strong>vit</strong></span> <span class='ocrx_word' id='word_1_114' title='bbox 381 1751 660 1798; x_wconf 85' lang='lat' dir='ltr'><strong>summum</strong></span> <span class='ocrx_word' id='word_1_115' title='bbox 683 1735 1078 1802; x_wconf 85' lang='lat' dir='ltr'><strong>sacerdotium,</strong></span> <span class='ocrx_word' id='word_1_116' title='bbox 1119 1736 1341 1791; x_wconf 87' lang='lat' dir='ltr'><strong>tradens</strong></span> <span class='ocrx_word' id='word_1_117' title='bbox 1367 1736 1618 1806; x_wconf 90' lang='lat' dir='ltr'><strong>pallium,</strong></span> <span class='ocrx_word' id='word_1_118' title='bbox 1646 1743 1700 1790; x_wconf 90' lang='lat' dir='ltr'><strong>et</strong></span> <span class='ocrx_word' id='word_1_119' title='bbox 1726 1744 1855 1808; x_wconf 89' lang='lat' dir='ltr'><strong>post</strong></span> 
     </span>
    </p>
   </div>
   <div class='ocr_carea' id='block_1_19' title="bbox 1961 539 3547 624">
    <p class='ocr_par' dir='ltr' id='par_1_19' title="bbox 1961 539 3547 624">
     <span class='ocr_line' id='line_1_19' title="bbox 1961 539 3547 624; baseline 0.011 -31"><span class='ocrx_word' id='word_1_120' title='bbox 1961 541 2232 600; x_wconf 72' lang='lat' dir='ltr'><strong>Calabria:</strong></span> <span class='ocrx_word' id='word_1_121' title='bbox 2281 545 2468 616; x_wconf 88' lang='lat' dir='ltr'><strong>populi</strong></span> <span class='ocrx_word' id='word_1_122' title='bbox 2521 545 2977 617; x_wconf 86' lang='lat' dir='ltr'><strong>superimposuit.</strong></span> <span class='ocrx_word' id='word_1_123' title='bbox 3033 551 3106 602; x_wconf 86' lang='lat' dir='ltr'><strong>Ea</strong></span> <span class='ocrx_word' id='word_1_124' title='bbox 3142 539 3270 606; x_wconf 87' lang='lat' dir='ltr'><strong>vero</strong></span> <span class='ocrx_word' id='word_1_125' title='bbox 3303 571 3426 624; x_wconf 72' lang='lat' dir='ltr'><strong>quae</strong></span> <span class='ocrx_word' id='word_1_126' title='bbox 3465 557 3547 615; x_wconf 83' lang='lat' dir='ltr'><strong>di-</strong></span> 
     </span>
    </p>
   </div>
   <div class='ocr_carea' id='block_1_20' title="bbox 1961 637 3545 716">
    <p class='ocr_par' dir='ltr' id='par_1_20' title="bbox 1961 637 3545 716">
     <span class='ocr_line' id='line_1_20' title="bbox 1961 637 3545 716; baseline 0.009 -27"><span class='ocrx_word' id='word_1_127' title='bbox 1961 645 2166 690; x_wconf 87' lang='lat' dir='ltr'><strong>cuntur</strong></span> <span class='ocrx_word' id='word_1_128' title='bbox 2196 637 2528 706; x_wconf 81' lang='lat' dir='ltr'><strong>patrimonia</strong></span> <span class='ocrx_word' id='word_1_129' title='bbox 2557 649 2877 706; x_wconf 80' lang='lat' dir='ltr'><strong>sanctorum</strong></span> <span class='ocrx_word' id='word_1_130' title='bbox 2915 643 3225 712; x_wconf 89' lang='lat' dir='ltr'><strong>principum</strong></span> <span class='ocrx_word' id='word_1_131' title='bbox 3267 649 3545 716; x_wconf 87' lang='lat' dir='ltr'><strong>apostolo-</strong></span> 
     </span>
    </p>
   </div>
   <div class='ocr_carea' id='block_1_21' title="bbox 1961 726 3576 798">
    <p class='ocr_par' dir='ltr' id='par_1_21' title="bbox 1961 726 3576 798">
     <span class='ocr_line' id='line_1_21' title="bbox 1961 726 3576 798; baseline 0.009 -16"><span class='ocrx_word' id='word_1_132' title='bbox 1961 742 2102 792; x_wconf 88' lang='lat' dir='ltr'><strong>rum,</strong></span> <span class='ocrx_word' id='word_1_133' title='bbox 2141 743 2264 798; x_wconf 80' lang='lat' dir='ltr'><strong>quae</strong></span> <span class='ocrx_word' id='word_1_134' title='bbox 2291 728 2360 783; x_wconf 87' lang='lat' dir='ltr'><strong>ab</strong></span> <span class='ocrx_word' id='word_1_135' title='bbox 2393 730 2523 786; x_wconf 90' lang='lat' dir='ltr'><strong>olim</strong></span> <span class='ocrx_word' id='word_1_136' title='bbox 2557 731 2806 787; x_wconf 88' lang='lat' dir='ltr'><strong>ecclesiis</strong></span> <span class='ocrx_word' id='word_1_137' title='bbox 2838 733 2960 786; x_wconf 88' lang='lat' dir='ltr'><strong>auri</strong></span> <span class='ocrx_word' id='word_1_138' title='bbox 2995 732 3285 790; x_wconf 89' lang='lat' dir='ltr'><strong>dimidium</strong></span> <span class='ocrx_word' id='word_1_139' title='bbox 3341 748 3395 793; x_wconf 88' lang='lat' dir='ltr'><strong>et</strong></span> <span class='ocrx_word' id='word_1_140' title='bbox 3437 726 3576 796; x_wconf 34' lang='lat' dir='ltr'><strong>tria.</strong></span> 
     </span>
    </p>
   </div>
   <div class='ocr_carea' id='block_1_22' title="bbox 1961 817 3544 901">
    <p class='ocr_par' dir='ltr' id='par_1_22' title="bbox 1961 817 3544 901">
     <span class='ocr_line' id='line_1_22' title="bbox 1961 817 3544 901; baseline 0.009 -26"><span class='ocrx_word' id='word_1_141' title='bbox 1961 817 2319 877; x_wconf 81' lang='lat' dir='ltr'><strong>conferebant</strong></span> <span class='ocrx_word' id='word_1_142' title='bbox 2353 822 2580 888; x_wconf 83' lang='lat' dir='ltr'><strong>talenta,</strong></span> <span class='ocrx_word' id='word_1_143' title='bbox 2607 825 3063 894; x_wconf 12' lang='lat' dir='ltr'><strong>publicaevratioui</strong></span> <span class='ocrx_word' id='word_1_144' title='bbox 3088 830 3300 884; x_wconf 78' lang='lat' dir='ltr'><strong>exsolvi</strong></span> <span class='ocrx_word' id='word_1_145' title='bbox 3333 847 3544 901; x_wconf 82' lang='lat' dir='ltr'><strong>praece-</strong></span> 
     </span>
    </p>
   </div>
   <div class='ocr_carea' id='block_1_23' title="bbox 1961 909 3543 984">
    <p class='ocr_par' dir='ltr' id='par_1_23' title="bbox 1961 909 3543 984">
     <span class='ocr_line' id='line_1_23' title="bbox 1961 909 3543 984; baseline 0.011 -21"><span class='ocrx_word' id='word_1_146' title='bbox 1961 909 2066 982; x_wconf 87' lang='lat' dir='ltr'><strong>pit,</strong></span> <span class='ocrx_word' id='word_1_147' title='bbox 2094 912 2448 968; x_wconf 88' lang='lat' dir='ltr'><strong>considerarc</strong></span> <span class='ocrx_word' id='word_1_148' title='bbox 2471 915 2635 968; x_wconf 90' lang='lat' dir='ltr'><strong>etiam</strong></span> <span class='ocrx_word' id='word_1_149' title='bbox 2655 925 2818 984; x_wconf 85' lang='lat' dir='ltr'><strong>atque</strong></span> <span class='ocrx_word' id='word_1_150' title='bbox 2839 917 3154 974; x_wconf 85' lang='lat' dir='ltr'><strong>describere</strong></span> <span class='ocrx_word' id='word_1_151' title='bbox 3174 931 3336 978; x_wconf 89' lang='lat' dir='ltr'><strong>natos</strong></span> <span class='ocrx_word' id='word_1_152' title='bbox 3360 938 3543 980; x_wconf 82' lang='lat' dir='ltr'><strong>mares</strong></span> 
     </span>
    </p>
   </div>
   <div class='ocr_carea' id='block_1_24' title="bbox 1957 1003 3541 1080">
    <p class='ocr_par' dir='ltr' id='par_1_24' title="bbox 1957 1003 3541 1080">
     <span class='ocr_line' id='line_1_24' title="bbox 1957 1003 3541 1080; baseline 0.011 -26"><span class='ocrx_word' id='word_1_153' title='bbox 1957 1003 2177 1074; x_wconf 77' lang='lat' dir='ltr'><strong>jubens,</strong></span> <span class='ocrx_word' id='word_1_154' title='bbox 2211 1011 2271 1058; x_wconf 90' lang='lat' dir='ltr'><strong>ut</strong></span> <span class='ocrx_word' id='word_1_155' title='bbox 2297 1005 2516 1064; x_wconf 87' lang='lat' dir='ltr'><strong>Pharao</strong></span> <span class='ocrx_word' id='word_1_156' title='bbox 2551 1007 2826 1077; x_wconf 90' lang='lat' dir='ltr'><strong>quondam</strong></span> <span class='ocrx_word' id='word_1_157' title='bbox 2867 1024 2962 1064; x_wconf 89' lang='lat' dir='ltr'><strong>eos</strong></span> <span class='ocrx_word' id='word_1_158' title='bbox 2992 1011 3083 1080; x_wconf 91' lang='lat' dir='ltr'><strong>qui</strong></span> <span class='ocrx_word' id='word_1_159' title='bbox 3120 1021 3281 1068; x_wconf 88' lang='lat' dir='ltr'><strong>erant</strong></span> <span class='ocrx_word' id='word_1_160' title='bbox 3327 1030 3395 1070; x_wconf 83' lang='lat' dir='ltr'><strong>ex</strong></span> <span class='ocrx_word' id='word_1_161' title='bbox 3431 1017 3541 1072; x_wconf 84' lang='lat' dir='ltr'><strong>He-</strong></span> 
     </span>
    </p>
   </div>
   <div class='ocr_carea' id='block_1_25' title="bbox 1961 1092 3542 1168">
    <p class='ocr_par' dir='ltr' id='par_1_25' title="bbox 1961 1092 3542 1168">
     <span class='ocr_line' id='line_1_25' title="bbox 1961 1092 3542 1168; baseline 0.008 -20"><span class='ocrx_word' id='word_1_162' title='bbox 1961 1092 2162 1164; x_wconf 69' lang='lat' dir='ltr'><strong>brazis;</strong></span> <span class='ocrx_word' id='word_1_163' title='bbox 2193 1094 2342 1164; x_wconf 90' lang='lat' dir='ltr'><strong>quod</strong></span> <span class='ocrx_word' id='word_1_164' title='bbox 2365 1109 2466 1150; x_wconf 88' lang='lat' dir='ltr'><strong>nec</strong></span> <span class='ocrx_word' id='word_1_165' title='bbox 2501 1096 2602 1166; x_wconf 89' lang='lat' dir='ltr'><strong>ipsi</strong></span> <span class='ocrx_word' id='word_1_166' title='bbox 2639 1097 2884 1167; x_wconf 73' lang='lat' dir='ltr'><strong>magistri</strong></span> <span class='ocrx_word' id='word_1_167' title='bbox 2911 1098 3030 1168; x_wconf 87' lang='lat' dir='ltr'><strong>ejus</strong></span> <span class='ocrx_word' id='word_1_168' title='bbox 3060 1102 3267 1158; x_wconf 79' lang='lat' dir='ltr'><strong>Arabes</strong></span> <span class='ocrx_word' id='word_1_169' title='bbox 3295 1104 3347 1158; x_wconf 93' lang='lat' dir='ltr'><strong>in</strong></span> <span class='ocrx_word' id='word_1_170' title='bbox 3380 1104 3542 1160; x_wconf 82' lang='lat' dir='ltr'><strong>Chri-</strong></span> 
     </span>
    </p>
   </div>
   <div class='ocr_carea' id='block_1_26' title="bbox 1961 1185 3469 1256">
    <p class='ocr_par' dir='ltr' id='par_1_26' title="bbox 1961 1185 3469 1256">
     <span class='ocr_line' id='line_1_26' title="bbox 1961 1185 3469 1256; baseline 0.008 -16"><span class='ocrx_word' id='word_1_171' title='bbox 1961 1185 2195 1253; x_wconf 86' lang='lat' dir='ltr'><strong>stianos,</strong></span> <span class='ocrx_word' id='word_1_172' title='bbox 2229 1186 2324 1256; x_wconf 86' lang='lat' dir='ltr'><strong>qui</strong></span> <span class='ocrx_word' id='word_1_173' title='bbox 2358 1187 2408 1240; x_wconf 91' lang='lat' dir='ltr'><strong>in</strong></span> <span class='ocrx_word' id='word_1_174' title='bbox 2436 1188 2552 1243; x_wconf 90' lang='lat' dir='ltr'><strong>eois</strong></span> <span class='ocrx_word' id='word_1_175' title='bbox 2577 1195 2706 1243; x_wconf 85' lang='lat' dir='ltr'><strong>sunt</strong></span> <span class='ocrx_word' id='word_1_176' title='bbox 2737 1190 2872 1252; x_wconf 85' lang='lat' dir='ltr'><strong>oris,</strong></span> <span class='ocrx_word' id='word_1_177' title='bbox 2908 1190 3108 1248; x_wconf 87' lang='lat' dir='ltr'><strong>fecisse</strong></span> <span class='ocrx_word' id='word_1_178' title='bbox 3137 1207 3469 1252; x_wconf 80' lang='lat' dir='ltr'><strong>noscuntur.</strong></span> 
     </span>
    </p>
   </div>
   <div class='ocr_carea' id='block_1_27' title="bbox 2032 1276 3540 1346">
    <p class='ocr_par' dir='ltr' id='par_1_27' title="bbox 2032 1276 3540 1346">
     <span class='ocr_line' id='line_1_27' title="bbox 2032 1276 3540 1346; baseline 0.011 -17"><span class='ocrx_word' id='word_1_179' title='bbox 2032 1276 2190 1330; x_wconf 85' lang='lat' dir='ltr'><strong>Anno</strong></span> <span class='ocrx_word' id='word_1_180' title='bbox 2221 1276 2431 1346; x_wconf 89' lang='lat' dir='ltr'><strong>imperii</strong></span> <span class='ocrx_word' id='word_1_181' title='bbox 2465 1276 2666 1334; x_wconf 88' lang='lat' dir='ltr'><strong>Leonis</strong></span> <span class='ocrx_word' id='word_1_182' title='bbox 2713 1280 2780 1333; x_wconf 79' lang='grc'><strong>17</strong></span> <span class='ocrx_word' id='word_1_183' title='bbox 2829 1281 2974 1337; x_wconf 78' lang='lat' dir='ltr'><strong>facta</strong></span> <span class='ocrx_word' id='word_1_184' title='bbox 3015 1293 3102 1341; x_wconf 86' lang='lat' dir='ltr'><strong>est</strong></span> <span class='ocrx_word' id='word_1_185' title='bbox 3136 1288 3444 1344; x_wconf 87' lang='lat' dir='ltr'><strong>mortalitas</strong></span> <span class='ocrx_word' id='word_1_186' title='bbox 3484 1289 3540 1346; x_wconf 87' lang='lat' dir='ltr'><strong>in</strong></span> 
     </span>
    </p>
   </div>
   <div class='ocr_carea' id='block_1_28' title="bbox 1965 1364 3528 1440">
    <p class='ocr_par' dir='ltr' id='par_1_28' title="bbox 1965 1364 3528 1440">
     <span class='ocr_line' id='line_1_28' title="bbox 1965 1364 3528 1440; baseline 0.008 -20"><span class='ocrx_word' id='word_1_187' title='bbox 1965 1364 2145 1438; x_wconf 75' lang='lat' dir='ltr'><strong>Syria,</strong></span> <span class='ocrx_word' id='word_1_188' title='bbox 2177 1368 2446 1439; x_wconf 90' lang='lat' dir='ltr'><strong>multique</strong></span> <span class='ocrx_word' id='word_1_189' title='bbox 2472 1371 2779 1440; x_wconf 89' lang='lat' dir='ltr'><strong>perierunt.</strong></span> <span class='ocrx_word' id='word_1_190' title='bbox 3524 1419 3528 1424; x_wconf 81' lang='grc'>.</span> 
     </span>
    </p>
   </div>
   <div class='ocr_carea' id='block_1_29' title="bbox 2032 1461 3540 1542">
    <p class='ocr_par' dir='ltr' id='par_1_29' title="bbox 2032 1461 3540 1542">
     <span class='ocr_line' id='line_1_29' title="bbox 2032 1461 3540 1542; baseline 0.009 -27"><span class='ocrx_word' id='word_1_191' title='bbox 2032 1461 2191 1530; x_wconf 82' lang='lat' dir='ltr'><strong>Anno</strong></span> <span class='ocrx_word' id='word_1_192' title='bbox 2216 1462 2430 1532; x_wconf 89' lang='lat' dir='ltr'><strong>imperii</strong></span> <span class='ocrx_word' id='word_1_193' title='bbox 2455 1463 2656 1521; x_wconf 84' lang='lat' dir='ltr'><strong>Leonis</strong></span> <span class='ocrx_word' id='word_1_194' title='bbox 2690 1464 2754 1518; x_wconf 87' lang='lat' dir='ltr'><strong>l8</strong></span> <span class='ocrx_word' id='word_1_195' title='bbox 2788 1465 3086 1524; x_wconf 85' lang='lat' dir='ltr'><strong>Zacharias</strong></span> <span class='ocrx_word' id='word_1_196' title='bbox 3123 1471 3314 1526; x_wconf 60' lang='lat' dir='ltr'><strong>Romae</strong></span> <span class='ocrx_word' id='word_1_197' title='bbox 3339 1473 3540 1542; x_wconf 68' lang='lat' dir='ltr'><strong>praesul</strong></span> 
     </span>
    </p>
   </div>
   <div class='ocr_carea' id='block_1_30' title="bbox 1962 1553 3537 1626">
    <p class='ocr_par' dir='ltr' id='par_1_30' title="bbox 1962 1553 3537 1626">
     <span class='ocr_line' id='line_1_30' title="bbox 1962 1553 3537 1626; baseline 0.008 -17"><span class='ocrx_word' id='word_1_198' title='bbox 1962 1553 2227 1622; x_wconf 85' lang='lat' dir='ltr'><strong>habetur;</strong></span> <span class='ocrx_word' id='word_1_199' title='bbox 2277 1554 2595 1626; x_wconf 21' lang='lat' dir='ltr'><strong>eodemque,</strong></span> <span class='ocrx_word' id='word_1_200' title='bbox 2643 1573 2791 1620; x_wconf 87' lang='lat' dir='ltr'><strong>anno</strong></span> <span class='ocrx_word' id='word_1_201' title='bbox 2851 1557 3171 1618; x_wconf 90' lang='lat' dir='ltr'><strong>Theodorus</strong></span> <span class='ocrx_word' id='word_1_202' title='bbox 3220 1561 3444 1620; x_wconf 79' lang='lat' dir='ltr'><strong>Mansur</strong></span> <span class='ocrx_word' id='word_1_203' title='bbox 3482 1565 3537 1621; x_wconf 90' lang='lat' dir='ltr'><strong>in</strong></span> 
     </span>
    </p>
   </div>
   <div class='ocr_carea' id='block_1_31' title="bbox 1963 1645 3536 1718">
    <p class='ocr_par' dir='ltr' id='par_1_31' title="bbox 1963 1645 3536 1718">
     <span class='ocr_line' id='line_1_31' title="bbox 1963 1645 3536 1718; baseline 0.008 -20"><span class='ocrx_word' id='word_1_204' title='bbox 1963 1645 2216 1698; x_wconf 77' lang='lat' dir='ltr'><strong>exsilium</strong></span> <span class='ocrx_word' id='word_1_205' title='bbox 2252 1646 2459 1714; x_wconf 84' lang='lat' dir='ltr'><strong>missus</strong></span> <span class='ocrx_word' id='word_1_206' title='bbox 2487 1655 2569 1702; x_wconf 87' lang='lat' dir='ltr'><strong>est</strong></span> <span class='ocrx_word' id='word_1_207' title='bbox 2595 1648 2737 1718; x_wconf 87' lang='lat' dir='ltr'><strong>apud</strong></span> <span class='ocrx_word' id='word_1_208' title='bbox 2755 1649 2986 1712; x_wconf 84' lang='lat' dir='ltr'><strong>climata</strong></span> <span class='ocrx_word' id='word_1_209' title='bbox 3011 1651 3216 1717; x_wconf 90' lang='lat' dir='ltr'><strong>eremi,</strong></span> <span class='ocrx_word' id='word_1_210' title='bbox 3243 1662 3297 1708; x_wconf 93' lang='lat' dir='ltr'><strong>et</strong></span> <span class='ocrx_word' id='word_1_211' title='bbox 3335 1653 3536 1710; x_wconf 79' lang='lat' dir='ltr'><strong>factum</strong></span> 
     </span>
    </p>
   </div>
   <div class='ocr_carea' id='block_1_32' title="bbox 1964 1735 3538 1810">
    <p class='ocr_par' dir='ltr' id='par_1_32' title="bbox 1964 1735 3538 1810">
     <span class='ocr_line' id='line_1_32' title="bbox 1964 1735 3538 1810; baseline 0.008 -20"><span class='ocrx_word' id='word_1_212' title='bbox 1964 1744 2050 1790; x_wconf 91' lang='lat' dir='ltr'><strong>est</strong></span> <span class='ocrx_word' id='word_1_213' title='bbox 2081 1735 2296 1808; x_wconf 85' lang='lat' dir='ltr'><strong>signum</strong></span> <span class='ocrx_word' id='word_1_214' title='bbox 2322 1737 2377 1793; x_wconf 92' lang='lat' dir='ltr'><strong>in</strong></span> <span class='ocrx_word' id='word_1_215' title='bbox 2397 1739 2539 1794; x_wconf 86' lang='lat' dir='ltr'><strong>coelo</strong></span> <span class='ocrx_word' id='word_1_216' title='bbox 2562 1739 2782 1810; x_wconf 87' lang='lat' dir='ltr'><strong>igneum</strong></span> <span class='ocrx_word' id='word_1_217' title='bbox 2815 1742 3195 1810; x_wconf 87' lang='lat' dir='ltr'><strong>resplendens,</strong></span> <span class='ocrx_word' id='word_1_218' title='bbox 3212 1752 3266 1800; x_wconf 90' lang='lat' dir='ltr'><strong>et</strong></span> <span class='ocrx_word' id='word_1_219' title='bbox 3289 1743 3538 1803; x_wconf 84' lang='lat' dir='ltr'><strong>Mauhias</strong></span> 
     </span>
    </p>
   </div>
   <div class='ocr_carea' id='block_1_33' title="bbox 264 1817 2668 1900">
    <p class='ocr_par' dir='ltr' id='par_1_33' title="bbox 264 1817 2668 1900">
     <span class='ocr_line' id='line_1_33' title="bbox 264 1817 2668 1900; baseline 0.002 -18"><span class='ocrx_word' id='word_1_220' title='bbox 264 1827 472 1884; x_wconf 84' lang='lat' dir='ltr'><strong>multos</strong></span> <span class='ocrx_word' id='word_1_221' title='bbox 513 1840 800 1898; x_wconf 84' lang='lat' dir='ltr'><strong>sermones</strong></span> <span class='ocrx_word' id='word_1_222' title='bbox 831 1827 1194 1884; x_wconf 84' lang='lat' dir='ltr'><strong>didascalicos</strong></span> <span class='ocrx_word' id='word_1_223' title='bbox 1252 1827 1443 1884; x_wconf 89' lang='lat' dir='ltr'><strong>dicens</strong></span> <span class='ocrx_word' id='word_1_224' title='bbox 1469 1843 1484 1880; x_wconf 87' lang='lat'><strong>:</strong></span> <span class='ocrx_word' id='word_1_225' title='bbox 1513 1825 1573 1882; x_wconf 83' lang='lat' dir='ltr'><strong>Si</strong></span> <span class='ocrx_word' id='word_1_226' title='bbox 1599 1843 1694 1898; x_wconf 90' lang='lat' dir='ltr'><strong>ego</strong></span> <span class='ocrx_word' id='word_1_227' title='bbox 1727 1844 1845 1882; x_wconf 82' lang='lat' dir='ltr'><strong>sum</strong></span> <span class='ocrx_word' id='word_1_228' title='bbox 1891 1817 1934 1874; x_wconf 86' lang='grc' dir='ltr'><strong>Β</strong></span> <span class='ocrx_word' id='word_1_229' title='bbox 1962 1827 2148 1898; x_wconf 84' lang='lat' dir='ltr'><strong>Asiam</strong></span> <span class='ocrx_word' id='word_1_230' title='bbox 2171 1829 2533 1900; x_wconf 87' lang='lat' dir='ltr'><strong>depopulatus</strong></span> <span class='ocrx_word' id='word_1_231' title='bbox 2563 1839 2668 1888; x_wconf 87' lang='lat' dir='ltr'><strong>est.</strong></span> 
     </span>
    </p>
   </div>
   <div class='ocr_carea' id='block_1_34' title="bbox 263 1918 1846 1992">
    <p class='ocr_par' dir='ltr' id='par_1_34' title="bbox 263 1918 1846 1992">
     <span class='ocr_line' id='line_1_34' title="bbox 263 1918 1846 1992; baseline 0.002 -19"><span class='ocrx_word' id='word_1_232' title='bbox 263 1918 464 1986; x_wconf 76' lang='lat' dir='ltr'><strong>Jonas,</strong></span> <span class='ocrx_word' id='word_1_233' title='bbox 494 1919 648 1974; x_wconf 82' lang='lat' dir='ltr'><strong>mitte</strong></span> <span class='ocrx_word' id='word_1_234' title='bbox 672 1935 752 1974; x_wconf 89' lang='lat' dir='ltr'><strong>me</strong></span> <span class='ocrx_word' id='word_1_235' title='bbox 804 1919 862 1972; x_wconf 83' lang='lat' dir='ltr'><strong>in</strong></span> <span class='ocrx_word' id='word_1_236' title='bbox 891 1935 1058 1974; x_wconf 88' lang='lat' dir='ltr'><strong>mare.</strong></span> <span class='ocrx_word' id='word_1_237' title='bbox 1098 1919 1309 1990; x_wconf 78' lang='lat' dir='ltr'><strong>Absque</strong></span> <span class='ocrx_word' id='word_1_238' title='bbox 1337 1920 1626 1983; x_wconf 77' lang='lat' dir='ltr'><strong>uniuersali</strong></span> <span class='ocrx_word' id='word_1_239' title='bbox 1652 1922 1846 1992; x_wconf 79' lang='lat' dir='ltr'><strong>quippe</strong></span> 
     </span>
    </p>
   </div>
   <div class='ocr_carea' id='block_1_35' title="bbox 264 2009 1848 2083">
    <p class='ocr_par' dir='ltr' id='par_1_35' title="bbox 264 2009 1848 2083">
     <span class='ocr_line' id='line_1_35' title="bbox 264 2009 1848 2083; baseline -0.001 -17"><span class='ocrx_word' id='word_1_240' title='bbox 264 2010 470 2083; x_wconf 71' lang='lat' dir='ltr'><strong>synodo</strong></span> <span class='ocrx_word' id='word_1_241' title='bbox 499 2011 751 2066; x_wconf 83' lang='lat' dir='ltr'><strong>innovare</strong></span> <span class='ocrx_word' id='word_1_242' title='bbox 769 2009 926 2080; x_wconf 78' lang='lat' dir='ltr'><strong>ﬁdem</strong></span> <span class='ocrx_word' id='word_1_243' title='bbox 953 2010 1278 2080; x_wconf 76' lang='lat' dir='ltr'><strong>impossibile</strong></span> <span class='ocrx_word' id='word_1_244' title='bbox 1300 2011 1429 2065; x_wconf 84' lang='lat' dir='ltr'><strong>milii</strong></span> <span class='ocrx_word' id='word_1_245' title='bbox 1450 2020 1524 2066; x_wconf 76' lang='lat' dir='ltr'><strong>est</strong></span> <span class='ocrx_word' id='word_1_246' title='bbox 1557 2010 1848 2064; x_wconf 83' lang='lat' dir='ltr'><strong>secundum</strong></span> 
     </span>
    </p>
   </div>
   <div class='ocr_carea' id='block_1_36' title="bbox 267 2102 1846 2172">
    <p class='ocr_par' dir='ltr' id='par_1_36' title="bbox 267 2102 1846 2172">
     <span class='ocr_line' id='line_1_36' title="bbox 267 2102 1846 2172; baseline -0.003 -12"><span class='ocrx_word' id='word_1_247' title='bbox 267 2102 618 2172; x_wconf 70' lang='lat' dir='ltr'><strong>apostolicam</strong></span> <span class='ocrx_word' id='word_1_248' title='bbox 671 2112 720 2157; x_wconf 84' lang='lat' dir='ltr'><strong>et</strong></span> <span class='ocrx_word' id='word_1_249' title='bbox 747 2115 1030 2171; x_wconf 83' lang='lat' dir='ltr'><strong>paternam</strong></span> <span class='ocrx_word' id='word_1_250' title='bbox 1072 2103 1412 2164; x_wconf 73' lang='lat' dir='ltr'><strong>traditionem</strong></span> <span class='ocrx_word' id='word_1_251' title='bbox 1433 2141 1448 2170; x_wconf 93' lang='lat'><strong>,</strong></span> <span class='ocrx_word' id='word_1_252' title='bbox 1481 2120 1510 2156; x_wconf 90' lang='grc' dir='ltr'><strong><em>ο</em></strong></span> <span class='ocrx_word' id='word_1_253' title='bbox 1535 2103 1846 2172; x_wconf 87' lang='lat' dir='ltr'><strong>imperator.</strong></span> 
     </span>
    </p>
   </div>
   <div class='ocr_carea' id='block_1_37' title="bbox 265 2196 1849 2272">
    <p class='ocr_par' dir='ltr' id='par_1_37' title="bbox 265 2196 1849 2272">
     <span class='ocr_line' id='line_1_37' title="bbox 265 2196 1849 2272; baseline -0.001 -20"><span class='ocrx_word' id='word_1_254' title='bbox 265 2197 336 2272; x_wconf 74' lang='lat' dir='ltr'><strong>Et</strong></span> <span class='ocrx_word' id='word_1_255' title='bbox 371 2197 568 2253; x_wconf 76' lang='lat' dir='ltr'><strong>abiens</strong></span> <span class='ocrx_word' id='word_1_256' title='bbox 595 2196 663 2250; x_wconf 89' lang='lat' dir='ltr'><strong>ad</strong></span> <span class='ocrx_word' id='word_1_257' title='bbox 701 2197 879 2251; x_wconf 89' lang='lat' dir='ltr'><strong>locum</strong></span> <span class='ocrx_word' id='word_1_258' title='bbox 910 2197 1005 2266; x_wconf 92' lang='lat' dir='ltr'><strong>qui</strong></span> <span class='ocrx_word' id='word_1_259' title='bbox 1045 2196 1253 2271; x_wconf 85' lang='lat' dir='ltr'><strong>dicitur</strong></span> <span class='ocrx_word' id='word_1_260' title='bbox 1278 2196 1618 2262; x_wconf 87' lang='lat' dir='ltr'><strong>Platanium,</strong></span> <span class='ocrx_word' id='word_1_261' title='bbox 1648 2197 1702 2250; x_wconf 93' lang='lat' dir='ltr'><strong>in</strong></span> <span class='ocrx_word' id='word_1_262' title='bbox 1749 2210 1849 2266; x_wconf 89' lang='lat' dir='ltr'><strong>pa-</strong></span> 
     </span>
    </p>
   </div>
   <div class='ocr_carea' id='block_1_38' title="bbox 266 2288 1848 2359">
    <p class='ocr_par' dir='ltr' id='par_1_38' title="bbox 266 2288 1848 2359">
     <span class='ocr_line' id='line_1_38' title="bbox 266 2288 1848 2359; baseline -0.002 -14"><span class='ocrx_word' id='word_1_263' title='bbox 266 2289 464 2346; x_wconf 85' lang='lat' dir='ltr'><strong>rentali</strong></span> <span class='ocrx_word' id='word_1_264' title='bbox 494 2289 659 2344; x_wconf 90' lang='lat' dir='ltr'><strong>domo</strong></span> <span class='ocrx_word' id='word_1_265' title='bbox 687 2304 786 2344; x_wconf 91' lang='lat' dir='ltr'><strong>sua</strong></span> <span class='ocrx_word' id='word_1_266' title='bbox 825 2289 994 2359; x_wconf 91' lang='lat' dir='ltr'><strong>quieti</strong></span> <span class='ocrx_word' id='word_1_267' title='bbox 1023 2303 1248 2358; x_wconf 87' lang='lat' dir='ltr'><strong>operam</strong></span> <span class='ocrx_word' id='word_1_268' title='bbox 1298 2288 1469 2354; x_wconf 87' lang='lat' dir='ltr'><strong>dedit,</strong></span> <span class='ocrx_word' id='word_1_269' title='bbox 1504 2303 1720 2346; x_wconf 89' lang='lat' dir='ltr'><strong>summo</strong></span> <span class='ocrx_word' id='word_1_270' title='bbox 1757 2303 1848 2344; x_wconf 84' lang='lat' dir='ltr'><strong>sa-</strong></span> 
     </span>
    </p>
   </div>
   <div class='ocr_carea' id='block_1_39' title="bbox 265 2378 1848 2450">
    <p class='ocr_par' dir='ltr' id='par_1_39' title="bbox 265 2378 1848 2450">
     <span class='ocr_line' id='line_1_39' title="bbox 265 2378 1848 2450; baseline -0.001 -14"><span class='ocrx_word' id='word_1_271' title='bbox 265 2381 517 2437; x_wconf 88' lang='lat' dir='ltr'><strong>cerdotio</strong></span> <span class='ocrx_word' id='word_1_272' title='bbox 573 2380 799 2435; x_wconf 81' lang='lat' dir='ltr'><strong>functus</strong></span> <span class='ocrx_word' id='word_1_273' title='bbox 843 2378 1004 2434; x_wconf 89' lang='lat' dir='ltr'><strong>annis</strong></span> <span class='ocrx_word' id='word_1_274' title='bbox 1051 2379 1503 2450; x_wconf 89' lang='lat' dir='ltr'><strong>quatuordeeim,</strong></span> <span class='ocrx_word' id='word_1_275' title='bbox 1562 2379 1848 2435; x_wconf 90' lang='lat' dir='ltr'><strong>mensibus</strong></span> 
     </span>
    </p>
   </div>
   <div class='ocr_carea' id='block_1_40' title="bbox 266 2467 1850 2541">
    <p class='ocr_par' dir='ltr' id='par_1_40' title="bbox 266 2467 1850 2541">
     <span class='ocr_line' id='line_1_40' title="bbox 266 2467 1850 2541; baseline -0.001 -16"><span class='ocrx_word' id='word_1_276' title='bbox 266 2471 535 2541; x_wconf 89' lang='lat' dir='ltr'><strong>quinque,</strong></span> <span class='ocrx_word' id='word_1_277' title='bbox 563 2468 758 2525; x_wconf 89' lang='lat' dir='ltr'><strong>diebus</strong></span> <span class='ocrx_word' id='word_1_278' title='bbox 787 2479 1019 2540; x_wconf 88' lang='lat' dir='ltr'><strong>septem.</strong></span> <span class='ocrx_word' id='word_1_279' title='bbox 1049 2468 1225 2524; x_wconf 91' lang='lat' dir='ltr'><strong>Porro</strong></span> <span class='ocrx_word' id='word_1_280' title='bbox 1272 2467 1564 2524; x_wconf 89' lang='lat' dir='ltr'><strong>undecimo</strong></span> <span class='ocrx_word' id='word_1_281' title='bbox 1580 2467 1714 2532; x_wconf 71' lang='lat' dir='ltr'><strong>,Kal.</strong></span> <span class='ocrx_word' id='word_1_282' title='bbox 1747 2467 1850 2524; x_wconf 80' lang='lat' dir='ltr'><strong>Fe-</strong></span> 
     </span>
    </p>
   </div>
   <div class='ocr_carea' id='block_1_41' title="bbox 265 2561 1848 2631">
    <p class='ocr_par' dir='ltr' id='par_1_41' title="bbox 265 2561 1848 2631">
     <span class='ocr_line' id='line_1_41' title="bbox 265 2561 1848 2631; baseline -0.003 -12"><span class='ocrx_word' id='word_1_283' title='bbox 265 2563 519 2620; x_wconf 85' lang='lat' dir='ltr'><strong>bruarias</strong></span> <span class='ocrx_word' id='word_1_284' title='bbox 548 2570 739 2618; x_wconf 87' lang='lat' dir='ltr'><strong>creant</strong></span> <span class='ocrx_word' id='word_1_285' title='bbox 775 2561 896 2617; x_wconf 80' lang='lat' dir='ltr'><strong>falsi</strong></span> <span class='ocrx_word' id='word_1_286' title='bbox 923 2561 1168 2618; x_wconf 88' lang='lat' dir='ltr'><strong>nominis</strong></span> <span class='ocrx_word' id='word_1_287' title='bbox 1187 2561 1568 2626; x_wconf 86' lang='lat' dir='ltr'><strong>Anastasium,</strong></span> <span class='ocrx_word' id='word_1_288' title='bbox 1601 2561 1848 2631; x_wconf 89' lang='lat' dir='ltr'><strong>discipu-</strong></span> 
     </span>
    </p>
   </div>
   <div class='ocr_carea' id='block_1_42' title="bbox 267 2653 1847 2726">
    <p class='ocr_par' dir='ltr' id='par_1_42' title="bbox 267 2653 1847 2726">
     <span class='ocr_line' id='line_1_42' title="bbox 267 2653 1847 2726; baseline -0.003 -15"><span class='ocrx_word' id='word_1_289' title='bbox 267 2656 382 2711; x_wconf 91' lang='lat' dir='ltr'><strong>lum</strong></span> <span class='ocrx_word' id='word_1_290' title='bbox 416 2669 484 2710; x_wconf 90' lang='lat' dir='ltr'><strong>ac</strong></span> <span class='ocrx_word' id='word_1_291' title='bbox 531 2655 835 2726; x_wconf 90' lang='lat' dir='ltr'><strong>syncellum</strong></span> <span class='ocrx_word' id='word_1_292' title='bbox 888 2654 1139 2724; x_wconf 88' lang='lat' dir='ltr'><strong>ejusdem</strong></span> <span class='ocrx_word' id='word_1_293' title='bbox 1196 2653 1341 2710; x_wconf 88' lang='lat' dir='ltr'><strong>beati</strong></span> <span class='ocrx_word' id='word_1_294' title='bbox 1375 2653 1658 2720; x_wconf 86' lang='lat' dir='ltr'><strong>Germani,</strong></span> <span class='ocrx_word' id='word_1_295' title='bbox 1709 2668 1847 2707; x_wconf 89' lang='lat' dir='ltr'><strong>con-</strong></span> 
     </span>
    </p>
   </div>
   <div class='ocr_carea' id='block_1_43' title="bbox 269 2743 1848 2818">
    <p class='ocr_par' dir='ltr' id='par_1_43' title="bbox 269 2743 1848 2818">
     <span class='ocr_line' id='line_1_43' title="bbox 269 2743 1848 2818; baseline -0.004 -12"><span class='ocrx_word' id='word_1_296' title='bbox 269 2747 596 2806; x_wconf 85' lang='lat' dir='ltr'><strong>sentientem</strong></span> <span class='ocrx_word' id='word_1_297' title='bbox 628 2745 829 2802; x_wconf 88' lang='lat' dir='ltr'><strong>Leouis</strong></span> <span class='ocrx_word' id='word_1_298' title='bbox 867 2747 1139 2816; x_wconf 87' lang='lat' dir='ltr'><strong>impietati</strong></span> <span class='ocrx_word' id='word_1_299' title='bbox 1169 2753 1398 2818; x_wconf 88' lang='lat' dir='ltr'><strong>propter</strong></span> <span class='ocrx_word' id='word_1_300' title='bbox 1425 2759 1668 2800; x_wconf 87' lang='lat' dir='ltr'><strong>amorem</strong></span> <span class='ocrx_word' id='word_1_301' title='bbox 1692 2743 1848 2815; x_wconf 88' lang='lat' dir='ltr'><strong>prin-</strong></span> 
     </span>
    </p>
   </div>
   <div class='ocr_carea' id='block_1_44' title="bbox 266 2835 1848 2906">
    <p class='ocr_par' dir='ltr' id='par_1_44' title="bbox 266 2835 1848 2906">
     <span class='ocr_line' id='line_1_44' title="bbox 266 2835 1848 2906; baseline -0.001 -14"><span class='ocrx_word' id='word_1_302' title='bbox 266 2837 486 2906; x_wconf 86' lang='lat' dir='ltr'><strong>cipatus</strong></span> <span class='ocrx_word' id='word_1_303' title='bbox 513 2836 812 2900; x_wconf 89' lang='lat' dir='ltr'><strong>mundani,</strong></span> <span class='ocrx_word' id='word_1_304' title='bbox 863 2836 1011 2892; x_wconf 89' lang='lat' dir='ltr'><strong>hunc</strong></span> <span class='ocrx_word' id='word_1_305' title='bbox 1063 2836 1118 2890; x_wconf 92' lang='lat' dir='ltr'><strong>in</strong></span> <span class='ocrx_word' id='word_1_306' title='bbox 1167 2835 1663 2906; x_wconf 89' lang='lat' dir='ltr'><strong>pseudepiscopum</strong></span> <span class='ocrx_word' id='word_1_307' title='bbox 1701 2835 1848 2890; x_wconf 58' lang='lat' dir='ltr'><strong>Cone</strong></span> 
     </span>
    </p>
   </div>
   <div class='ocr_carea' id='block_1_45' title="bbox 267 2925 1847 3002">
    <p class='ocr_par' dir='ltr' id='par_1_45' title="bbox 267 2925 1847 3002">
     <span class='ocr_line' id='line_1_45' title="bbox 267 2925 1847 3002; baseline -0.003 -18"><span class='ocrx_word' id='word_1_308' title='bbox 267 2925 706 3002; x_wconf 75' lang='lat' dir='ltr'><strong>stantinopoleos</strong></span> <span class='ocrx_word' id='word_1_309' title='bbox 769 2926 1154 2999; x_wconf 86' lang='lat' dir='ltr'><strong>provehentes.</strong></span> <span class='ocrx_word' id='word_1_310' title='bbox 1197 2925 1343 2980; x_wconf 90' lang='lat' dir='ltr'><strong>Sane</strong></span> <span class='ocrx_word' id='word_1_311' title='bbox 1379 2925 1677 2995; x_wconf 74' lang='lat' dir='ltr'><strong>Gregorius</strong></span> <span class='ocrx_word' id='word_1_312' title='bbox 1719 2940 1847 2998; x_wconf 39' lang='lat' dir='ltr'><strong>san:</strong></span> 
     </span>
    </p>
   </div>
   <div class='ocr_carea' id='block_1_46' title="bbox 268 3013 1845 3086">
    <p class='ocr_par' dir='ltr' id='par_1_46' title="bbox 268 3013 1845 3086">
     <span class='ocr_line' id='line_1_46' title="bbox 268 3013 1845 3086; baseline -0.006 -13"><span class='ocrx_word' id='word_1_313' title='bbox 268 3017 562 3073; x_wconf 83' lang='lat' dir='ltr'><strong>ctissimus</strong></span> <span class='ocrx_word' id='word_1_314' title='bbox 608 3015 808 3086; x_wconf 66' lang='lat' dir='ltr'><strong>praesul</strong></span> <span class='ocrx_word' id='word_1_315' title='bbox 841 3013 1147 3077; x_wconf 79' lang='lat' dir='ltr'><strong>Romanus,</strong></span> <span class='ocrx_word' id='word_1_316' title='bbox 1201 3013 1661 3082; x_wconf 88' lang='lat' dir='ltr'><strong>quemadmodum</strong></span> <span class='ocrx_word' id='word_1_317' title='bbox 1704 3027 1845 3080; x_wconf 86' lang='lat' dir='ltr'><strong>prae-</strong></span> 
     </span>
    </p>
   </div>
   <div class='ocr_carea' id='block_1_47' title="bbox 267 3102 1844 3174">
    <p class='ocr_par' dir='ltr' id='par_1_47' title="bbox 267 3102 1844 3174">
     <span class='ocr_line' id='line_1_47' title="bbox 267 3102 1844 3174; baseline -0.005 -10"><span class='ocrx_word' id='word_1_318' title='bbox 267 3110 406 3173; x_wconf 79' lang='lat' dir='ltr'><strong>dixi,</strong></span> <span class='ocrx_word' id='word_1_319' title='bbox 438 3109 797 3165; x_wconf 79' lang='lat' dir='ltr'><strong>Anastasium</strong></span> <span class='ocrx_word' id='word_1_320' title='bbox 831 3121 940 3161; x_wconf 87' lang='lat' dir='ltr'><strong>una</strong></span> <span class='ocrx_word' id='word_1_321' title='bbox 975 3121 1100 3162; x_wconf 90' lang='lat' dir='ltr'><strong>cum</strong></span> <span class='ocrx_word' id='word_1_322' title='bbox 1132 3105 1334 3160; x_wconf 88' lang='lat' dir='ltr'><strong>libellis</strong></span> <span class='ocrx_word' id='word_1_323' title='bbox 1353 3104 1574 3174; x_wconf 89' lang='lat' dir='ltr'><strong>abjecit,</strong></span> <span class='ocrx_word' id='word_1_324' title='bbox 1607 3102 1844 3158; x_wconf 89' lang='lat' dir='ltr'><strong>Leonem</strong></span> 
     </span>
    </p>
   </div>
   <div class='ocr_carea' id='block_1_48' title="bbox 268 3195 1843 3270">
    <p class='ocr_par' dir='ltr' id='par_1_48' title="bbox 268 3195 1843 3270">
     <span class='ocr_line' id='line_1_48' title="bbox 268 3195 1843 3270; baseline -0.005 -15"><span class='ocrx_word' id='word_1_325' title='bbox 268 3216 372 3270; x_wconf 86' lang='lat' dir='ltr'><strong>per</strong></span> <span class='ocrx_word' id='word_1_326' title='bbox 407 3200 673 3269; x_wconf 87' lang='lat' dir='ltr'><strong>epistolas</strong></span> <span class='ocrx_word' id='word_1_327' title='bbox 704 3209 963 3270; x_wconf 88' lang='lat' dir='ltr'><strong>tanquam</strong></span> <span class='ocrx_word' id='word_1_328' title='bbox 1010 3198 1176 3270; x_wconf 90' lang='lat' dir='ltr'><strong>impie</strong></span> <span class='ocrx_word' id='word_1_329' title='bbox 1203 3203 1457 3268; x_wconf 82' lang='lat' dir='ltr'><strong>agentem</strong></span> <span class='ocrx_word' id='word_1_330' title='bbox 1487 3195 1843 3266; x_wconf 86' lang='lat' dir='ltr'><strong>redarguens,</strong></span> 
     </span>
    </p>
   </div>
   <div class='ocr_carea' id='block_1_49' title="bbox 270 3287 1847 3358">
    <p class='ocr_par' dir='ltr' id='par_1_49' title="bbox 270 3287 1847 3358">
     <span class='ocr_line' id='line_1_49' title="bbox 270 3287 1847 3358; baseline -0.003 -11"><span class='ocrx_word' id='word_1_331' title='bbox 270 3298 324 3347; x_wconf 90' lang='lat' dir='ltr'><strong>et</strong></span> <span class='ocrx_word' id='word_1_332' title='bbox 357 3290 584 3348; x_wconf 82' lang='lat' dir='ltr'><strong>Romam</strong></span> <span class='ocrx_word' id='word_1_333' title='bbox 615 3305 740 3347; x_wconf 91' lang='lat' dir='ltr'><strong>cum</strong></span> <span class='ocrx_word' id='word_1_334' title='bbox 782 3299 893 3345; x_wconf 90' lang='lat' dir='ltr'><strong>tota</strong></span> <span class='ocrx_word' id='word_1_335' title='bbox 921 3288 1076 3343; x_wconf 85' lang='lat' dir='ltr'><strong>Italia</strong></span> <span class='ocrx_word' id='word_1_336' title='bbox 1118 3290 1184 3344; x_wconf 89' lang='lat' dir='ltr'><strong>ab</strong></span> <span class='ocrx_word' id='word_1_337' title='bbox 1209 3289 1359 3344; x_wconf 91' lang='lat' dir='ltr'><strong>illius</strong></span> <span class='ocrx_word' id='word_1_338' title='bbox 1415 3287 1646 3358; x_wconf 83' lang='lat' dir='ltr'><strong>imperio</strong></span> <span class='ocrx_word' id='word_1_339' title='bbox 1694 3301 1847 3343; x_wconf 56' lang='lat' dir='ltr'><strong>recec</strong></span> 
     </span>
    </p>
   </div>
   <div class='ocr_carea' id='block_1_50' title="bbox 271 3377 1845 3450">
    <p class='ocr_par' dir='ltr' id='par_1_50' title="bbox 271 3377 1845 3450">
     <span class='ocr_line' id='line_1_50' title="bbox 271 3377 1845 3450; baseline -0.001 -16"><span class='ocrx_word' id='word_1_340' title='bbox 271 3379 400 3436; x_wconf 87' lang='lat' dir='ltr'><strong>dere</strong></span> <span class='ocrx_word' id='word_1_341' title='bbox 426 3379 659 3436; x_wconf 78' lang='lat' dir='ltr'><strong>iaciens.</strong></span> <span class='ocrx_word' id='word_1_342' title='bbox 686 3377 971 3436; x_wconf 86' lang='lat' dir='ltr'><strong>Insaniens</strong></span> <span class='ocrx_word' id='word_1_343' title='bbox 1003 3394 1134 3446; x_wconf 83' lang='lat' dir='ltr'><strong>ergo</strong></span> <span class='ocrx_word' id='word_1_344' title='bbox 1165 3387 1434 3450; x_wconf 86' lang='lat' dir='ltr'><strong>tyrannus</strong></span> <span class='ocrx_word' id='word_1_345' title='bbox 1457 3388 1651 3433; x_wconf 89' lang='lat' dir='ltr'><strong>contra</strong></span> <span class='ocrx_word' id='word_1_346' title='bbox 1677 3393 1845 3434; x_wconf 85' lang='lat' dir='ltr'><strong>vene-</strong></span> 
     </span>
    </p>
   </div>
   <div class='ocr_carea' id='block_1_51' title="bbox 270 3466 1846 3541">
    <p class='ocr_par' dir='ltr' id='par_1_51' title="bbox 270 3466 1846 3541">
     <span class='ocr_line' id='line_1_51' title="bbox 270 3466 1846 3541; baseline -0.002 -14"><span class='ocrx_word' id='word_1_347' title='bbox 270 3471 476 3527; x_wconf 82' lang='lat' dir='ltr'><strong>rabiles</strong></span> <span class='ocrx_word' id='word_1_348' title='bbox 519 3471 789 3541; x_wconf 86' lang='lat' dir='ltr'><strong>imagines</strong></span> <span class='ocrx_word' id='word_1_349' title='bbox 839 3469 1284 3539; x_wconf 89' lang='lat' dir='ltr'><strong>persecutionem</strong></span> <span class='ocrx_word' id='word_1_350' title='bbox 1337 3469 1605 3525; x_wconf 81' lang='lat' dir='ltr'><strong>extendit.</strong></span> <span class='ocrx_word' id='word_1_351' title='bbox 1677 3466 1846 3524; x_wconf 86' lang='lat' dir='ltr'><strong>Porro</strong></span> 
     </span>
    </p>
   </div>
   <div class='ocr_carea' id='block_1_52' title="bbox 271 3559 1848 3632">
    <p class='ocr_par' dir='ltr' id='par_1_52' title="bbox 271 3559 1848 3632">
     <span class='ocr_line' id='line_1_52' title="bbox 271 3559 1848 3632; baseline 0.001 -16"><span class='ocrx_word' id='word_1_352' title='bbox 271 3562 428 3616; x_wconf 89' lang='lat' dir='ltr'><strong>multi</strong></span> <span class='ocrx_word' id='word_1_353' title='bbox 467 3561 656 3616; x_wconf 88' lang='lat' dir='ltr'><strong>clerici</strong></span> <span class='ocrx_word' id='word_1_354' title='bbox 688 3568 741 3615; x_wconf 91' lang='lat' dir='ltr'><strong>et</strong></span> <span class='ocrx_word' id='word_1_355' title='bbox 766 3559 1022 3614; x_wconf 89' lang='lat' dir='ltr'><strong>monachi</strong></span> <span class='ocrx_word' id='word_1_356' title='bbox 1051 3567 1106 3614; x_wconf 87' lang='lat' dir='ltr'><strong>et</strong></span> <span class='ocrx_word' id='word_1_357' title='bbox 1136 3560 1376 3630; x_wconf 80' lang='lat' dir='ltr'><strong>religiosi</strong></span> <span class='ocrx_word' id='word_1_358' title='bbox 1405 3560 1533 3617; x_wconf 89' lang='lat' dir='ltr'><strong>laici</strong></span> <span class='ocrx_word' id='word_1_359' title='bbox 1561 3576 1664 3632; x_wconf 89' lang='lat' dir='ltr'><strong>pro</strong></span> <span class='ocrx_word' id='word_1_360' title='bbox 1695 3569 1848 3617; x_wconf 85' lang='lat' dir='ltr'><strong>recto</strong></span> 
     </span>
    </p>
   </div>
   <div class='ocr_carea' id='block_1_53' title="bbox 265 3652 951 3728">
    <p class='ocr_par' dir='ltr' id='par_1_53' title="bbox 265 3652 951 3728">
     <span class='ocr_line' id='line_1_53' title="bbox 265 3652 951 3728; baseline 0.001 -20"><span class='ocrx_word' id='word_1_361' title='bbox 265 3654 566 3728; x_wconf 86' lang='lat' dir='ltr'><strong>periclitati</strong></span> <span class='ocrx_word' id='word_1_362' title='bbox 597 3660 731 3710; x_wconf 90' lang='lat' dir='ltr'><strong>sunt</strong></span> <span class='ocrx_word' id='word_1_363' title='bbox 759 3652 951 3709; x_wconf 89' lang='lat' dir='ltr'><strong>verbo.</strong></span> 
     </span>
    </p>
   </div>
   <div class='ocr_carea' id='block_1_54' title="bbox 340 3743 1843 3810">
    <p class='ocr_par' dir='ltr' id='par_1_54' title="bbox 340 3743 1843 3810">
     <span class='ocr_line' id='line_1_54' title="bbox 340 3743 1843 3810; baseline -0.002 -10"><span class='ocrx_word' id='word_1_364' title='bbox 340 3744 529 3800; x_wconf 78' lang='lat' dir='ltr'><strong>Mundi</strong></span> <span class='ocrx_word' id='word_1_365' title='bbox 553 3759 698 3798; x_wconf 90' lang='lat' dir='ltr'><strong>anno</strong></span> <span class='ocrx_word' id='word_1_366' title='bbox 722 3743 880 3810; x_wconf 70' lang='lat'><strong>6222,</strong></span> <span class='ocrx_word' id='word_1_367' title='bbox 903 3743 1098 3798; x_wconf 79' lang='lat' dir='ltr'><strong>divina:</strong></span> <span class='ocrx_word' id='word_1_368' title='bbox 1124 3743 1521 3799; x_wconf 86' lang='lat' dir='ltr'><strong>incarnationis</strong></span> <span class='ocrx_word' id='word_1_369' title='bbox 1545 3758 1691 3798; x_wconf 89' lang='lat' dir='ltr'><strong>anno</strong></span> <span class='ocrx_word' id='word_1_370' title='bbox 1714 3743 1843 3809; x_wconf 70' lang='lat'><strong>722,</strong></span> 
     </span>
    </p>
   </div>
   <div class='ocr_carea' id='block_1_55' title="bbox 266 3827 1848 3904">
    <p class='ocr_par' dir='ltr' id='par_1_55' title="bbox 266 3827 1848 3904">
     <span class='ocr_line' id='line_1_55' title="bbox 266 3827 1848 3904; baseline -0.001 -16"><span class='ocrx_word' id='word_1_371' title='bbox 266 3849 417 3889; x_wconf 89' lang='lat' dir='ltr'><strong>anno</strong></span> <span class='ocrx_word' id='word_1_372' title='bbox 446 3849 575 3890; x_wconf 85' lang='lat' dir='ltr'><strong>vero</strong></span> <span class='ocrx_word' id='word_1_373' title='bbox 602 3832 820 3904; x_wconf 89' lang='lat' dir='ltr'><strong>imperii</strong></span> <span class='ocrx_word' id='word_1_374' title='bbox 868 3830 1070 3887; x_wconf 87' lang='lat' dir='ltr'><strong>Leonis</strong></span> <span class='ocrx_word' id='word_1_375' title='bbox 1105 3827 1192 3898; x_wconf 78' lang='grc'><strong>14,</strong></span> <span class='ocrx_word' id='word_1_376' title='bbox 1217 3832 1548 3888; x_wconf 86' lang='lat' dir='ltr'><strong>Anastasius</strong></span> <span class='ocrx_word' id='word_1_377' title='bbox 1572 3832 1848 3888; x_wconf 86' lang='lat' dir='ltr'><strong>Constan-</strong></span> 
     </span>
    </p>
   </div>
   <div class='ocr_carea' id='block_1_56' title="bbox 264 3923 1849 3994">
    <p class='ocr_par' dir='ltr' id='par_1_56' title="bbox 264 3923 1849 3994">
     <span class='ocr_line' id='line_1_56' title="bbox 264 3923 1849 3994; baseline 0 -16"><span class='ocrx_word' id='word_1_378' title='bbox 264 3923 579 3994; x_wconf 89' lang='lat' dir='ltr'><strong>tinopoleos</strong></span> <span class='ocrx_word' id='word_1_379' title='bbox 616 3924 852 3979; x_wconf 86' lang='lat' dir='ltr'><strong>habetur</strong></span> <span class='ocrx_word' id='word_1_380' title='bbox 886 3923 1118 3979; x_wconf 88' lang='lat' dir='ltr'><strong>antistes</strong></span> <span class='ocrx_word' id='word_1_381' title='bbox 1155 3923 1469 3986; x_wconf 69' lang='lat' dir='ltr'><strong>haereticus,</strong></span> <span class='ocrx_word' id='word_1_382' title='bbox 1509 3923 1604 3994; x_wconf 91' lang='lat' dir='ltr'><strong>qui</strong></span> <span class='ocrx_word' id='word_1_383' title='bbox 1647 3923 1717 3977; x_wconf 73' lang='lat'>24</span> <span class='ocrx_word' id='word_1_384' title='bbox 1748 3937 1849 3978; x_wconf 91' lang='lat' dir='ltr'><strong>an-</strong></span> 
     </span>
    </p>
   </div>
   <div class='ocr_carea' id='block_1_57' title="bbox 263 4014 1846 4086">
    <p class='ocr_par' dir='ltr' id='par_1_57' title="bbox 263 4014 1846 4086">
     <span class='ocr_line' id='line_1_57' title="bbox 263 4014 1846 4086; baseline -0.001 -16"><span class='ocrx_word' id='word_1_385' title='bbox 263 4017 360 4071; x_wconf 88' lang='lat' dir='ltr'><strong>nis</strong></span> <span class='ocrx_word' id='word_1_386' title='bbox 387 4015 607 4086; x_wconf 83' lang='lat' dir='ltr'><strong>praefuit</strong></span> <span class='ocrx_word' id='word_1_387' title='bbox 643 4015 926 4070; x_wconf 83' lang='lat' dir='ltr'><strong>Ecclesiae.</strong></span> <span class='ocrx_word' id='word_1_388' title='bbox 963 4014 1080 4070; x_wconf 90' lang='lat' dir='ltr'><strong>lloc</strong></span> <span class='ocrx_word' id='word_1_389' title='bbox 1103 4030 1321 4085; x_wconf 85' lang='lat' dir='ltr'><strong>quoque</strong></span> <span class='ocrx_word' id='word_1_390' title='bbox 1353 4031 1500 4070; x_wconf 89' lang='lat' dir='ltr'><strong>anno</strong></span> <span class='ocrx_word' id='word_1_391' title='bbox 1530 4016 1699 4071; x_wconf 87' lang='lat' dir='ltr'><strong>movit</strong></span> <span class='ocrx_word' id='word_1_392' title='bbox 1732 4014 1846 4070; x_wconf 83' lang='lat' dir='ltr'><strong>Ma-</strong></span> 
     </span>
    </p>
   </div>
   <div class='ocr_carea' id='block_1_58' title="bbox 263 4106 1844 4170">
    <p class='ocr_par' dir='ltr' id='par_1_58' title="bbox 263 4106 1844 4170">
     <span class='ocr_line' id='line_1_58' title="bbox 263 4106 1844 4170; baseline -0.001 -5"><span class='ocrx_word' id='word_1_393' title='bbox 263 4108 480 4165; x_wconf 87' lang='lat' dir='ltr'><strong>salmas</strong></span> <span class='ocrx_word' id='word_1_394' title='bbox 495 4109 798 4163; x_wconf 79' lang='lat' dir='ltr'><strong>exercitum</strong></span> <span class='ocrx_word' id='word_1_395' title='bbox 819 4117 1015 4163; x_wconf 90' lang='lat' dir='ltr'><strong>contra</strong></span> <span class='ocrx_word' id='word_1_396' title='bbox 1048 4106 1395 4170; x_wconf 80' lang='lat' dir='ltr'><strong>Romaniain,</strong></span> <span class='ocrx_word' id='word_1_397' title='bbox 1429 4115 1624 4164; x_wconf 89' lang='lat' dir='ltr'><strong>etcum</strong></span> <span class='ocrx_word' id='word_1_398' title='bbox 1659 4109 1844 4164; x_wconf 82' lang='lat' dir='ltr'><strong>venis-</strong></span> 
     </span>
    </p>
   </div>
   <div class='ocr_carea' id='block_1_59' title="bbox 265 4185 1846 4278">
    <p class='ocr_par' dir='ltr' id='par_1_59' title="bbox 265 4185 1846 4278">
     <span class='ocr_line' id='line_1_59' title="bbox 265 4185 1846 4278; baseline 0 -22"><span class='ocrx_word' id='word_1_399' title='bbox 265 4207 357 4256; x_wconf 86' lang='lat' dir='ltr'><strong>set</strong></span> <span class='ocrx_word' id='word_1_400' title='bbox 388 4199 444 4255; x_wconf 90' lang='lat' dir='ltr'><strong>in</strong></span> <span class='ocrx_word' id='word_1_401' title='bbox 487 4197 914 4278; x_wconf 53' lang='lat' dir='ltr'><strong>Cappadociam,</strong></span> <span class='ocrx_word' id='word_1_402' title='bbox 965 4185 1094 4255; x_wconf 87' lang='lat' dir='ltr'><strong>dolo</strong></span> <span class='ocrx_word' id='word_1_403' title='bbox 1148 4200 1292 4271; x_wconf 89' lang='lat' dir='ltr'><strong>cepit</strong></span> <span class='ocrx_word' id='word_1_404' title='bbox 1329 4199 1695 4257; x_wconf 88' lang='lat' dir='ltr'><strong>Charsianum</strong></span> <span class='ocrx_word' id='word_1_405' title='bbox 1753 4215 1846 4256; x_wconf 88' lang='lat' dir='ltr'><strong>ca-</strong></span> 
     </span>
    </p>
   </div>
   <div class='ocr_carea' id='block_1_60' title="bbox 257 4281 472 4370">
    <p class='ocr_par' dir='ltr' id='par_1_60' title="bbox 257 4281 472 4370">
     <span class='ocr_line' id='line_1_60' title="bbox 257 4281 472 4370; baseline -0.005 -24"><span class='ocrx_word' id='word_1_406' title='bbox 257 4281 472 4370; x_wconf 21' lang='lat' dir='ltr'><strong>Istrum.</strong></span> 
     </span>
    </p>
   </div>
   <div class='ocr_carea' id='block_1_61' title="bbox 341 4382 1848 4455">
    <p class='ocr_par' dir='ltr' id='par_1_61' title="bbox 341 4382 1848 4455">
     <span class='ocr_line' id='line_1_61' title="bbox 341 4382 1848 4455; baseline 0.001 -18"><span class='ocrx_word' id='word_1_407' title='bbox 341 4382 506 4438; x_wconf 81' lang='lat' dir='ltr'><strong>Anno</strong></span> <span class='ocrx_word' id='word_1_408' title='bbox 536 4383 750 4455; x_wconf 88' lang='lat' dir='ltr'><strong>imperii</strong></span> <span class='ocrx_word' id='word_1_409' title='bbox 805 4383 1006 4442; x_wconf 86' lang='lat' dir='ltr'><strong>Leonis</strong></span> <span class='ocrx_word' id='word_1_410' title='bbox 1035 4383 1104 4439; x_wconf 82' lang='grc'><strong>15</strong></span> <span class='ocrx_word' id='word_1_411' title='bbox 1142 4382 1435 4441; x_wconf 85' lang='lat' dir='ltr'><strong>Masalmas</strong></span> <span class='ocrx_word' id='word_1_412' title='bbox 1482 4390 1668 4441; x_wconf 89' lang='lat' dir='ltr'><strong>castra</strong></span> <span class='ocrx_word' id='word_1_413' title='bbox 1730 4396 1848 4439; x_wconf 87' lang='lat' dir='ltr'><strong>mo-</strong></span> 
     </span>
    </p>
   </div>
   <div class='ocr_carea' id='block_1_62' title="bbox 2022 1918 3538 1992">
    <p class='ocr_par' dir='ltr' id='par_1_62' title="bbox 2022 1918 3538 1992">
     <span class='ocr_line' id='line_1_62' title="bbox 2022 1918 3538 1992; baseline 0.009 -20"><span class='ocrx_word' id='word_1_414' title='bbox 2022 1921 2182 1975; x_wconf 84' lang='lat' dir='ltr'><strong>Anno</strong></span> <span class='ocrx_word' id='word_1_415' title='bbox 2217 1921 2428 1992; x_wconf 89' lang='lat' dir='ltr'><strong>imperii</strong></span> <span class='ocrx_word' id='word_1_416' title='bbox 2457 1922 2658 1982; x_wconf 87' lang='lat' dir='ltr'><strong>Leonis</strong></span> <span class='ocrx_word' id='word_1_417' title='bbox 2680 1925 2744 1980; x_wconf 76' lang='lat' dir='ltr'><strong>i9</strong></span> <span class='ocrx_word' id='word_1_418' title='bbox 2774 1918 2944 1982; x_wconf 81' lang='lat' dir='ltr'><strong>movit</strong></span> <span class='ocrx_word' id='word_1_419' title='bbox 2971 1928 3280 1984; x_wconf 81' lang='lat' dir='ltr'><strong>exercitum</strong></span> <span class='ocrx_word' id='word_1_420' title='bbox 3309 1929 3538 1986; x_wconf 85' lang='lat' dir='ltr'><strong>Sulehi-</strong></span> 
     </span>
    </p>
   </div>
   <div class='ocr_carea' id='block_1_63' title="bbox 1953 2012 3536 2094">
    <p class='ocr_par' dir='ltr' id='par_1_63' title="bbox 1953 2012 3536 2094">
     <span class='ocr_line' id='line_1_63' title="bbox 1953 2012 3536 2094; baseline 0.008 -29"><span class='ocrx_word' id='word_1_421' title='bbox 1953 2026 2089 2078; x_wconf 12' lang='lat' dir='ltr'><strong>manu</strong></span> <span class='ocrx_word' id='word_1_422' title='bbox 2109 2012 2255 2068; x_wconf 78' lang='lat' dir='ltr'><strong>ﬁlius</strong></span> <span class='ocrx_word' id='word_1_423' title='bbox 2298 2014 2483 2070; x_wconf 89' lang='lat' dir='ltr'><strong>llisam</strong></span> <span class='ocrx_word' id='word_1_424' title='bbox 2516 2016 2783 2074; x_wconf 88' lang='lat' dir='ltr'><strong>adversus</strong></span> <span class='ocrx_word' id='word_1_425' title='bbox 2807 2019 3196 2076; x_wconf 88' lang='lat' dir='ltr'><strong>Armeniorum</strong></span> <span class='ocrx_word' id='word_1_426' title='bbox 3229 2022 3536 2094; x_wconf 74' lang='lat' dir='ltr'><strong>regionem,</strong></span> 
     </span>
    </p>
   </div>
   <div class='ocr_carea' id='block_1_64' title="bbox 1953 2104 2458 2177">
    <p class='ocr_par' dir='ltr' id='par_1_64' title="bbox 1953 2104 2458 2177">
     <span class='ocr_line' id='line_1_64' title="bbox 1953 2104 2458 2177; baseline 0.004 -18"><span class='ocrx_word' id='word_1_427' title='bbox 1953 2113 2009 2159; x_wconf 91' lang='lat' dir='ltr'><strong>et</strong></span> <span class='ocrx_word' id='word_1_428' title='bbox 2035 2104 2176 2162; x_wconf 88' lang='lat' dir='ltr'><strong>nihil</strong></span> <span class='ocrx_word' id='word_1_429' title='bbox 2201 2107 2458 2177; x_wconf 79' lang='lat' dir='ltr'><strong>proiecit.</strong></span> 
     </span>
    </p>
   </div>
   <div class='ocr_carea' id='block_1_65' title="bbox 2023 2198 3536 2269">
    <p class='ocr_par' dir='ltr' id='par_1_65' title="bbox 2023 2198 3536 2269">
     <span class='ocr_line' id='line_1_65' title="bbox 2023 2198 3536 2269; baseline 0.005 -17"><span class='ocrx_word' id='word_1_430' title='bbox 2023 2199 2182 2253; x_wconf 78' lang='lat' dir='ltr'><strong>Anno</strong></span> <span class='ocrx_word' id='word_1_431' title='bbox 2217 2199 2436 2269; x_wconf 88' lang='lat' dir='ltr'><strong>imperii</strong></span> <span class='ocrx_word' id='word_1_432' title='bbox 2494 2198 2695 2259; x_wconf 79' lang='lat' dir='ltr'><strong>Leonis</strong></span> <span class='ocrx_word' id='word_1_433' title='bbox 2745 2201 2809 2256; x_wconf 75' lang='lat' dir='ltr'><strong>2i</strong></span> <span class='ocrx_word' id='word_1_434' title='bbox 2867 2200 3190 2258; x_wconf 88' lang='lat' dir='ltr'><strong>Sulehiman</strong></span> <span class='ocrx_word' id='word_1_435' title='bbox 3242 2203 3435 2259; x_wconf 90' lang='lat' dir='ltr'><strong>multis</strong></span> <span class='ocrx_word' id='word_1_436' title='bbox 3473 2206 3536 2259; x_wconf 47' lang='lat' dir='ltr'><strong>uin</strong></span> 
     </span>
    </p>
   </div>
   <div class='ocr_carea' id='block_1_66' title="bbox 1953 2289 3538 2365">
    <p class='ocr_par' dir='ltr' id='par_1_66' title="bbox 1953 2289 3538 2365">
     <span class='ocr_line' id='line_1_66' title="bbox 1953 2289 3538 2365; baseline 0.004 -21"><span class='ocrx_word' id='word_1_437' title='bbox 1953 2289 2324 2357; x_wconf 84' lang='lat' dir='ltr'><strong>captivitatem</strong></span> <span class='ocrx_word' id='word_1_438' title='bbox 2371 2306 2452 2348; x_wconf 65' lang='lat' dir='ltr'><strong>ex.</strong></span> <span class='ocrx_word' id='word_1_439' title='bbox 2491 2291 2623 2346; x_wconf 90' lang='lat' dir='ltr'><strong>Asia</strong></span> <span class='ocrx_word' id='word_1_440' title='bbox 2682 2292 2904 2359; x_wconf 89' lang='lat' dir='ltr'><strong>ductis,</strong></span> <span class='ocrx_word' id='word_1_441' title='bbox 2963 2295 3254 2364; x_wconf 87' lang='lat' dir='ltr'><strong>quemdam</strong></span> <span class='ocrx_word' id='word_1_442' title='bbox 3317 2309 3538 2365; x_wconf 83' lang='lat' dir='ltr'><strong>quoque</strong></span> 
     </span>
    </p>
   </div>
   <div class='ocr_carea' id='block_1_67' title="bbox 1957 2379 3535 2456">
    <p class='ocr_par' dir='ltr' id='par_1_67' title="bbox 1957 2379 3535 2456">
     <span class='ocr_line' id='line_1_67' title="bbox 1957 2379 3535 2456; baseline 0.004 -22"><span class='ocrx_word' id='word_1_443' title='bbox 1957 2379 2352 2450; x_wconf 75' lang='lat' dir='ltr'><strong>Pergamenum</strong></span> <span class='ocrx_word' id='word_1_444' title='bbox 2389 2383 2600 2452; x_wconf 90' lang='lat' dir='ltr'><strong>pariter</strong></span> <span class='ocrx_word' id='word_1_445' title='bbox 2649 2382 2806 2438; x_wconf 80' lang='lat' dir='ltr'><strong>duxit</strong></span> <span class='ocrx_word' id='word_1_446' title='bbox 2857 2385 3160 2455; x_wconf 85' lang='lat' dir='ltr'><strong>captivum,</strong></span> <span class='ocrx_word' id='word_1_447' title='bbox 3193 2385 3290 2456; x_wconf 89' lang='lat' dir='ltr'><strong>qui</strong></span> <span class='ocrx_word' id='word_1_448' title='bbox 3314 2385 3535 2442; x_wconf 89' lang='lat' dir='ltr'><strong>dicebat</strong></span> 
     </span>
    </p>
   </div>
   <div class='ocr_carea' id='block_1_68' title="bbox 1955 2472 3535 2534">
    <p class='ocr_par' dir='ltr' id='par_1_68' title="bbox 1955 2472 3535 2534">
     <span class='ocr_line' id='line_1_68' title="bbox 1955 2472 3535 2534; baseline 0.003 -5"><span class='ocrx_word' id='word_1_449' title='bbox 1955 2488 2015 2529; x_wconf 83' lang='lat' dir='ltr'><strong>se</strong></span> <span class='ocrx_word' id='word_1_450' title='bbox 2040 2472 2321 2530; x_wconf 82' lang='lat' dir='ltr'><strong>Tiberium</strong></span> <span class='ocrx_word' id='word_1_451' title='bbox 2353 2475 2526 2530; x_wconf 84' lang='lat' dir='ltr'><strong>ﬁlium</strong></span> <span class='ocrx_word' id='word_1_452' title='bbox 2557 2491 2679 2533; x_wconf 89' lang='lat' dir='ltr'><strong>esse</strong></span> <span class='ocrx_word' id='word_1_453' title='bbox 2699 2475 3025 2532; x_wconf 72' lang='lat' dir='ltr'><strong>Iustiniani.</strong></span> <span class='ocrx_word' id='word_1_454' title='bbox 3083 2476 3242 2532; x_wconf 78' lang='lat' dir='ltr'><strong>Hune</strong></span> <span class='ocrx_word' id='word_1_455' title='bbox 3274 2477 3443 2534; x_wconf 87' lang='lat' dir='ltr'><strong>Hison</strong></span> <span class='ocrx_word' id='word_1_456' title='bbox 3477 2478 3535 2533; x_wconf 87' lang='lat' dir='ltr'><strong>in</strong></span> 
     </span>
    </p>
   </div>
   <div class='ocr_carea' id='block_1_69' title="bbox 1956 2562 3535 2636">
    <p class='ocr_par' dir='ltr' id='par_1_69' title="bbox 1956 2562 3535 2636">
     <span class='ocr_line' id='line_1_69' title="bbox 1956 2562 3535 2636; baseline 0.002 -20"><span class='ocrx_word' id='word_1_457' title='bbox 1956 2562 2219 2618; x_wconf 83' lang='lat' dir='ltr'><strong>honorem</strong></span> <span class='ocrx_word' id='word_1_458' title='bbox 2263 2562 2359 2617; x_wconf 83' lang='lat' dir='ltr'><strong>lilii</strong></span> <span class='ocrx_word' id='word_1_459' title='bbox 2410 2563 2496 2620; x_wconf 88' lang='lat' dir='ltr'><strong>sui</strong></span> <span class='ocrx_word' id='word_1_460' title='bbox 2529 2572 2693 2634; x_wconf 90' lang='lat' dir='ltr'><strong>atque</strong></span> <span class='ocrx_word' id='word_1_461' title='bbox 2733 2565 2788 2620; x_wconf 92' lang='lat' dir='ltr'><strong>in</strong></span> <span class='ocrx_word' id='word_1_462' title='bbox 2820 2567 3218 2636; x_wconf 82' lang='lat' dir='ltr'><strong>imperatorum</strong></span> <span class='ocrx_word' id='word_1_463' title='bbox 3263 2573 3535 2621; x_wconf 85' lang='lat' dir='ltr'><strong>terrorem</strong></span> 
     </span>
    </p>
   </div>
   <div class='ocr_carea' id='block_1_70' title="bbox 1953 2657 3536 2727">
    <p class='ocr_par' dir='ltr' id='par_1_70' title="bbox 1953 2657 3536 2727">
     <span class='ocr_line' id='line_1_70' title="bbox 1953 2657 3536 2727; baseline 0.002 -19"><span class='ocrx_word' id='word_1_464' title='bbox 1953 2669 2081 2711; x_wconf 87' lang='lat' dir='ltr'><strong>cum</strong></span> <span class='ocrx_word' id='word_1_465' title='bbox 2114 2657 2572 2726; x_wconf 72' lang='lat' dir='ltr'><strong>imperatorioac</strong></span> <span class='ocrx_word' id='word_1_466' title='bbox 2603 2657 2822 2713; x_wconf 78' lang='lat' dir='ltr'><strong>decenti</strong></span> <span class='ocrx_word' id='word_1_467' title='bbox 2868 2657 3076 2713; x_wconf 87' lang='lat' dir='ltr'><strong>honore</strong></span> <span class='ocrx_word' id='word_1_468' title='bbox 3111 2657 3436 2727; x_wconf 86' lang='lat' dir='ltr'><strong>militiisque</strong></span> <span class='ocrx_word' id='word_1_469' title='bbox 3470 2672 3536 2711; x_wconf 88' lang='lat' dir='ltr'><strong>ac</strong></span> 
     </span>
    </p>
   </div>
   <div class='ocr_carea' id='block_1_71' title="bbox 1959 2746 3534 2828">
    <p class='ocr_par' dir='ltr' id='par_1_71' title="bbox 1959 2746 3534 2828">
     <span class='ocr_line' id='line_1_71' title="bbox 1959 2746 3534 2828; baseline -0.002 -25"><span class='ocrx_word' id='word_1_470' title='bbox 1959 2747 2154 2828; x_wconf 87' lang='lat' dir='ltr'><strong>bandis</strong></span> <span class='ocrx_word' id='word_1_471' title='bbox 2203 2756 2259 2804; x_wconf 90' lang='lat' dir='ltr'><strong>et</strong></span> <span class='ocrx_word' id='word_1_472' title='bbox 2305 2749 2544 2820; x_wconf 84' lang='lat' dir='ltr'><strong>sceptris</strong></span> <span class='ocrx_word' id='word_1_473' title='bbox 2599 2748 2658 2803; x_wconf 90' lang='lat' dir='ltr'><strong>in</strong></span> <span class='ocrx_word' id='word_1_474' title='bbox 2704 2746 3008 2806; x_wconf 80' lang='lat' dir='ltr'><strong>Jerusalem</strong></span> <span class='ocrx_word' id='word_1_475' title='bbox 3049 2748 3236 2814; x_wconf 89' lang='lat' dir='ltr'><strong>mittit,</strong></span> <span class='ocrx_word' id='word_1_476' title='bbox 3273 2757 3329 2804; x_wconf 91' lang='lat' dir='ltr'><strong>et</strong></span> <span class='ocrx_word' id='word_1_477' title='bbox 3368 2756 3534 2804; x_wconf 88' lang='lat' dir='ltr'><strong>totam</strong></span> 
     </span>
    </p>
   </div>
   <div class='ocr_carea' id='block_1_72' title="bbox 1954 2839 3537 2912">
    <p class='ocr_par' dir='ltr' id='par_1_72' title="bbox 1954 2839 3537 2912">
     <span class='ocr_line' id='line_1_72' title="bbox 1954 2839 3537 2912; baseline 0 -17"><span class='ocrx_word' id='word_1_478' title='bbox 1954 2839 2168 2910; x_wconf 89' lang='lat' dir='ltr'><strong>Syriam</strong></span> <span class='ocrx_word' id='word_1_479' title='bbox 2191 2841 2534 2898; x_wconf 89' lang='lat' dir='ltr'><strong>circumduci</strong></span> <span class='ocrx_word' id='word_1_480' title='bbox 2562 2857 2687 2899; x_wconf 87' lang='lat' dir='ltr'><strong>cum</strong></span> <span class='ocrx_word' id='word_1_481' title='bbox 2726 2843 2900 2898; x_wconf 87' lang='lat' dir='ltr'><strong>multo</strong></span> <span class='ocrx_word' id='word_1_482' title='bbox 2923 2841 3083 2912; x_wconf 88' lang='lat' dir='ltr'><strong>jubet</strong></span> <span class='ocrx_word' id='word_1_483' title='bbox 3107 2841 3317 2897; x_wconf 87' lang='lat' dir='ltr'><strong>honore</strong></span> <span class='ocrx_word' id='word_1_484' title='bbox 3344 2841 3415 2896; x_wconf 88' lang='lat' dir='ltr'><strong>ad</strong></span> <span class='ocrx_word' id='word_1_485' title='bbox 3451 2840 3537 2896; x_wconf 81' lang='lat' dir='ltr'><strong>vi-</strong></span> 
     </span>
    </p>
   </div>
   <div class='ocr_carea' id='block_1_73' title="bbox 1954 2933 2550 2990">
    <p class='ocr_par' dir='ltr' id='par_1_73' title="bbox 1954 2933 2550 2990">
     <span class='ocr_line' id='line_1_73' title="bbox 1954 2933 2550 2990; baseline -0.007 0"><span class='ocrx_word' id='word_1_486' title='bbox 1954 2933 2168 2990; x_wconf 84' lang='lat' dir='ltr'><strong>sionem</strong></span> <span class='ocrx_word' id='word_1_487' title='bbox 2199 2942 2550 2989; x_wconf 87' lang='lat' dir='ltr'><strong>cunctorum.</strong></span> 
     </span>
    </p>
   </div>
   <div class='ocr_carea' id='block_1_74' title="bbox 2023 3015 3531 3086">
    <p class='ocr_par' dir='ltr' id='par_1_74' title="bbox 2023 3015 3531 3086">
     <span class='ocr_line' id='line_1_74' title="bbox 2023 3015 3531 3086; baseline 0.001 -16"><span class='ocrx_word' id='word_1_488' title='bbox 2023 3018 2182 3070; x_wconf 85' lang='lat' dir='ltr'><strong>Anno</strong></span> <span class='ocrx_word' id='word_1_489' title='bbox 2210 3018 2422 3086; x_wconf 82' lang='lat' dir='ltr'><strong>imperii</strong></span> <span class='ocrx_word' id='word_1_490' title='bbox 2452 3017 2646 3075; x_wconf 70' lang='lat' dir='ltr'><strong>Leuis</strong></span> <span class='ocrx_word' id='word_1_491' title='bbox 2678 3017 2750 3068; x_wconf 69' lang='lat'><strong>‘22</strong></span> <span class='ocrx_word' id='word_1_492' title='bbox 2777 3024 2958 3071; x_wconf 89' lang='lat' dir='ltr'><strong>movet</strong></span> <span class='ocrx_word' id='word_1_493' title='bbox 2984 3017 3286 3074; x_wconf 84' lang='lat' dir='ltr'><strong>exercitum</strong></span> <span class='ocrx_word' id='word_1_494' title='bbox 3308 3015 3531 3072; x_wconf 85' lang='lat' dir='ltr'><strong>Sulehi—</strong></span> 
     </span>
    </p>
   </div>
   <div class='ocr_carea' id='block_1_75' title="bbox 1955 3104 3531 3175">
    <p class='ocr_par' dir='ltr' id='par_1_75' title="bbox 1955 3104 3531 3175">
     <span class='ocr_line' id='line_1_75' title="bbox 1955 3104 3531 3175; baseline -0.001 -15"><span class='ocrx_word' id='word_1_495' title='bbox 1955 3121 2081 3162; x_wconf 86' lang='lat' dir='ltr'><strong>man</strong></span> <span class='ocrx_word' id='word_1_496' title='bbox 2115 3118 2304 3161; x_wconf 86' lang='lat' dir='ltr'><strong>contra</strong></span> <span class='ocrx_word' id='word_1_497' title='bbox 2332 3104 2678 3171; x_wconf 79' lang='lat' dir='ltr'><strong>Romanam,</strong></span> <span class='ocrx_word' id='word_1_498' title='bbox 2707 3113 2764 3161; x_wconf 92' lang='lat' dir='ltr'><strong>et</strong></span> <span class='ocrx_word' id='word_1_499' title='bbox 2789 3106 3155 3175; x_wconf 82' lang='lat' dir='ltr'><strong>depOpulatus</strong></span> <span class='ocrx_word' id='word_1_500' title='bbox 3178 3114 3266 3160; x_wconf 90' lang='lat' dir='ltr'><strong>est</strong></span> <span class='ocrx_word' id='word_1_501' title='bbox 3286 3113 3531 3160; x_wconf 84' lang='lat' dir='ltr'><strong>castrum</strong></span> 
     </span>
    </p>
   </div>
   <div class='ocr_carea' id='block_1_76' title="bbox 1950 3195 3534 3267">
    <p class='ocr_par' dir='ltr' id='par_1_76' title="bbox 1950 3195 3534 3267">
     <span class='ocr_line' id='line_1_76' title="bbox 1950 3195 3534 3267; baseline 0.001 -17"><span class='ocrx_word' id='word_1_502' title='bbox 1950 3196 2096 3267; x_wconf 91' lang='lat' dir='ltr'><strong>quod</strong></span> <span class='ocrx_word' id='word_1_503' title='bbox 2146 3195 2351 3252; x_wconf 85' lang='lat' dir='ltr'><strong>dicitur</strong></span> <span class='ocrx_word' id='word_1_504' title='bbox 2379 3196 2653 3262; x_wconf 88' lang='lat' dir='ltr'><strong>Siderum,</strong></span> <span class='ocrx_word' id='word_1_505' title='bbox 2689 3205 2746 3252; x_wconf 88' lang='lat' dir='ltr'><strong>et</strong></span> <span class='ocrx_word' id='word_1_506' title='bbox 2782 3195 3143 3258; x_wconf 83' lang='lat' dir='ltr'><strong>Eustachium</strong></span> <span class='ocrx_word' id='word_1_507' title='bbox 3193 3196 3361 3250; x_wconf 87' lang='lat' dir='ltr'><strong>lilium</strong></span> <span class='ocrx_word' id='word_1_508' title='bbox 3419 3195 3534 3251; x_wconf 78' lang='lat' dir='ltr'><strong>Ma-</strong></span> 
     </span>
    </p>
   </div>
   <div class='ocr_carea' id='block_1_77' title="bbox 1949 3287 3106 3366">
    <p class='ocr_par' dir='ltr' id='par_1_77' title="bbox 1949 3287 3106 3366">
     <span class='ocr_line' id='line_1_77' title="bbox 1949 3287 3106 3366; baseline -0.002 -23"><span class='ocrx_word' id='word_1_509' title='bbox 1949 3288 2090 3344; x_wconf 88' lang='lat' dir='ltr'><strong>riani</strong></span> <span class='ocrx_word' id='word_1_510' title='bbox 2116 3288 2334 3358; x_wconf 83' lang='lat' dir='ltr'><strong>patricii</strong></span> <span class='ocrx_word' id='word_1_511' title='bbox 2365 3289 2646 3358; x_wconf 88' lang='lat' dir='ltr'><strong>captivum</strong></span> <span class='ocrx_word' id='word_1_512' title='bbox 2683 3287 2863 3342; x_wconf 76' lang='lat' dir='ltr'><strong>duxit.</strong></span> <span class='ocrx_word' id='word_1_513' title='bbox 3103 3361 3106 3366; x_wconf 88' lang='lat'><em>_</em></span> 
     </span>
    </p>
   </div>
   <div class='ocr_carea' id='block_1_78' title="bbox 2013 3377 3534 3450">
    <p class='ocr_par' dir='ltr' id='par_1_78' title="bbox 2013 3377 3534 3450">
     <span class='ocr_line' id='line_1_78' title="bbox 2013 3377 3534 3450; baseline -0.001 -14"><span class='ocrx_word' id='word_1_514' title='bbox 2013 3380 2177 3436; x_wconf 80' lang='lat' dir='ltr'><strong>Anno</strong></span> <span class='ocrx_word' id='word_1_515' title='bbox 2204 3380 2422 3450; x_wconf 88' lang='lat' dir='ltr'><strong>imperii</strong></span> <span class='ocrx_word' id='word_1_516' title='bbox 2456 3379 2656 3436; x_wconf 85' lang='lat' dir='ltr'><strong>Leonis</strong></span> <span class='ocrx_word' id='word_1_517' title='bbox 2685 3381 2778 3445; x_wconf 73' lang='grc'><strong>25,</strong></span> <span class='ocrx_word' id='word_1_518' title='bbox 2817 3394 3011 3436; x_wconf 83' lang='lat' dir='ltr'><strong>mense</strong></span> <span class='ocrx_word' id='word_1_519' title='bbox 3069 3377 3233 3439; x_wconf 80' lang='lat' dir='ltr'><strong>Maio.</strong></span> <span class='ocrx_word' id='word_1_520' title='bbox 3274 3378 3534 3435; x_wconf 83' lang='lat' dir='ltr'><strong>indictio-</strong></span> 
     </span>
    </p>
   </div>
   <div class='ocr_carea' id='block_1_79' title="bbox 1952 3471 3537 3538">
    <p class='ocr_par' dir='ltr' id='par_1_79' title="bbox 1952 3471 3537 3538">
     <span class='ocr_line' id='line_1_79' title="bbox 1952 3471 3537 3538; baseline 0 -13"><span class='ocrx_word' id='word_1_521' title='bbox 1952 3472 2040 3538; x_wconf 84' lang='lat' dir='ltr'><strong>nis</strong></span> <span class='ocrx_word' id='word_1_522' title='bbox 2070 3472 2126 3538; x_wconf 87' lang='lat'><strong>8,</strong></span> <span class='ocrx_word' id='word_1_523' title='bbox 2155 3481 2328 3532; x_wconf 77' lang='lat' dir='ltr'><strong>movtt</strong></span> <span class='ocrx_word' id='word_1_524' title='bbox 2381 3475 2698 3532; x_wconf 81' lang='lat' dir='ltr'><strong>exercitum</strong></span> <span class='ocrx_word' id='word_1_525' title='bbox 2735 3473 3057 3530; x_wconf 88' lang='lat' dir='ltr'><strong>Sulehiman</strong></span> <span class='ocrx_word' id='word_1_526' title='bbox 3091 3481 3285 3528; x_wconf 89' lang='lat' dir='ltr'><strong>contra</strong></span> <span class='ocrx_word' id='word_1_527' title='bbox 3339 3471 3537 3526; x_wconf 82' lang='lat' dir='ltr'><strong>Roma-</strong></span> 
     </span>
    </p>
   </div>
   <div class='ocr_carea' id='block_1_80' title="bbox 1948 3562 3535 3633">
    <p class='ocr_par' dir='ltr' id='par_1_80' title="bbox 1948 3562 3535 3633">
     <span class='ocr_line' id='line_1_80' title="bbox 1948 3562 3535 3633; baseline 0 -17"><span class='ocrx_word' id='word_1_528' title='bbox 1948 3562 2096 3616; x_wconf 90' lang='lat' dir='ltr'><strong>niam</strong></span> <span class='ocrx_word' id='word_1_529' title='bbox 2121 3577 2246 3618; x_wconf 88' lang='lat' dir='ltr'><strong>cum</strong></span> <span class='ocrx_word' id='word_1_530' title='bbox 2267 3565 2563 3633; x_wconf 83' lang='lat' dir='ltr'><strong>nonaginta</strong></span> <span class='ocrx_word' id='word_1_531' title='bbox 2589 3563 2834 3620; x_wconf 90' lang='lat' dir='ltr'><strong>millibus</strong></span> <span class='ocrx_word' id='word_1_532' title='bbox 2870 3571 2924 3620; x_wconf 88' lang='lat' dir='ltr'><strong>et</strong></span> <span class='ocrx_word' id='word_1_533' title='bbox 2961 3563 3377 3632; x_wconf 86' lang='lat' dir='ltr'><strong>magistratibus</strong></span> <span class='ocrx_word' id='word_1_534' title='bbox 3398 3577 3535 3632; x_wconf 77' lang='lat' dir='ltr'><strong>qua-</strong></span> 
     </span>
    </p>
   </div>
   <div class='ocr_carea' id='block_1_81' title="bbox 1949 3653 3535 3723">
    <p class='ocr_par' dir='ltr' id='par_1_81' title="bbox 1949 3653 3535 3723">
     <span class='ocr_line' id='line_1_81' title="bbox 1949 3653 3535 3723; baseline 0.001 -14"><span class='ocrx_word' id='word_1_535' title='bbox 1949 3664 2107 3719; x_wconf 87' lang='lat' dir='ltr'><strong>tuor,</strong></span> <span class='ocrx_word' id='word_1_536' title='bbox 2149 3668 2383 3723; x_wconf 84' lang='lat' dir='ltr'><strong>quorum</strong></span> <span class='ocrx_word' id='word_1_537' title='bbox 2422 3653 2626 3708; x_wconf 83' lang='lat' dir='ltr'><strong>Gamer</strong></span> <span class='ocrx_word' id='word_1_538' title='bbox 2654 3653 2764 3708; x_wconf 84' lang='lat' dir='ltr'><strong>dux</strong></span> <span class='ocrx_word' id='word_1_539' title='bbox 2798 3662 2920 3708; x_wconf 90' lang='lat' dir='ltr'><strong>erat</strong></span> <span class='ocrx_word' id='word_1_540' title='bbox 2967 3654 3238 3709; x_wconf 88' lang='lat' dir='ltr'><strong>insidians</strong></span> <span class='ocrx_word' id='word_1_541' title='bbox 3276 3654 3330 3707; x_wconf 92' lang='lat' dir='ltr'><strong>in</strong></span> <span class='ocrx_word' id='word_1_542' title='bbox 3376 3655 3535 3710; x_wconf 88' lang='lat' dir='ltr'><strong>denis</strong></span> 
     </span>
    </p>
   </div>
   <div class='ocr_carea' id='block_1_82' title="bbox 1949 3743 3534 3813">
    <p class='ocr_par' dir='ltr' id='par_1_82' title="bbox 1949 3743 3534 3813">
     <span class='ocr_line' id='line_1_82' title="bbox 1949 3743 3534 3813; baseline 0.001 -17"><span class='ocrx_word' id='word_1_543' title='bbox 1949 3743 2194 3800; x_wconf 87' lang='lat' dir='ltr'><strong>millibus</strong></span> <span class='ocrx_word' id='word_1_544' title='bbox 2221 3743 2550 3799; x_wconf 88' lang='lat' dir='ltr'><strong>latrunculis</strong></span> <span class='ocrx_word' id='word_1_545' title='bbox 2594 3743 2816 3799; x_wconf 72' lang='lat' dir='ltr'><strong>Asiana:</strong></span> <span class='ocrx_word' id='word_1_546' title='bbox 2862 3751 3024 3799; x_wconf 73' lang='lat' dir='ltr'><strong>terra:</strong></span> <span class='ocrx_word' id='word_1_547' title='bbox 3051 3743 3324 3813; x_wconf 88' lang='lat' dir='ltr'><strong>partibus,</strong></span> <span class='ocrx_word' id='word_1_548' title='bbox 3373 3744 3534 3813; x_wconf 81' lang='lat' dir='ltr'><strong>cujus</strong></span> 
     </span>
    </p>
   </div>
   <div class='ocr_carea' id='block_1_83' title="bbox 1950 3833 3534 3905">
    <p class='ocr_par' dir='ltr' id='par_1_83' title="bbox 1950 3833 3534 3905">
     <span class='ocr_line' id='line_1_83' title="bbox 1950 3833 3534 3905; baseline -0.001 -16"><span class='ocrx_word' id='word_1_549' title='bbox 1950 3833 2088 3889; x_wconf 90' lang='lat' dir='ltr'><strong>socii</strong></span> <span class='ocrx_word' id='word_1_550' title='bbox 2140 3843 2300 3890; x_wconf 88' lang='lat' dir='ltr'><strong>erant</strong></span> <span class='ocrx_word' id='word_1_551' title='bbox 2351 3833 2546 3891; x_wconf 78' lang='lat' dir='ltr'><strong>Mellch</strong></span> <span class='ocrx_word' id='word_1_552' title='bbox 2587 3844 2644 3889; x_wconf 92' lang='lat' dir='ltr'><strong>ct</strong></span> <span class='ocrx_word' id='word_1_553' title='bbox 2685 3834 2838 3890; x_wconf 86' lang='lat' dir='ltr'><strong>Batal</strong></span> <span class='ocrx_word' id='word_1_554' title='bbox 2881 3849 3009 3890; x_wconf 90' lang='lat' dir='ltr'><strong>cum</strong></span> <span class='ocrx_word' id='word_1_555' title='bbox 3064 3835 3255 3905; x_wconf 82' lang='lat' dir='ltr'><strong>viginti</strong></span> <span class='ocrx_word' id='word_1_556' title='bbox 3292 3833 3534 3889; x_wconf 89' lang='lat' dir='ltr'><strong>millibus</strong></span> 
     </span>
    </p>
   </div>
   <div class='ocr_carea' id='block_1_84' title="bbox 1951 3924 3535 3996">
    <p class='ocr_par' dir='ltr' id='par_1_84' title="bbox 1951 3924 3535 3996">
     <span class='ocr_line' id='line_1_84' title="bbox 1951 3924 3535 3996; baseline 0.001 -16"><span class='ocrx_word' id='word_1_557' title='bbox 1951 3924 2197 3994; x_wconf 89' lang='lat' dir='ltr'><strong>equitum</strong></span> <span class='ocrx_word' id='word_1_558' title='bbox 2229 3928 2375 3982; x_wconf 89' lang='lat' dir='ltr'><strong>circa</strong></span> <span class='ocrx_word' id='word_1_559' title='bbox 2401 3926 2780 3982; x_wconf 81' lang='lat' dir='ltr'><strong>Achrobiuum</strong></span> <span class='ocrx_word' id='word_1_560' title='bbox 2818 3925 3231 3982; x_wconf 86' lang='lat' dir='ltr'><strong>debacchantes</strong></span> <span class='ocrx_word' id='word_1_561' title='bbox 3254 3965 3270 3990; x_wconf 94' lang='lat'><strong>,</strong></span> <span class='ocrx_word' id='word_1_562' title='bbox 3305 3933 3360 3981; x_wconf 92' lang='lat' dir='ltr'><strong>et</strong></span> <span class='ocrx_word' id='word_1_563' title='bbox 3409 3935 3535 3996; x_wconf 88' lang='lat' dir='ltr'><strong>post</strong></span> 
     </span>
    </p>
   </div>
   <div class='ocr_carea' id='block_1_85' title="bbox 1951 4015 3532 4088">
    <p class='ocr_par' dir='ltr' id='par_1_85' title="bbox 1951 4015 3532 4088">
     <span class='ocr_line' id='line_1_85' title="bbox 1951 4015 3532 4088; baseline 0 -18"><span class='ocrx_word' id='word_1_564' title='bbox 1951 4016 2054 4074; x_wconf 86' lang='lat' dir='ltr'><strong>hos</strong></span> <span class='ocrx_word' id='word_1_565' title='bbox 2081 4015 2404 4073; x_wconf 88' lang='lat' dir='ltr'><strong>Sulehiman</strong></span> <span class='ocrx_word' id='word_1_566' title='bbox 2444 4020 2498 4074; x_wconf 85' lang='lat' dir='ltr'><strong>in</strong></span> <span class='ocrx_word' id='word_1_567' title='bbox 2544 4016 2830 4088; x_wconf 81' lang='lat' dir='ltr'><strong>sexaginta</strong></span> <span class='ocrx_word' id='word_1_568' title='bbox 2865 4017 3112 4072; x_wconf 88' lang='lat' dir='ltr'><strong>millibus</strong></span> <span class='ocrx_word' id='word_1_569' title='bbox 3142 4017 3287 4073; x_wconf 88' lang='lat' dir='ltr'><strong>circa</strong></span> <span class='ocrx_word' id='word_1_570' title='bbox 3319 4015 3532 4087; x_wconf 81' lang='lat' dir='ltr'><strong>Cappa-</strong></span> 
     </span>
    </p>
   </div>
   <div class='ocr_carea' id='block_1_86' title="bbox 1949 4107 3532 4180">
    <p class='ocr_par' dir='ltr' id='par_1_86' title="bbox 1949 4107 3532 4180">
     <span class='ocr_line' id='line_1_86' title="bbox 1949 4107 3532 4180; baseline 0 -18"><span class='ocrx_word' id='word_1_571' title='bbox 1949 4107 2148 4163; x_wconf 87' lang='lat' dir='ltr'><strong>docum</strong></span> <span class='ocrx_word' id='word_1_572' title='bbox 2173 4107 2406 4178; x_wconf 86' lang='lat' dir='ltr'><strong>Tyanim</strong></span> <span class='ocrx_word' id='word_1_573' title='bbox 2450 4123 2800 4180; x_wconf 84' lang='lat' dir='ltr'><strong>progressus,</strong></span> <span class='ocrx_word' id='word_1_574' title='bbox 2826 4123 3063 4178; x_wconf 84' lang='lat' dir='ltr'><strong>quorum</strong></span> <span class='ocrx_word' id='word_1_575' title='bbox 3101 4107 3194 4163; x_wconf 91' lang='lat' dir='ltr'><strong>alii</strong></span> <span class='ocrx_word' id='word_1_576' title='bbox 3226 4122 3324 4178; x_wconf 89' lang='lat' dir='ltr'><strong>per</strong></span> <span class='ocrx_word' id='word_1_577' title='bbox 3340 4107 3532 4162; x_wconf 84' lang='lat' dir='ltr'><strong>Asiam</strong></span> 
     </span>
    </p>
   </div>
   <div class='ocr_carea' id='block_1_87' title="bbox 1949 4199 3530 4273">
    <p class='ocr_par' dir='ltr' id='par_1_87' title="bbox 1949 4199 3530 4273">
     <span class='ocr_line' id='line_1_87' title="bbox 1949 4199 3530 4273; baseline -0.004 -14"><span class='ocrx_word' id='word_1_578' title='bbox 1949 4213 2003 4259; x_wconf 87' lang='lat' dir='ltr'><strong>et</strong></span> <span class='ocrx_word' id='word_1_579' title='bbox 2023 4201 2449 4273; x_wconf 91' lang='lat' dir='ltr'><strong>Cappadociam,</strong></span> <span class='ocrx_word' id='word_1_580' title='bbox 2478 4203 2653 4258; x_wconf 89' lang='lat' dir='ltr'><strong>multo</strong></span> <span class='ocrx_word' id='word_1_581' title='bbox 2693 4201 2908 4258; x_wconf 80' lang='lat' dir='ltr'><strong>excidio</strong></span> <span class='ocrx_word' id='word_1_582' title='bbox 2933 4200 3176 4255; x_wconf 88' lang='lat' dir='ltr'><strong>virorum</strong></span> <span class='ocrx_word' id='word_1_583' title='bbox 3223 4213 3287 4255; x_wconf 91' lang='lat' dir='ltr'><strong>ac</strong></span> <span class='ocrx_word' id='word_1_584' title='bbox 3339 4199 3530 4254; x_wconf 80' lang='lat' dir='ltr'><strong>mulie-</strong></span> 
     </span>
    </p>
   </div>
   <div class='ocr_carea' id='block_1_88' title="bbox 1953 4287 3532 4365">
    <p class='ocr_par' dir='ltr' id='par_1_88' title="bbox 1953 4287 3532 4365">
     <span class='ocr_line' id='line_1_88' title="bbox 1953 4287 3532 4365; baseline -0.002 -15"><span class='ocrx_word' id='word_1_585' title='bbox 1953 4310 2074 4350; x_wconf 89' lang='lat' dir='ltr'><strong>rum</strong></span> <span class='ocrx_word' id='word_1_586' title='bbox 2128 4303 2296 4364; x_wconf 89' lang='lat' dir='ltr'><strong>atque</strong></span> <span class='ocrx_word' id='word_1_587' title='bbox 2345 4295 2724 4364; x_wconf 85' lang='lat' dir='ltr'><strong>jumentorum</strong></span> <span class='ocrx_word' id='word_1_588' title='bbox 2766 4301 3101 4365; x_wconf 86' lang='lat' dir='ltr'><strong>perpetrato,</strong></span> <span class='ocrx_word' id='word_1_589' title='bbox 3142 4290 3296 4348; x_wconf 64' lang='lat' dir='ltr'><strong>illaesi</strong></span> <span class='ocrx_word' id='word_1_590' title='bbox 3329 4287 3532 4349; x_wconf 79' lang='lat' dir='ltr'><strong>reversi</strong></span> 
     </span>
    </p>
   </div>
   <div class='ocr_carea' id='block_1_89' title="bbox 1949 4384 3537 4458">
    <p class='ocr_par' dir='ltr' id='par_1_89' title="bbox 1949 4384 3537 4458">
     <span class='ocr_line' id='line_1_89' title="bbox 1949 4384 3537 4458; baseline -0.003 -14"><span class='ocrx_word' id='word_1_591' title='bbox 1949 4395 2099 4444; x_wconf 79' lang='lat' dir='ltr'><strong>sunt.</strong></span> <span class='ocrx_word' id='word_1_592' title='bbox 2134 4387 2200 4442; x_wconf 86' lang='lat' dir='ltr'><strong>Hi</strong></span> <span class='ocrx_word' id='word_1_593' title='bbox 2242 4401 2375 4442; x_wconf 87' lang='lat' dir='ltr'><strong>vero</strong></span> <span class='ocrx_word' id='word_1_594' title='bbox 2411 4387 2656 4458; x_wconf 89' lang='lat' dir='ltr'><strong>quicum</strong></span> <span class='ocrx_word' id='word_1_595' title='bbox 2695 4387 2890 4446; x_wconf 85' lang='lat' dir='ltr'><strong>Melich</strong></span> <span class='ocrx_word' id='word_1_596' title='bbox 2915 4394 2968 4444; x_wconf 90' lang='lat' dir='ltr'><strong>et</strong></span> <span class='ocrx_word' id='word_1_597' title='bbox 2995 4386 3149 4443; x_wconf 87' lang='lat' dir='ltr'><strong>Batal</strong></span> <span class='ocrx_word' id='word_1_598' title='bbox 3179 4385 3326 4457; x_wconf 88' lang='lat' dir='ltr'><strong>apud</strong></span> <span class='ocrx_word' id='word_1_599' title='bbox 3370 4384 3537 4440; x_wconf 71' lang='lat' dir='ltr'><strong>(lbra-</strong></span> 
     </span>
    </p>
   </div>
   <div class='ocr_carea' id='block_1_90' title="bbox 265 4475 3533 4564">
    <p class='ocr_par' dir='ltr' id='par_1_90' title="bbox 265 4475 3533 4564">
     <span class='ocr_line' id='line_1_90' title="bbox 265 4475 3533 4564; baseline 0.001 -35"><span class='ocrx_word' id='word_1_600' title='bbox 265 4476 351 4529; x_wconf 84' lang='lat' dir='ltr'><strong>vit</strong></span> <span class='ocrx_word' id='word_1_601' title='bbox 379 4484 571 4530; x_wconf 91' lang='lat' dir='ltr'><strong>contra</strong></span> <span class='ocrx_word' id='word_1_602' title='bbox 607 4475 924 4541; x_wconf 89' lang='lat' dir='ltr'><strong>Thraciam,</strong></span> <span class='ocrx_word' id='word_1_603' title='bbox 977 4484 1031 4532; x_wconf 89' lang='lat' dir='ltr'><strong>et</strong></span> <span class='ocrx_word' id='word_1_604' title='bbox 1092 4491 1217 4531; x_wconf 89' lang='lat' dir='ltr'><strong>cum</strong></span> <span class='ocrx_word' id='word_1_605' title='bbox 1283 4476 1622 4547; x_wconf 87' lang='lat' dir='ltr'><strong>pervenisset</strong></span> <span class='ocrx_word' id='word_1_606' title='bbox 1677 4490 1851 4548; x_wconf 88' lang='lat' dir='ltr'><strong>usque</strong></span> <span class='ocrx_word' id='word_1_607' title='bbox 1882 4506 1929 4564; x_wconf 66' lang='grc' dir='ltr'><strong>Β</strong></span> <span class='ocrx_word' id='word_1_608' title='bbox 1954 4479 2144 4534; x_wconf 89' lang='lat' dir='ltr'><strong>himon</strong></span> <span class='ocrx_word' id='word_1_609' title='bbox 2175 4486 2355 4545; x_wconf 87' lang='lat' dir='ltr'><strong>erant,</strong></span> <span class='ocrx_word' id='word_1_610' title='bbox 2391 4480 2690 4551; x_wconf 81' lang='lat' dir='ltr'><strong>expugnati</strong></span> <span class='ocrx_word' id='word_1_611' title='bbox 2720 4495 2752 4535; x_wconf 92' lang='lat' dir='ltr'><strong>a</strong></span> <span class='ocrx_word' id='word_1_612' title='bbox 2781 4480 2963 4537; x_wconf 86' lang='lat' dir='ltr'><strong>Leone</strong></span> <span class='ocrx_word' id='word_1_613' title='bbox 3007 4495 3104 4535; x_wconf 89' lang='lat' dir='ltr'><strong>seu</strong></span> <span class='ocrx_word' id='word_1_614' title='bbox 3162 4476 3533 4534; x_wconf 88' lang='lat' dir='ltr'><strong>Constantino</strong></span> 
     </span>
    </p>
   </div>
   <div class='ocr_carea' id='block_1_91' title="bbox 255 4557 1703 4636">
    <p class='ocr_par' dir='ltr' id='par_1_91' title="bbox 255 4557 1703 4636">
     <span class='ocr_line' id='line_1_91' title="bbox 255 4557 1703 4636; baseline -0.002 -17"><span class='ocrx_word' id='word_1_615' title='bbox 255 4557 340 4619; x_wconf 52' lang='lat' dir='ltr'><strong>&#39;ad</strong></span> <span class='ocrx_word' id='word_1_616' title='bbox 372 4563 596 4634; x_wconf 78' lang='lat' dir='ltr'><strong>Caspias</strong></span> <span class='ocrx_word' id='word_1_617' title='bbox 631 4573 840 4636; x_wconf 80' lang='lat' dir='ltr'><strong>portas,</strong></span> <span class='ocrx_word' id='word_1_618' title='bbox 873 4574 1122 4620; x_wconf 89' lang='lat' dir='ltr'><strong>metuens</strong></span> <span class='ocrx_word' id='word_1_619' title='bbox 1152 4563 1279 4619; x_wconf 92' lang='lat' dir='ltr'><strong>inde</strong></span> <span class='ocrx_word' id='word_1_620' title='bbox 1315 4577 1568 4619; x_wconf 90' lang='lat' dir='ltr'><strong>reversus</strong></span> <span class='ocrx_word' id='word_1_621' title='bbox 1597 4569 1703 4618; x_wconf 88' lang='lat' dir='ltr'><strong>est.</strong></span> 
     </span>
    </p>
   </div>
   <div class='ocr_carea' id='block_1_92' title="bbox 345 4650 1849 4728">
    <p class='ocr_par' dir='ltr' id='par_1_92' title="bbox 345 4650 1849 4728">
     <span class='ocr_line' id='line_1_92' title="bbox 345 4650 1849 4728; baseline -0.001 -18"><span class='ocrx_word' id='word_1_622' title='bbox 345 4655 506 4711; x_wconf 82' lang='lat' dir='ltr'><strong>Anno</strong></span> <span class='ocrx_word' id='word_1_623' title='bbox 539 4656 756 4728; x_wconf 86' lang='lat' dir='ltr'><strong>imperii</strong></span> <span class='ocrx_word' id='word_1_624' title='bbox 783 4657 868 4713; x_wconf 91' lang='lat' dir='ltr'><strong>sui</strong></span> <span class='ocrx_word' id='word_1_625' title='bbox 925 4655 991 4711; x_wconf 83' lang='grc'><strong>16</strong></span> <span class='ocrx_word' id='word_1_626' title='bbox 1023 4655 1133 4711; x_wconf 90' lang='lat' dir='ltr'><strong>Leo</strong></span> <span class='ocrx_word' id='word_1_627' title='bbox 1164 4654 1460 4725; x_wconf 88' lang='lat' dir='ltr'><strong>imperator</strong></span> <span class='ocrx_word' id='word_1_628' title='bbox 1511 4652 1676 4708; x_wconf 77' lang='lat' dir='ltr'><strong>tiliam</strong></span> <span class='ocrx_word' id='word_1_629' title='bbox 1708 4650 1849 4708; x_wconf 88' lang='lat' dir='ltr'><strong>Cha-</strong></span> 
     </span>
    </p>
   </div>
   <div class='ocr_carea' id='block_1_93' title="bbox 265 4735 1847 4821">
    <p class='ocr_par' dir='ltr' id='par_1_93' title="bbox 265 4735 1847 4821">
     <span class='ocr_line' id='line_1_93' title="bbox 265 4735 1847 4821; baseline 0 -19"><span class='ocrx_word' id='word_1_630' title='bbox 265 4735 400 4821; x_wconf 59' lang='lat' dir='ltr'><strong>fani</strong></span> <span class='ocrx_word' id='word_1_631' title='bbox 433 4745 764 4820; x_wconf 85' lang='lat' dir='ltr'><strong>Scytharum</strong></span> <span class='ocrx_word' id='word_1_632' title='bbox 796 4749 988 4804; x_wconf 90' lang='lat' dir='ltr'><strong>arbitri</strong></span> <span class='ocrx_word' id='word_1_633' title='bbox 1022 4747 1136 4803; x_wconf 84' lang='lat' dir='ltr'><strong>lilio</strong></span> <span class='ocrx_word' id='word_1_634' title='bbox 1174 4763 1277 4804; x_wconf 87' lang='lat' dir='ltr'><strong>suo</strong></span> <span class='ocrx_word' id='word_1_635' title='bbox 1305 4746 1693 4813; x_wconf 88' lang='lat' dir='ltr'><strong>Constantino,</strong></span> <span class='ocrx_word' id='word_1_636' title='bbox 1722 4761 1847 4802; x_wconf 88' lang='lat' dir='ltr'><strong>cum</strong></span> 
     </span>
    </p>
   </div>
   <div class='ocr_carea' id='block_1_94' title="bbox 270 4836 1847 4916">
    <p class='ocr_par' dir='ltr' id='par_1_94' title="bbox 270 4836 1847 4916">
     <span class='ocr_line' id='line_1_94' title="bbox 270 4836 1847 4916; baseline -0.002 -20"><span class='ocrx_word' id='word_1_637' title='bbox 270 4844 421 4896; x_wconf 88' lang='lat' dir='ltr'><strong>hanc</strong></span> <span class='ocrx_word' id='word_1_638' title='bbox 465 4836 838 4916; x_wconf 75' lang='lat' dir='ltr'><strong>Christianam</strong></span> <span class='ocrx_word' id='word_1_639' title='bbox 868 4837 1114 4903; x_wconf 83' lang='lat' dir='ltr'><strong>fecisset,</strong></span> <span class='ocrx_word' id='word_1_640' title='bbox 1185 4839 1538 4894; x_wconf 90' lang='lat' dir='ltr'><strong>matrimonio</strong></span> <span class='ocrx_word' id='word_1_641' title='bbox 1595 4839 1847 4902; x_wconf 88' lang='lat' dir='ltr'><strong>sociavit,</strong></span> 
     </span>
    </p>
   </div>
   <div class='ocr_carea' id='block_1_95' title="bbox 267 4919 1853 4996">
    <p class='ocr_par' dir='ltr' id='par_1_95' title="bbox 267 4919 1853 4996">
     <span class='ocr_line' id='line_1_95' title="bbox 267 4919 1853 4996; baseline -0.001 -8"><span class='ocrx_word' id='word_1_642' title='bbox 267 4932 570 4988; x_wconf 90' lang='lat' dir='ltr'><strong>nominans</strong></span> <span class='ocrx_word' id='word_1_643' title='bbox 608 4945 726 4986; x_wconf 90' lang='lat' dir='ltr'><strong>eam</strong></span> <span class='ocrx_word' id='word_1_644' title='bbox 777 4929 1070 4986; x_wconf 81' lang='lat' dir='ltr'><strong>Heirenen.</strong></span> <span class='ocrx_word' id='word_1_645' title='bbox 1127 4930 1260 4996; x_wconf 63' lang='lat' dir='ltr'><strong>Quae</strong></span> <span class='ocrx_word' id='word_1_646' title='bbox 1287 4919 1412 4984; x_wconf 86' lang='lat' dir='ltr'><strong>cum</strong></span> <span class='ocrx_word' id='word_1_647' title='bbox 1442 4945 1631 4984; x_wconf 88' lang='lat' dir='ltr'><strong>sacras</strong></span> <span class='ocrx_word' id='word_1_648' title='bbox 1683 4929 1853 4986; x_wconf 90' lang='lat' dir='ltr'><strong>Litte-</strong></span> 
     </span>
    </p>
   </div>
   <div class='ocr_carea' id='block_1_96' title="bbox 266 5020 1852 5092">
    <p class='ocr_par' dir='ltr' id='par_1_96' title="bbox 266 5020 1852 5092">
     <span class='ocr_line' id='line_1_96' title="bbox 266 5020 1852 5092; baseline -0.001 -14"><span class='ocrx_word' id='word_1_649' title='bbox 266 5037 368 5078; x_wconf 87' lang='lat' dir='ltr'><strong>ras</strong></span> <span class='ocrx_word' id='word_1_650' title='bbox 408 5021 715 5086; x_wconf 87' lang='lat' dir='ltr'><strong>didicisset,</strong></span> <span class='ocrx_word' id='word_1_651' title='bbox 768 5021 965 5092; x_wconf 90' lang='lat' dir='ltr'><strong>pietati</strong></span> <span class='ocrx_word' id='word_1_652' title='bbox 1019 5021 1158 5076; x_wconf 91' lang='lat' dir='ltr'><strong>dans</strong></span> <span class='ocrx_word' id='word_1_653' title='bbox 1207 5035 1431 5091; x_wconf 90' lang='lat' dir='ltr'><strong>operam</strong></span> <span class='ocrx_word' id='word_1_654' title='bbox 1489 5021 1715 5088; x_wconf 87' lang='lat' dir='ltr'><strong>claruit,</strong></span> <span class='ocrx_word' id='word_1_655' title='bbox 1751 5020 1852 5077; x_wconf 87' lang='lat' dir='ltr'><strong>hos</strong></span> 
     </span>
    </p>
   </div>
   <div class='ocr_carea' id='block_1_97' title="bbox 267 5111 1851 5186">
    <p class='ocr_par' dir='ltr' id='par_1_97' title="bbox 267 5111 1851 5186">
     <span class='ocr_line' id='line_1_97' title="bbox 267 5111 1851 5186; baseline -0.003 -14"><span class='ocrx_word' id='word_1_656' title='bbox 267 5114 577 5186; x_wconf 90' lang='lat' dir='ltr'><strong>impietatis</strong></span> <span class='ocrx_word' id='word_1_657' title='bbox 600 5114 960 5185; x_wconf 85' lang='lat' dir='ltr'><strong>redarguens.</strong></span> <span class='ocrx_word' id='word_1_658' title='bbox 993 5111 1240 5168; x_wconf 83' lang='lat' dir='ltr'><strong>Mauhias</strong></span> <span class='ocrx_word' id='word_1_659' title='bbox 1265 5128 1395 5169; x_wconf 86' lang='lat' dir='ltr'><strong>vero</strong></span> <span class='ocrx_word' id='word_1_660' title='bbox 1443 5112 1591 5168; x_wconf 79' lang='lat' dir='ltr'><strong>(ilius</strong></span> <span class='ocrx_word' id='word_1_661' title='bbox 1641 5111 1851 5168; x_wconf 81' lang='lat' dir='ltr'><strong>Hisami</strong></span> 
     </span>
    </p>
   </div>
   <div class='ocr_carea' id='block_1_98' title="bbox 254 5199 1854 5276">
    <p class='ocr_par' dir='ltr' id='par_1_98' title="bbox 254 5199 1854 5276">
     <span class='ocr_line' id='line_1_98' title="bbox 254 5199 1854 5276; baseline -0.001 -12"><span class='ocrx_word' id='word_1_662' title='bbox 254 5199 451 5264; x_wconf 47' lang='lat' dir='ltr'><strong>&#39;aciem</strong></span> <span class='ocrx_word' id='word_1_663' title='bbox 479 5216 677 5263; x_wconf 89' lang='lat' dir='ltr'><strong>contra</strong></span> <span class='ocrx_word' id='word_1_664' title='bbox 716 5207 1039 5263; x_wconf 81' lang='lat' dir='ltr'><strong>Romaniam</strong></span> <span class='ocrx_word' id='word_1_665' title='bbox 1075 5207 1306 5271; x_wconf 80' lang='lat' dir='ltr'><strong>direxit,</strong></span> <span class='ocrx_word' id='word_1_666' title='bbox 1340 5212 1394 5260; x_wconf 91' lang='lat' dir='ltr'><strong>et</strong></span> <span class='ocrx_word' id='word_1_667' title='bbox 1427 5207 1648 5262; x_wconf 84' lang='lat' dir='ltr'><strong>veniens</strong></span> <span class='ocrx_word' id='word_1_668' title='bbox 1681 5221 1854 5276; x_wconf 89' lang='lat' dir='ltr'><strong>usque</strong></span> 
     </span>
    </p>
   </div>
   <div class='ocr_carea' id='block_1_99' title="bbox 268 5298 1854 5371">
    <p class='ocr_par' dir='ltr' id='par_1_99' title="bbox 268 5298 1854 5371">
     <span class='ocr_line' id='line_1_99' title="bbox 268 5298 1854 5371; baseline -0.002 -14"><span class='ocrx_word' id='word_1_669' title='bbox 268 5302 332 5357; x_wconf 91' lang='lat' dir='ltr'><strong>in</strong></span> <span class='ocrx_word' id='word_1_670' title='bbox 367 5298 795 5371; x_wconf 88' lang='lat' dir='ltr'><strong>Paphlagoniam</strong></span> <span class='ocrx_word' id='word_1_671' title='bbox 830 5299 1010 5371; x_wconf 68' lang='lat' dir='ltr'><strong>praeda</strong></span> <span class='ocrx_word' id='word_1_672' title='bbox 1041 5313 1167 5353; x_wconf 90' lang='lat' dir='ltr'><strong>cum</strong></span> <span class='ocrx_word' id='word_1_673' title='bbox 1199 5299 1369 5355; x_wconf 90' lang='lat' dir='ltr'><strong>multa</strong></span> <span class='ocrx_word' id='word_1_674' title='bbox 1398 5299 1581 5354; x_wconf 88' lang='lat' dir='ltr'><strong>rediit.</strong></span> <span class='ocrx_word' id='word_1_675' title='bbox 1631 5299 1733 5354; x_wconf 85' lang='lat' dir='ltr'><strong>Ast</strong></span> <span class='ocrx_word' id='word_1_676' title='bbox 1759 5299 1854 5354; x_wconf 85' lang='lat' dir='ltr'><strong>im-</strong></span> 
     </span>
    </p>
   </div>
   <div class='ocr_carea' id='block_1_100' title="bbox 273 5389 1854 5463">
    <p class='ocr_par' dir='ltr' id='par_1_100' title="bbox 273 5389 1854 5463">
     <span class='ocr_line' id='line_1_100' title="bbox 273 5389 1854 5463; baseline 0 -17"><span class='ocrx_word' id='word_1_677' title='bbox 273 5401 503 5463; x_wconf 89' lang='lat' dir='ltr'><strong>perator</strong></span> <span class='ocrx_word' id='word_1_678' title='bbox 535 5403 726 5447; x_wconf 88' lang='lat' dir='ltr'><strong>contra</strong></span> <span class='ocrx_word' id='word_1_679' title='bbox 781 5405 977 5462; x_wconf 88' lang='lat' dir='ltr'><strong>papam</strong></span> <span class='ocrx_word' id='word_1_680' title='bbox 1033 5399 1194 5461; x_wconf 89' lang='lat' dir='ltr'><strong>atque</strong></span> <span class='ocrx_word' id='word_1_681' title='bbox 1240 5405 1518 5447; x_wconf 89' lang='lat' dir='ltr'><strong>recessum</strong></span> <span class='ocrx_word' id='word_1_682' title='bbox 1549 5389 1737 5447; x_wconf 81' lang='lat' dir='ltr'><strong>Romae</strong></span> <span class='ocrx_word' id='word_1_683' title='bbox 1789 5407 1854 5446; x_wconf 91' lang='lat' dir='ltr'><strong>ac</strong></span> 
     </span>
    </p>
   </div>
   <div class='ocr_carea' id='block_1_101' title="bbox 270 5483 1852 5556">
    <p class='ocr_par' dir='ltr' id='par_1_101' title="bbox 270 5483 1852 5556">
     <span class='ocr_line' id='line_1_101' title="bbox 270 5483 1852 5556; baseline 0 -18"><span class='ocrx_word' id='word_1_684' title='bbox 270 5483 452 5542; x_wconf 81' lang='lat' dir='ltr'><strong>Italiae</strong></span> <span class='ocrx_word' id='word_1_685' title='bbox 500 5486 779 5552; x_wconf 79' lang='lat' dir='ltr'><strong>saeviebat,</strong></span> <span class='ocrx_word' id='word_1_686' title='bbox 827 5491 1317 5556; x_wconf 88' lang='lat' dir='ltr'><strong>constructumque</strong></span> <span class='ocrx_word' id='word_1_687' title='bbox 1345 5486 1549 5541; x_wconf 89' lang='lat' dir='ltr'><strong>stolum</strong></span> <span class='ocrx_word' id='word_1_688' title='bbox 1597 5499 1852 5556; x_wconf 90' lang='lat' dir='ltr'><strong>magnum</strong></span> 
     </span>
    </p>
   </div>
   <div class='ocr_carea' id='block_1_102' title="bbox 274 5575 1854 5648">
    <p class='ocr_par' dir='ltr' id='par_1_102' title="bbox 274 5575 1854 5648">
     <span class='ocr_line' id='line_1_102' title="bbox 274 5575 1854 5648; baseline -0.001 -16"><span class='ocrx_word' id='word_1_689' title='bbox 274 5577 482 5632; x_wconf 82' lang='lat' dir='ltr'><strong>direxit</strong></span> <span class='ocrx_word' id='word_1_690' title='bbox 526 5579 793 5634; x_wconf 85' lang='lat' dir='ltr'><strong>adversus</strong></span> <span class='ocrx_word' id='word_1_691' title='bbox 844 5593 960 5645; x_wconf 87' lang='lat' dir='ltr'><strong>eos,</strong></span> <span class='ocrx_word' id='word_1_692' title='bbox 991 5575 1204 5632; x_wconf 81' lang='lat' dir='ltr'><strong>Manem</strong></span> <span class='ocrx_word' id='word_1_693' title='bbox 1253 5584 1538 5647; x_wconf 60' lang='lat' dir='ltr'><strong>praetorem</strong></span> <span class='ocrx_word' id='word_1_694' title='bbox 1581 5576 1854 5648; x_wconf 85' lang='lat' dir='ltr'><strong>Cibyraeo—</strong></span> 
     </span>
    </p>
   </div>
   <div class='ocr_carea' id='block_1_103' title="bbox 275 5668 1856 5742">
    <p class='ocr_par' dir='ltr' id='par_1_103' title="bbox 275 5668 1856 5742">
     <span class='ocr_line' id='line_1_103' title="bbox 275 5668 1856 5742; baseline 0.001 -19"><span class='ocrx_word' id='word_1_695' title='bbox 275 5671 518 5725; x_wconf 86' lang='lat' dir='ltr'><strong>tensium</strong></span> <span class='ocrx_word' id='word_1_696' title='bbox 550 5679 717 5740; x_wconf 91' lang='lat' dir='ltr'><strong>caput</strong></span> <span class='ocrx_word' id='word_1_697' title='bbox 751 5671 804 5726; x_wconf 91' lang='lat' dir='ltr'><strong>in</strong></span> <span class='ocrx_word' id='word_1_698' title='bbox 826 5671 906 5728; x_wconf 88' lang='lat' dir='ltr'><strong>eis</strong></span> <span class='ocrx_word' id='word_1_699' title='bbox 931 5670 1299 5726; x_wconf 88' lang='lat' dir='ltr'><strong>constituens.</strong></span> <span class='ocrx_word' id='word_1_700' title='bbox 1328 5668 1484 5725; x_wconf 91' lang='lat' dir='ltr'><strong>Tunc</strong></span> <span class='ocrx_word' id='word_1_701' title='bbox 1509 5668 1856 5742; x_wconf 88' lang='lat' dir='ltr'><strong>impugnator</strong></span> 
     </span>
    </p>
   </div>
   <div class='ocr_carea' id='block_1_104' title="bbox 277 5762 1856 5838">
    <p class='ocr_par' dir='ltr' id='par_1_104' title="bbox 277 5762 1856 5838">
     <span class='ocr_line' id='line_1_104' title="bbox 277 5762 1856 5838; baseline 0.004 -22"><span class='ocrx_word' id='word_1_702' title='bbox 277 5762 375 5820; x_wconf 89' lang='lat' dir='ltr'><strong>Dei</strong></span> <span class='ocrx_word' id='word_1_703' title='bbox 405 5765 748 5838; x_wconf 84' lang='lat' dir='ltr'><strong>peramplius</strong></span> <span class='ocrx_word' id='word_1_704' title='bbox 785 5766 1036 5832; x_wconf 61' lang='lat' dir='ltr'><strong>saeviens,</strong></span> <span class='ocrx_word' id='word_1_705' title='bbox 1075 5778 1201 5822; x_wconf 89' lang='lat' dir='ltr'><strong>cum</strong></span> <span class='ocrx_word' id='word_1_706' title='bbox 1231 5763 1464 5821; x_wconf 80' lang='lat' dir='ltr'><strong>Arabico</strong></span> <span class='ocrx_word' id='word_1_707' title='bbox 1491 5780 1658 5823; x_wconf 84' lang='lat' dir='ltr'><strong>sensu</strong></span> <span class='ocrx_word' id='word_1_708' title='bbox 1712 5773 1856 5823; x_wconf 85' lang='lat' dir='ltr'><strong>tene-</strong></span> 
     </span>
    </p>
   </div>
   <div class='ocr_carea' id='block_1_105' title="bbox 1957 4569 3533 4644">
    <p class='ocr_par' dir='ltr' id='par_1_105' title="bbox 1957 4569 3533 4644">
     <span class='ocr_line' id='line_1_105' title="bbox 1957 4569 3533 4644; baseline -0.004 -16"><span class='ocrx_word' id='word_1_709' title='bbox 1957 4571 2201 4643; x_wconf 88' lang='lat' dir='ltr'><strong>superati</strong></span> <span class='ocrx_word' id='word_1_710' title='bbox 2248 4579 2418 4640; x_wconf 87' lang='lat' dir='ltr'><strong>sunt;</strong></span> <span class='ocrx_word' id='word_1_711' title='bbox 2446 4580 2501 4630; x_wconf 90' lang='lat' dir='ltr'><strong>et</strong></span> <span class='ocrx_word' id='word_1_712' title='bbox 2549 4574 2737 4644; x_wconf 88' lang='lat' dir='ltr'><strong>plures</strong></span> <span class='ocrx_word' id='word_1_713' title='bbox 2757 4588 2825 4628; x_wconf 77' lang='lat' dir='ltr'><strong>ex</strong></span> <span class='ocrx_word' id='word_1_714' title='bbox 2870 4571 2958 4628; x_wconf 84' lang='lat' dir='ltr'><strong>his</strong></span> <span class='ocrx_word' id='word_1_715' title='bbox 3009 4570 3179 4626; x_wconf 87' lang='lat' dir='ltr'><strong>armis</strong></span> <span class='ocrx_word' id='word_1_716' title='bbox 3217 4569 3355 4641; x_wconf 88' lang='lat' dir='ltr'><strong>ipsis</strong></span> <span class='ocrx_word' id='word_1_717' title='bbox 3409 4583 3533 4624; x_wconf 89' lang='lat' dir='ltr'><strong>cum</strong></span> 
     </span>
    </p>
   </div>
   <div class='ocr_carea' id='block_1_106' title="bbox 1958 4661 3536 4734">
    <p class='ocr_par' dir='ltr' id='par_1_106' title="bbox 1958 4661 3536 4734">
     <span class='ocr_line' id='line_1_106' title="bbox 1958 4661 3536 4734; baseline -0.001 -17"><span class='ocrx_word' id='word_1_718' title='bbox 1958 4661 2173 4720; x_wconf 88' lang='lat' dir='ltr'><strong>duobus</strong></span> <span class='ocrx_word' id='word_1_719' title='bbox 2202 4663 2545 4734; x_wconf 79' lang='lat' dir='ltr'><strong>principibus</strong></span> <span class='ocrx_word' id='word_1_720' title='bbox 2581 4663 2886 4733; x_wconf 86' lang='lat' dir='ltr'><strong>perierunt,</strong></span> <span class='ocrx_word' id='word_1_721' title='bbox 2905 4661 3202 4730; x_wconf 88' lang='lat' dir='ltr'><strong>octingenti</strong></span> <span class='ocrx_word' id='word_1_722' title='bbox 3258 4675 3387 4716; x_wconf 91' lang='lat' dir='ltr'><strong>vero</strong></span> <span class='ocrx_word' id='word_1_723' title='bbox 3435 4675 3536 4729; x_wconf 86' lang='lat' dir='ltr'><strong>pu-</strong></span> 
     </span>
    </p>
   </div>
   <div class='ocr_carea' id='block_1_107' title="bbox 1945 4749 3536 4826">
    <p class='ocr_par' dir='ltr' id='par_1_107' title="bbox 1945 4749 3536 4826">
     <span class='ocr_line' id='line_1_107' title="bbox 1945 4749 3536 4826; baseline -0.004 -16"><span class='ocrx_word' id='word_1_724' title='bbox 1945 4764 2238 4826; x_wconf 72' lang='lat' dir='ltr'><strong>gnator-es,</strong></span> <span class='ocrx_word' id='word_1_725' title='bbox 2272 4756 2365 4825; x_wconf 88' lang='lat' dir='ltr'><strong>qui</strong></span> <span class='ocrx_word' id='word_1_726' title='bbox 2399 4771 2463 4810; x_wconf 79' lang='lat' dir='ltr'><strong>ex</strong></span> <span class='ocrx_word' id='word_1_727' title='bbox 2489 4755 2595 4810; x_wconf 89' lang='lat' dir='ltr'><strong>illis</strong></span> <span class='ocrx_word' id='word_1_728' title='bbox 2619 4752 2686 4808; x_wconf 90' lang='lat' dir='ltr'><strong>ad</strong></span> <span class='ocrx_word' id='word_1_729' title='bbox 2713 4768 2810 4809; x_wconf 77' lang='lat' dir='ltr'><strong>sex</strong></span> <span class='ocrx_word' id='word_1_730' title='bbox 2841 4751 3008 4806; x_wconf 87' lang='lat' dir='ltr'><strong>millia</strong></span> <span class='ocrx_word' id='word_1_731' title='bbox 3046 4751 3387 4814; x_wconf 85' lang='lat' dir='ltr'><strong>institerant,</strong></span> <span class='ocrx_word' id='word_1_732' title='bbox 3428 4749 3536 4821; x_wconf 90' lang='lat' dir='ltr'><strong>Sy--</strong></span> 
     </span>
    </p>
   </div>
   <div class='ocr_carea' id='block_1_108' title="bbox 1961 4841 3534 4918">
    <p class='ocr_par' dir='ltr' id='par_1_108' title="bbox 1961 4841 3534 4918">
     <span class='ocr_line' id='line_1_108' title="bbox 1961 4841 3534 4918; baseline -0.004 -15"><span class='ocrx_word' id='word_1_733' title='bbox 1961 4849 2154 4905; x_wconf 89' lang='lat' dir='ltr'><strong>nadem</strong></span> <span class='ocrx_word' id='word_1_734' title='bbox 2190 4847 2542 4918; x_wconf 80' lang='lat' dir='ltr'><strong>confugiunt,</strong></span> <span class='ocrx_word' id='word_1_735' title='bbox 2565 4853 2619 4901; x_wconf 91' lang='lat' dir='ltr'><strong>et</strong></span> <span class='ocrx_word' id='word_1_736' title='bbox 2657 4845 2795 4901; x_wconf 84' lang='lat' dir='ltr'><strong>salvi</strong></span> <span class='ocrx_word' id='word_1_737' title='bbox 2823 4850 3177 4900; x_wconf 88' lang='lat' dir='ltr'><strong>remanentes</strong></span> <span class='ocrx_word' id='word_1_738' title='bbox 3211 4841 3534 4898; x_wconf 86' lang='lat' dir='ltr'><strong>Sulehiman</strong></span> 
     </span>
    </p>
   </div>
   <div class='ocr_carea' id='block_1_109' title="bbox 1943 4933 3540 5007">
    <p class='ocr_par' dir='ltr' id='par_1_109' title="bbox 1943 4933 3540 5007">
     <span class='ocr_line' id='line_1_109' title="bbox 1943 4933 3540 5007; baseline -0.004 -11"><span class='ocrx_word' id='word_1_739' title='bbox 1943 4939 2162 5007; x_wconf 52' lang='lat' dir='ltr'><strong>,sociati</strong></span> <span class='ocrx_word' id='word_1_740' title='bbox 2199 4949 2350 5003; x_wconf 87' lang='lat' dir='ltr'><strong>sunt,</strong></span> <span class='ocrx_word' id='word_1_741' title='bbox 2381 4946 2435 4993; x_wconf 87' lang='lat' dir='ltr'><strong>et</strong></span> <span class='ocrx_word' id='word_1_742' title='bbox 2460 4937 2516 4992; x_wconf 89' lang='lat' dir='ltr'><strong>in</strong></span> <span class='ocrx_word' id='word_1_743' title='bbox 2549 4937 2766 5007; x_wconf 86' lang='lat' dir='ltr'><strong>Syriam</strong></span> <span class='ocrx_word' id='word_1_744' title='bbox 2802 4935 3136 5006; x_wconf 83' lang='lat' dir='ltr'><strong>repedarunt</strong></span> <span class='ocrx_word' id='word_1_745' title='bbox 3159 4933 3401 5006; x_wconf 85' lang='lat' dir='ltr'><strong>inglorii.</strong></span> <span class='ocrx_word' id='word_1_746' title='bbox 3435 4934 3540 4989; x_wconf 80' lang='lat' dir='ltr'><strong>Eo-</strong></span> 
     </span>
    </p>
   </div>
   <div class='ocr_carea' id='block_1_110' title="bbox 1922 5025 3535 5098">
    <p class='ocr_par' dir='ltr' id='par_1_110' title="bbox 1922 5025 3535 5098">
     <span class='ocr_line' id='line_1_110' title="bbox 1922 5025 3535 5098; baseline -0.005 -10"><span class='ocrx_word' id='word_1_747' title='bbox 1922 5088 1930 5098; x_wconf 79' lang='grc'><em>,</em></span> <span class='ocrx_word' id='word_1_748' title='bbox 1959 5032 2085 5088; x_wconf 89' lang='lat' dir='ltr'><strong>dem</strong></span> <span class='ocrx_word' id='word_1_749' title='bbox 2111 5032 2279 5088; x_wconf 91' lang='lat' dir='ltr'><strong>ctiam</strong></span> <span class='ocrx_word' id='word_1_750' title='bbox 2307 5045 2454 5085; x_wconf 91' lang='lat' dir='ltr'><strong>anno</strong></span> <span class='ocrx_word' id='word_1_751' title='bbox 2484 5036 2539 5085; x_wconf 91' lang='lat' dir='ltr'><strong>et</strong></span> <span class='ocrx_word' id='word_1_752' title='bbox 2569 5028 2622 5084; x_wconf 92' lang='lat' dir='ltr'><strong>in</strong></span> <span class='ocrx_word' id='word_1_753' title='bbox 2657 5027 2848 5083; x_wconf 78' lang='lat' dir='ltr'><strong>Africa</strong></span> <span class='ocrx_word' id='word_1_754' title='bbox 2911 5026 3070 5082; x_wconf 87' lang='lat' dir='ltr'><strong>multi</strong></span> <span class='ocrx_word' id='word_1_755' title='bbox 3121 5025 3193 5082; x_wconf 89' lang='lat' dir='ltr'><strong>ab</strong></span> <span class='ocrx_word' id='word_1_756' title='bbox 3221 5026 3306 5082; x_wconf 88' lang='lat' dir='ltr'><strong>eis</strong></span> <span class='ocrx_word' id='word_1_757' title='bbox 3349 5025 3535 5097; x_wconf 87' lang='lat' dir='ltr'><strong>perdi-</strong></span> 
     </span>
    </p>
   </div>
   <div class='ocr_carea' id='block_1_111' title="bbox 1963 5123 3532 5196">
    <p class='ocr_par' dir='ltr' id='par_1_111' title="bbox 1963 5123 3532 5196">
     <span class='ocr_line' id='line_1_111' title="bbox 1963 5123 3532 5196; baseline -0.006 -13"><span class='ocrx_word' id='word_1_758' title='bbox 1963 5127 2096 5183; x_wconf 90' lang='lat' dir='ltr'><strong>tioni</strong></span> <span class='ocrx_word' id='word_1_759' title='bbox 2131 5141 2263 5182; x_wconf 90' lang='lat' dir='ltr'><strong>cum</strong></span> <span class='ocrx_word' id='word_1_760' title='bbox 2286 5135 2516 5196; x_wconf 67' lang='lat' dir='ltr'><strong>praetore</strong></span> <span class='ocrx_word' id='word_1_761' title='bbox 2549 5123 2890 5182; x_wconf 81' lang='lat' dir='ltr'><strong>Damasceno</strong></span> <span class='ocrx_word' id='word_1_762' title='bbox 2943 5125 3164 5179; x_wconf 81' lang='lat' dir='ltr'><strong>neruine</strong></span> <span class='ocrx_word' id='word_1_763' title='bbox 3215 5127 3532 5192; x_wconf 86' lang='lat' dir='ltr'><strong>patuerunt.</strong></span> 
     </span>
    </p>
   </div>
   <div class='ocr_carea' id='block_1_112' title="bbox 2032 5211 3532 5288">
    <p class='ocr_par' dir='ltr' id='par_1_112' title="bbox 2032 5211 3532 5288">
     <span class='ocr_line' id='line_1_112' title="bbox 2032 5211 3532 5288; baseline -0.008 -14"><span class='ocrx_word' id='word_1_764' title='bbox 2032 5220 2192 5274; x_wconf 83' lang='lat' dir='ltr'><strong>Anno</strong></span> <span class='ocrx_word' id='word_1_765' title='bbox 2222 5217 2437 5287; x_wconf 86' lang='lat' dir='ltr'><strong>imperii</strong></span> <span class='ocrx_word' id='word_1_766' title='bbox 2460 5217 2682 5282; x_wconf 90' lang='lat' dir='ltr'><strong>Leonis,</strong></span> <span class='ocrx_word' id='word_1_767' title='bbox 2706 5217 3030 5288; x_wconf 87' lang='lat' dir='ltr'><strong>nequissimi</strong></span> <span class='ocrx_word' id='word_1_768' title='bbox 3052 5214 3198 5287; x_wconf 86' lang='lat' dir='ltr'><strong>Syri,</strong></span> <span class='ocrx_word' id='word_1_769' title='bbox 3223 5213 3295 5268; x_wconf 68' lang='grc'><strong>94</strong></span> <span class='ocrx_word' id='word_1_770' title='bbox 3321 5211 3532 5265; x_wconf 89' lang='lat' dir='ltr'><strong>incensi</strong></span> 
     </span>
    </p>
   </div>
   <div class='ocr_carea' id='block_1_113' title="bbox 1962 5297 3536 5378">
    <p class='ocr_par' dir='ltr' id='par_1_113' title="bbox 1962 5297 3536 5378">
     <span class='ocr_line' id='line_1_113' title="bbox 1962 5297 3536 5378; baseline -0.011 -11"><span class='ocrx_word' id='word_1_771' title='bbox 1962 5318 2093 5367; x_wconf 87' lang='lat' dir='ltr'><strong>sunt</strong></span> <span class='ocrx_word' id='word_1_772' title='bbox 2123 5309 2226 5365; x_wconf 80' lang='lat' dir='ltr'><strong>fori</strong></span> <span class='ocrx_word' id='word_1_773' title='bbox 2281 5307 2425 5378; x_wconf 83' lang='lat' dir='ltr'><strong>apud</strong></span> <span class='ocrx_word' id='word_1_774' title='bbox 2459 5309 2786 5364; x_wconf 87' lang='lat' dir='ltr'><strong>Damascum</strong></span> <span class='ocrx_word' id='word_1_775' title='bbox 2835 5309 2904 5362; x_wconf 91' lang='lat' dir='ltr'><strong>ab</strong></span> <span class='ocrx_word' id='word_1_776' title='bbox 2936 5302 3386 5364; x_wconf 82' lang='lat' dir='ltr'><strong>Hieracensibns,</strong></span> <span class='ocrx_word' id='word_1_777' title='bbox 3415 5297 3536 5368; x_wconf 86' lang='lat' dir='ltr'><strong>.qui</strong></span> 
     </span>
    </p>
   </div>
   <div class='ocr_carea' id='block_1_114' title="bbox 1963 5398 3534 5472">
    <p class='ocr_par' dir='ltr' id='par_1_114' title="bbox 1963 5398 3534 5472">
     <span class='ocr_line' id='line_1_114' title="bbox 1963 5398 3534 5472; baseline -0.007 -17"><span class='ocrx_word' id='word_1_778' title='bbox 1963 5402 2207 5472; x_wconf 86' lang='lat' dir='ltr'><strong>patibulo</strong></span> <span class='ocrx_word' id='word_1_779' title='bbox 2235 5412 2370 5457; x_wconf 88' lang='lat' dir='ltr'><strong>sunt</strong></span> <span class='ocrx_word' id='word_1_780' title='bbox 2399 5401 2566 5456; x_wconf 75' lang='lat' dir='ltr'><strong>allixi.</strong></span> <span class='ocrx_word' id='word_1_781' title='bbox 2597 5401 2913 5471; x_wconf 85' lang='lat' dir='ltr'><strong>Eodemque</strong></span> <span class='ocrx_word' id='word_1_782' title='bbox 2965 5411 3112 5452; x_wconf 87' lang='lat' dir='ltr'><strong>anno</strong></span> <span class='ocrx_word' id='word_1_783' title='bbox 3141 5404 3304 5450; x_wconf 71' lang='lat' dir='ltr'><strong>terra:</strong></span> <span class='ocrx_word' id='word_1_784' title='bbox 3348 5398 3534 5446; x_wconf 92' lang='lat' dir='ltr'><strong>motus</strong></span> 
     </span>
    </p>
   </div>
   <div class='ocr_carea' id='block_1_115' title="bbox 1965 5481 3532 5565">
    <p class='ocr_par' dir='ltr' id='par_1_115' title="bbox 1965 5481 3532 5565">
     <span class='ocr_line' id='line_1_115' title="bbox 1965 5481 3532 5565; baseline -0.008 -17"><span class='ocrx_word' id='word_1_785' title='bbox 1965 5494 2142 5549; x_wconf 82' lang='lat' dir='ltr'><strong>iactus</strong></span> <span class='ocrx_word' id='word_1_786' title='bbox 2165 5503 2253 5549; x_wconf 88' lang='lat' dir='ltr'><strong>est</strong></span> <span class='ocrx_word' id='word_1_787' title='bbox 2281 5508 2516 5565; x_wconf 85' lang='lat' dir='ltr'><strong>magnus</strong></span> <span class='ocrx_word' id='word_1_788' title='bbox 2547 5501 2712 5564; x_wconf 88' lang='lat' dir='ltr'><strong>atque</strong></span> <span class='ocrx_word' id='word_1_789' title='bbox 2748 5491 3012 5548; x_wconf 85' lang='lat' dir='ltr'><strong>terribilis</strong></span> <span class='ocrx_word' id='word_1_790' title='bbox 3031 5481 3532 5554; x_wconf 87' lang='lat' dir='ltr'><strong>Constantinopoli,</strong></span> 
     </span>
    </p>
   </div>
   <div class='ocr_carea' id='block_1_116' title="bbox 1965 5575 3532 5657">
    <p class='ocr_par' dir='ltr' id='par_1_116' title="bbox 1965 5575 3532 5657">
     <span class='ocr_line' id='line_1_116' title="bbox 1965 5575 3532 5657; baseline -0.008 -15"><span class='ocrx_word' id='word_1_791' title='bbox 1965 5586 2196 5657; x_wconf 88' lang='lat' dir='ltr'><strong>septimo</strong></span> <span class='ocrx_word' id='word_1_792' title='bbox 2257 5585 2378 5641; x_wconf 81' lang='lat' dir='ltr'><strong>Kal.</strong></span> <span class='ocrx_word' id='word_1_793' title='bbox 2411 5585 2788 5651; x_wconf 75' lang='lat' dir='ltr'><strong>Novembrias,</strong></span> <span class='ocrx_word' id='word_1_794' title='bbox 2825 5582 3148 5640; x_wconf 86' lang='lat' dir='ltr'><strong>indictionis</strong></span> <span class='ocrx_word' id='word_1_795' title='bbox 3184 5593 3364 5643; x_wconf 68' lang='lat' dir='ltr'><strong>nonae,</strong></span> <span class='ocrx_word' id='word_1_796' title='bbox 3400 5575 3532 5632; x_wconf 83' lang='lat' dir='ltr'><strong>feria</strong></span> 
     </span>
    </p>
   </div>
   <div class='ocr_carea' id='block_1_117' title="bbox 1965 5671 3535 5749">
    <p class='ocr_par' dir='ltr' id='par_1_117' title="bbox 1965 5671 3535 5749">
     <span class='ocr_line' id='line_1_117' title="bbox 1965 5671 3535 5749; baseline -0.004 -16"><span class='ocrx_word' id='word_1_797' title='bbox 1965 5686 2187 5749; x_wconf 88' lang='lat' dir='ltr'><strong>quarta,</strong></span> <span class='ocrx_word' id='word_1_798' title='bbox 2222 5680 2355 5734; x_wconf 87' lang='lat' dir='ltr'><strong>hora</strong></span> <span class='ocrx_word' id='word_1_799' title='bbox 2387 5688 2605 5743; x_wconf 88' lang='lat' dir='ltr'><strong>octava,</strong></span> <span class='ocrx_word' id='word_1_800' title='bbox 2648 5688 2704 5734; x_wconf 90' lang='lat' dir='ltr'><strong>et</strong></span> <span class='ocrx_word' id='word_1_801' title='bbox 2744 5685 3075 5734; x_wconf 87' lang='lat' dir='ltr'><strong>corruerunt</strong></span> <span class='ocrx_word' id='word_1_802' title='bbox 3101 5671 3348 5732; x_wconf 69' lang='lat' dir='ltr'><strong>ecclesiae</strong></span> <span class='ocrx_word' id='word_1_803' title='bbox 3371 5679 3535 5741; x_wconf 86' lang='lat' dir='ltr'><strong>atque</strong></span> 
     </span>
    </p>
   </div>
   <div class='ocr_carea' id='block_1_118' title="bbox 1965 5763 3531 5844">
    <p class='ocr_par' dir='ltr' id='par_1_118' title="bbox 1965 5763 3531 5844">
     <span class='ocr_line' id='line_1_118' title="bbox 1965 5763 3531 5844; baseline -0.006 -18"><span class='ocrx_word' id='word_1_804' title='bbox 1965 5771 2322 5839; x_wconf 86' lang='lat' dir='ltr'><strong>monasteria,</strong></span> <span class='ocrx_word' id='word_1_805' title='bbox 2355 5771 2702 5844; x_wconf 88' lang='lat' dir='ltr'><strong>populusque</strong></span> <span class='ocrx_word' id='word_1_806' title='bbox 2734 5771 2938 5828; x_wconf 89' lang='lat' dir='ltr'><strong>multus</strong></span> <span class='ocrx_word' id='word_1_807' title='bbox 2969 5769 3272 5827; x_wconf 62' lang='lat' dir='ltr'><strong>exstinctus</strong></span> <span class='ocrx_word' id='word_1_808' title='bbox 3303 5773 3402 5821; x_wconf 87' lang='lat' dir='ltr'><strong>est.</strong></span> <span class='ocrx_word' id='word_1_809' title='bbox 3437 5763 3531 5818; x_wconf 51' lang='lat' dir='ltr'><strong>Ceo</strong></span> 
     </span>
    </p>
   </div>
  </div>
