3978 6212
470 342 602 406 i367

1584 326 1987 393 ANASTASII
2025 263 2654 388 BIBLIOTHECARLI

3564 313 3670 385 im

461 463 598 518 cidit
630 465 811 514 autem
842 463 897 512 et
927 453 1306 518 simulacrum,
1333 448 1477 521 quod
1500 450 1682 506 stabat
1706 463 1872 519 super
1894 445 2038 503 Atali
2068 450 2114 508 Α
2141 454 2197 501 et
2226 443 2412 500 comiti
2441 437 2724 511 Obsequii,
2754 434 2853 509 qui
2883 432 3095 489 Annam
3135 444 3388 489 sororem
3415 430 3528 502 ejus
3571 450 3680 491 uo.

466 562 699 623 portam,
748 548 928 620 magni
971 543 1344 612 Constantini,
1375 556 1485 597 una
1522 556 1648 598 cum
1683 540 1805 611 ipso
1853 538 2035 606 Atalo,

462 656 517 702 et
546 644 739 699 titulus
770 638 1011 706 Arcadii,
1042 637 1136 710 qui
1171 651 1336 707 supra
1380 633 1675 705 Xerolophi
1715 632 2033 688 columnam

463 737 667 803 stabat,
722 742 779 790 et
828 731 1181 789 simulacrum
1233 726 1463 797 majoris
1513 722 1837 788 Theodosii,
1891 720 2040 795 quod

465 842 630 896 supra
667 833 884 896 portam
922 823 1158 876 Auream
1212 819 1523 883 videbatur,
1577 830 1793 873 necnon
1836 822 1893 871 et
1929 820 2042 869 ter-

466 919 582 974 reni
609 918 765 973 urbis
802 914 965 977 muri,
995 920 1052 968 et
1082 911 1333 967 civitates
1361 924 1425 965 ac
1454 907 1600 963 villae
1625 909 1677 963 in
1713 905 1949 971 Thrace,
1987 911 2043 960 et

463 1008 783 1065 Nicomedia
838 1006 895 1061 in
939 1004 1197 1076 Bithynia
1244 1011 1299 1059 et
1331 1001 1615 1057 Praenetus
1670 1008 1724 1056 et
1755 998 1955 1063 Nicaea,
1987 997 2043 1053 in

465 1116 573 1172 qua
622 1113 731 1153 una
759 1096 912 1154 salva
965 1094 1233 1150 remansit
1269 1091 1525 1149 ecclesia.
1556 1088 1718 1161 Fugit
1778 1098 1957 1144 autem
1991 1093 2045 1143 et

467 1208 621 1248 mare
654 1191 917 1246 terminos
947 1202 1078 1244 suos
1108 1188 1163 1241 in
1190 1184 1521 1257 quibusdam
1569 1183 1726 1249 locis,
1760 1191 1816 1237 et
1850 1179 2045 1252 perdu-

468 1285 611 1341 ravit
631 1290 797 1338 terra:
819 1292 1003 1336 motus
1033 1279 1319 1334 mensibus
1366 1274 1678 1331 duodecim.
1707 1276 1809 1329 Ast
1866 1272 2045 1343 impe-

470 1384 621 1431 rator
649 1374 931 1428 allocutus
958 1378 1044 1427 est
1080 1369 1344 1441 populum
1374 1367 1568 1424 dicens
1609 1384 1623 1421 :
1668 1365 1772 1420 Vos
1818 1381 1923 1419 non
1954 1380 2050 1419 va-

471 1468 589 1522 letis
620 1464 887 1534 aedi/icore
926 1478 1127 1527 muros,
1160 1462 1249 1516 sed
1295 1476 1391 1515 nos
1442 1458 1775 1530 prcrcipimus
1810 1455 2045 1511 admini-

471 1556 818 1620 stratoritms,
851 1561 902 1608 et
929 1552 1033 1622 ipsi
1059 1551 1265 1621 exigant
1308 1551 1363 1605 in
1403 1547 1640 1619 regulam
1673 1561 1765 1617 per
1808 1543 2047 1615 singulos

473 1662 661 1702 aureos
690 1659 963 1699 nummum
1011 1648 1315 1713 argenteum
1373 1654 1562 1697 unum.
1601 1637 1722 1705 Quo
1758 1635 2049 1706 imperium

475 1743 700 1808 accepto
729 1733 1021 1790 mdiﬁeavit
1046 1746 1260 1796 muros,
1310 1738 1365 1787 et
1418 1730 1494 1785 ita
1520 1728 1665 1783 facta
1693 1733 1779 1782 est
1819 1738 2053 1780 consue-

475 1805 797 1884 tudo—dandi
830 1826 992 1882 binas
1052 1824 1284 1895 siliquas
1319 1818 1890 1885 administratoribus,
1923 1832 2049 1874 cum
2086 1805 2130 1864 Β

476 1934 655 1975 annus
678 1924 825 1973 esset
858 1931 886 1970 a
922 1914 1237 1971 conditione
1276 1914 1495 1984 quidem
1525 1910 1714 1968 mundi
1754 1910 1910 1981 juxta
1950 1908 2053 1964 Ro-

476 2024 671 2079 manos
700 2009 769 2063 ab
803 2007 974 2063 Adam
1005 2005 1167 2069 6258,
1199 2003 1505 2060 secundum
1559 2001 1853 2074 Egyptios
1911 2015 2048 2057 vero

477 2117 573 2157 seu
601 2097 1004 2155 Alexandrinos
1026 2096 1189 2163 6232,
1210 2110 1241 2151 a
1265 2095 1518 2166 Philippo
1537 2094 1842 2151 secundum
1872 2091 2055 2147 Mace-

476 2194 648 2248 dones
692 2190 854 2245 i06‘5.
896 2187 1167 2259 Regnavit
1205 2187 1356 2243 enim
1406 2185 1517 2245 Leo
1565 2186 1635 2242 ab
1687 2195 1884 2242 octavo
1933 2183 2053 2239 Kal.

477 2284 813 2354 Apriliarum
854 2281 1081 2337 decima:
1145 2279 1354 2350 quinta:
1395 2278 1715 2335 indictionis
1768 2290 1948 2347 usque
1987 2274 2057 2331 ad

477 2373 754 2429 decimum
811 2381 1068 2442 quartum
1116 2367 1239 2423 Kal.
1287 2368 1462 2424 Julias
1511 2382 1675 2425 nonas
1716 2364 2056 2429 indictionis,

476 2480 605 2521 cum
663 2469 947 2533 regnasset
1028 2461 1191 2518 annis
1256 2459 1351 2528 Si,
1402 2459 1685 2515 mensibus
1747 2458 1819 2524 2,
1864 2456 2059 2512 diebus

476 2555 570 2612 25.
642 2554 905 2609 Similiter
970 2550 1371 2608 Constantinus
1422 2551 1573 2607 iilius
1629 2550 1773 2621 ejus,
1842 2547 2059 2619 imperii

477 2654 536 2703 et
587 2645 889 2716 impietatis
948 2644 1124 2713 ipsius
1157 2644 1474 2713 [successor
1507 2682 1524 2712 ,
1590 2642 1660 2698 ab
1706 2640 1901 2699 eodem
1961 2639 2061 2696 de-

480 2739 626 2793 cimo
658 2742 858 2811 quarto
913 2732 1236 2790 KaiJulias
1290 2748 1451 2789 nona
1501 2733 1823 2789 indictionis
1880 2746 2061 2803 usque

482 2829 551 2885 ad
592 2829 863 2884 decimum
895 2835 1151 2882 octavum
1181 2825 1308 2881 Kal.
1328 2822 1619 2881 Octobrias
1642 2823 1870 2880 decimae
1891 2839 2061 2895 quar-

482 2932 552 2976 ta:
597 2918 939 2983 indictionis,
982 2932 1108 2973 cum
1153 2924 1441 2988 regnasset
1494 2922 1550 2972 et
1580 2916 1705 2988 ipse
1755 2914 1916 2973 annis
1967 2913 2061 2982 34,

485 3011 770 3068 mensibus
796 3012 853 3077 3,
877 3009 1076 3066 diebus
1103 3007 1161 3064 2.

557 3100 766 3157 'l‘aliter
801 3115 972 3175 ergo,
994 3108 1054 3155 ut
1085 3099 1462 3171 praediximus,
1486 3098 1675 3155 eodem
1720 3113 1864 3155 anno
1908 3112 2067 3155 nonas

484 3193 807 3249 indictionis
841 3157 1103 3247 mortuus.
1117 3200 1202 3247 est
1238 3190 1347 3247 Leo
1381 3205 1491 3245 una
1515 3206 1640 3246 cum
1671 3191 1871 3245 animat
1900 3190 2065 3247 simul
2091 3157 2135 3216 α

485 3292 541 3339 ct
584 3283 834 3353 corporis
878 3292 1075 3345 morte,
1117 3291 1172 3336 et
1217 3281 1450 3352 imperat
1481 3280 1881 3337 Constantinus
1923 3280 2068 3337 ﬁlius

485 3374 630 3442 ejus.
664 3372 731 3427 Et
753 3371 975 3442 quidem
1008 3385 1345 3442 quascunque
1374 3370 1479 3425 sub
1509 3369 1692 3427 Leone
1720 3370 1888 3442 impio
1910 3372 2071 3427 Chri-

486 3465 683 3518 stianis
725 3469 1047 3526 evenerunt,
1098 3461 1216 3517 sive
1258 3462 1407 3517 circa
1456 3460 1618 3517 iidem
1669 3462 2068 3532 orthodoxam,

490 3557 608 3609 sive
668 3566 838 3624 super
891 3551 1147 3607 civilibus
1192 3551 1696 3623 dispositionibus,
1740 3554 1859 3611 sive
1906 3569 2073 3625 super

493 3644 671 3715 turpis
708 3645 845 3699 lucri
876 3652 1090 3714 quaestu
1129 3650 1183 3700 et
1218 3643 1449 3699 avaritia
1496 3659 1594 3714 per
1619 3643 1887 3711 Siciliam,
1911 3643 2072 3701 Cala-

493 3736 671 3793 briam
694 3744 751 3792 et
773 3736 991 3792 Cretam
1020 3735 1312 3790 adinventa
1344 3735 1555 3806 pariter
1569 3744 1623 3791 et
1652 3736 1930 3806 imposita,
1956 3737 2074 3793 sive

493 3829 551 3885 in
584 3829 749 3884 italiae
784 3828 1061 3899 apostasia
1093 3835 1315 3898 propter
1347 3827 1510 3897 hujus
1543 3826 1922 3894 cacodoxiam,
1955 3827 2074 3885 sive

494 3921 554 3974 in
609 3920 753 3974 fame
804 3933 870 3974 ac
921 3919 1234 3989 pestilentia
1281 3918 1637 3990 gentiumque
1676 3917 1976 3989 pressaris,
2013 3926 2075 3973 ut

499 4012 851 4085 particularia
884 4020 1115 4080 taceam,
1149 4011 1205 4067 in
1242 4012 1683 4083 praecedentibus
1712 4012 2077 4067 ostenduntur

497 4104 769 4173 capitulis.
804 4104 1032 4176 Dignum
1061 4114 1241 4160 autem
1263 4111 1347 4159 est
1385 4103 1454 4159 de
1477 4110 1675 4159 caetero
1701 4112 1757 4158 et
1801 4102 1951 4173 impii
1982 4100 2079 4157 (iiii

497 4195 642 4265 ejus,
680 4205 937 4266 tanquam
973 4195 1105 4261 Deo,
1154 4195 1247 4266 qui
1283 4195 1469 4250 omnia
1507 4194 1792 4265 perspicit,
1833 4202 2081 4249 contem-

499 4287 706 4356 plante,
766 4287 1040 4342 veraciter
1093 4294 1151 4342 et
1206 4302 1315 4343 non
1366 4285 1641 4359 superﬂue
1679 4284 1748 4341 ad
1788 4285 2079 4340 utilitatem

502 4379 762 4451 posteris,
813 4386 868 4433 et
899 4378 1138 4443 miseris,
1175 4380 1269 4450 qui
1316 4394 1463 4434 nunc
1495 4380 1550 4434 in
1596 4379 1895 4435 cacodoxia
1934 4378 2083 4435 illius

2147 551 2262 592 rem
2295 533 2549 598 duxerat,
2574 531 2659 587 vis
2685 542 2784 599 pro
2812 522 3151 607 capessendo
3202 522 3438 593 imperis
3474 522 3680 595 impone-

2144 634 2316 684 retur.
2347 625 2552 682 Eodcm
2583 635 2804 693 quoque
2842 634 2987 674 anno
3032 615 3219 672 [iisam
3251 615 3524 670 interiecit
3549 616 3680 675 Chri-

2147 720 2364 777 stianos
2414 717 2661 789 captivos
2713 716 2768 769 in
2804 712 2951 768 omni
3000 710 3251 772 civitate,
3307 708 3454 764 inter
3480 724 3603 779 quos
3637 717 3681 765 et

2148 809 2479 867 Eustachius
2536 808 2684 862 illius
2736 800 2969 859 Mariani
3032 798 3253 871 patricii
3310 805 3513 869 martyr
3552 812 3682 854 rem

2148 912 2407 959 ostensus
2440 900 2605 955 estin
2632 896 2859 953 Carram
2890 887 3324 962 MesOpotamiar,
3373 887 3462 941 ubi
3505 895 3553 943 et
3580 888 3683 943 reii-

2148 996 2293 1069 quize
2318 994 2489 1065 ipsius
2522 992 2787 1049 sanitates
2815 1002 2917 1059 per
2945 984 3039 1040 Dei
3069 982 3305 1055 gratiam
3334 989 3684 1052 operantur,et

2151 1088 2307 1145 multi
2332 1087 2426 1141 alii
2458 1100 2553 1157 per
2587 1083 2912 1153 sanguinem
2942 1076 3313 1134 consummati
3345 1082 3484 1130 sunt.

2224 1181 2409 1237 Mundi
2440 1195 2584 1234 anno
2611 1176 2772 1240 6235,
2789 1172 2989 1230 divina:
3014 1167 3416 1225 incarnationis
3434 1165 3681 1230 ansam,

2151 1272 2568 1337 Constantinus,
2611 1273 2935 1337 persecutor
2962 1264 3146 1334 legum
3191 1275 3222 1315 a
3250 1259 3486 1315 Patrihus
3533 1258 3680 1313 tradi-

2154 1372 2361 1430 tarum,
2389 1362 2621 1432 imperat
2650 1357 2854 1414 divinis
2879 1354 3107 1427 judiciis
3132 1359 3189 1408 et
3219 1349 3538 1406 multitudine
3570 1350 3679 1402 cul-

2154 1470 2350 1528 parum
2378 1454 2629 1524 exigente
2659 1457 2997 1506 nostrarum.
3040 1445 3147 1512 Qui
3201 1457 3324 1499 cum
3362 1441 3530 1513 quinto
3564 1438 3670 1528 κει.

2153 1524 2332 1604 iulias
2362 1544 2431 1602 ad
2476 1552 2659 1616 partes
2690 1543 2953 1612 egressus
2975 1535 3185 1594 Obsicii
3220 1535 3469 1590 adversus
3501 1524 3676 1588 Arabes

2154 1647 2324 1707 esset,
2365 1638 2515 1694 venit
2545 1634 2615 1691 ad
2665 1634 2943 1690 civitatem
2974 1643 3097 1701 qua:
3121 1628 3327 1683 dicitur
3357 1624 3533 1679 Craso.
3558 1623 3679 1679 Cum

2158 1742 2339 1789 autem
2384 1728 2680 1803 praedictus
2722 1724 3001 1782 Artahuas
3046 1722 3265 1778 Dorilaai
3319 1735 3441 1777 cum
3486 1717 3685 1774 Obsiaco

2154 1824 2355 1898 populo
2384 1831 2552 1885 esset,
2578 1817 3022 1891 suspiciebantur
3072 1814 3144 1869 ad
3198 1814 3453 1869 invicem.
3500 1812 3687 1867 Ilittens

2154 1926 2337 1972 autem
2370 1911 2770 1970 Constantinus
2812 1909 2883 1965 ad
2910 1923 3035 1963 eum
3065 1906 3289 1979 petebat
3328 1905 3430 1961 sibi
3460 1902 3605 1973 dirigi
3640 1900 3690 1955 ﬁo

2154 2009 2258 2064 lios
2290 2007 2433 2078 ejus,
2485 2018 2626 2075 quos
2655 2000 2816 2073 quasi
2856 1999 3211 2055 desiderabat
3273 2004 3456 2068 utpote
3494 2002 3697 2064 nepotes

2156 2112 2287 2155 suos
2317 2097 2520 2153 videre.
2555 2092 2791 2149 intentio
2816 2098 3002 2147 autem
3032 2088 3155 2160 ejus
3193 2096 3316 2144 erat
3360 2088 3693 2156 comprehen-

2158 2189 2322 2249 dendi
2346 2205 2442 2246 eos
2475 2195 2529 2245 et
2562 2185 2903 2243 retrudendi.
2959 2185 3031 2238 At
3065 2183 3160 2239 ille
3200 2197 3330 2239 cum
3372 2163 3699 2237 intellexisset

2160 2283 2430 2348 fraudem,
2485 2276 2991 2334 immensurabilem
3042 2273 3311 2330 malitiam
3360 2270 3478 2342 ejus
3522 2270 3699 2333 sciens.

2158 2375 2247 2431 sui
2281 2371 2718 2443 desperationem
2759 2368 3017 2433 incurrit,
3049 2367 3421 2438 populumque
3449 2365 3705 2431 alloquens

2159 2472 2215 2522 et
2274 2460 2613 2534 persuadens
2642 2460 2853 2530 impetu
2899 2457 3166 2513 adversus
3216 2458 3366 2511 illum
3405 2468 3528 2510 cum
3574 2450 3705 2506 omni

2161 2556 2512 2613 multitudine
2534 2552 2873 2625 properavit.
2894 2549 2963 2605 Et
2992 2551 3157 2607 Beser
3176 2548 3392 2621 quidem
3416 2545 3710 2617 patricium,

2161 2650 2257 2722 qui
2287 2662 2486 2704 sensus
2514 2652 2632 2702 erat
2662 2643 3067 2699 Saracenorum
3102 2650 3340 2699 sectator
3357 2640 3561 2710 quique
3584 2650 3716 2707 pra-

2163 2746 2428 2807 cesserat,
2480 2736 2778 2808 romphaeis
2831 2735 3239 2792 interfecerunt.
3292 2732 3359 2786 At
3396 2745 3530 2786 vero
3574 2727 3720 2784 Con-

2163 2834 2440 2891 stantinus
2474 2831 2676 2888 misere
2720 2846 2865 2903 equo
2919 2830 3055 2886 forte
3101 2834 3275 2884 strato
3320 2832 3567 2895 reperto,
3605 2836 3717 2877 cum

2164 2923 2510 2981 ascendisset
2568 2919 2625 2978 in
2654 2937 2801 2990 eum,
2858 2920 3075 2991 fugiens
3120 2917 3270 2972 venit
3308 2913 3609 2970 Amorinm.
3665 2909 3722 2965 ει

2165 3031 2291 3073 cum
2325 3015 2394 3071 ad
2450 3015 2811 3070 Orientalium
2859 3012 3085 3075 thema,
3129 3009 3291 3079 cujus
3351 3014 3552 3078 prator
3605 3014 3719 3060 tunc

2165 3108 2443 3165 Lancinus
2468 3116 2585 3164 erat
2603 3151 2617 3175 ,
2650 3106 3019 3168 cucurrisset,
3054 3101 3486 3158 circumvenitur
3511 3098 3577 3153 ab
3604 3095 3723 3163 illis,

2166 3216 2306 3273 quos
2330 3201 2503 3270 magis
2534 3199 2829 3255 sublevans
2870 3193 3362 3268 pollicitationibus
3390 3190 3453 3246 ad
3490 3190 3725 3245 Sisinna-

2167 3295 2306 3350 tium
2334 3293 2499 3348 mittit
2528 3290 2841 3354 confestim,
2891 3289 2987 3359 qui
3014 3294 3152 3342 tunc
3198 3293 3399 3356 prator
3422 3292 3534 3338 erat
3556 3278 3725 3335 Thra-

2168 3385 2415 3442 censium
2448 3383 2729 3449 thematis,
2759 3390 2813 3437 et
2845 3380 3139 3452 persuadet
3181 3378 3293 3433 illis
3340 3374 3575 3431 auxiliari
3605 3371 3724 3427 sibi.

2171 3476 2311 3532 Hinc
2339 3491 2471 3547 ergo
2495 3473 2856 3529 atrocissimas
2886 3485 3080 3543 pugnae
3107 3477 3161 3523 et
3194 3466 3485 3524 conﬂictus
3514 3459 3731 3520 subditis

2170 3574 2526 3641 generantur,
2567 3579 2692 3620 cum
2741 3562 3045 3634 imperator
3070 3560 3450 3632 appellaretur
3499 3566 3729 3625 uterque.

2173 3661 2442 3717 Praeterea
2467 3657 2659 3715 scribit
2704 3655 3087 3711 Artahuasdus
3118 3653 3187 3707 ad
3221 3652 3615 3723 Theophanem
3647 3660 3729 3718 pa-

2172 3752 2393 3807 tricium
2417 3758 2472 3807 et
2520 3748 2871 3820 magistrum,
2896 3747 2993 3819 qui
3024 3762 3090 3802 ex
3120 3761 3369 3817 persona
3401 3742 3655 3818 principis
3687 3742 3734 3796 in

2176 3842 2313 3898 urbe
2365 3848 2730 3903 remanserat,
2780 3854 2879 3909 per
2930 3837 3295 3893 Athanasium
3366 3834 3733 3897 silentiarium,

2176 3949 2297 4005 quas
2321 3939 2475 4005 gesta
2501 3940 2652 3987 sunt.
2690 3929 2946 3997 Quicum
2984 3927 3341 3985 Artahuasdo
3390 3927 3619 3993 faveret,
3657 3938 3739 3979 co-

2177 4033 2430 4081 acervato
2468 4024 2670 4095 p0puio
2698 4022 2843 4093 apud
2873 4021 3288 4077 catechumenia
3323 4019 3546 4091 Magnae
3584 4015 3738 4073 eccle-

2179 4117 2295 4182 sia,
2322 4124 2376 4172 et
2409 4131 2504 4187 per
2539 4115 2748 4170 litteras
2772 4121 2828 4168 et
2872 4128 2969 4183 per
3008 4112 3123 4182 jam
3157 4112 3376 4168 dictum
3407 4107 3741 4165 Athanasium

2179 4206 2452 4279 persuasit
2474 4204 2730 4260 omnibus
2757 4204 2982 4260 credere
3010 4204 3153 4274 quod
3178 4203 3493 4273 imperator
3520 4207 3745 4257 mortuus

2181 4298 2368 4365 fuerit,
2403 4296 2787 4350 Artahuasdus
2817 4303 2999 4350 autem
3051 4308 3084 4348 a
3132 4295 3485 4351 thematibus
3531 4306 3747 4365 pronun-

2183 4389 2353 4445 tiatus
2410 4388 2483 4443 sit
2539 4387 2861 4457 imperator.
2921 4385 3079 4443 Tunc
3125 4387 3305 4442 omnis
3366 4388 3605 4460 populus
3643 4396 3745 4439 cum

500 4471 877 4541 decipiuntur,
909 4469 1147 4526 ludibria
1172 4471 1422 4541 exsequi,
1461 4485 1583 4541 quae
1613 4471 1683 4526 ab
1710 4470 1816 4527 hac
1838 4471 1905 4526 l0
1937 4469 2066 4526 indi-

2188 4480 2486 4537 Anastasio
2517 4479 2640 4535 falsi
2673 4480 2915 4535 nominis
2968 4479 3280 4550 patriarcha
3341 4475 3673 4535 anathemati
3703 4480 3752 4528 et

501 4566 686 4620 ctione
718 4564 893 4635 ipsius
924 4563 1136 4634 imperii
1169 4564 1297 4620 anni
1329 4564 1493 4636 primi
1533 4577 1712 4634 usque
1743 4564 1811 4620 ad
1840 4564 1909 4619 14
1933 4564 2079 4621 indi-

505 4656 741 4710 ctioncm
782 4656 975 4710 mortis
1001 4654 1149 4710 illius
1175 4654 1341 4725 impie
1372 4654 1562 4725 gessit.
1594 4652 1694 4710 Hic
1716 4654 1861 4710 enim
1894 4656 2084 4725 perni-

506 4745 854 4802 ciosissimus
902 4755 957 4801 et
1005 4747 1241 4817 agrestis
1266 4746 1457 4814 ferus,
1510 4754 1567 4803 et
1630 4745 1915 4818 tyrannica
1985 4758 2089 4801 nec

508 4838 748 4907 legitime
789 4838 993 4894 abusus
1035 4838 1288 4909 imperio,
1346 4837 1525 4909 primo
1562 4837 1785 4909 quidem
1816 4852 1845 4891 a
1888 4835 2000 4892 Deo
2034 4844 2091 4893 et

512 4927 834 4981 intemerata
861 4926 1029 4982 Matre
1048 4927 1221 4999 ipsius
1243 4942 1307 4984 ac
1324 4927 1579 4984 omnibus
1596 4927 1805 4984 sanctis
1820 4926 2088 4994 abscedit,

510 5015 739 5088 magicis
758 5017 1039 5074 maleﬁciis
1064 5027 1117 5073 et
1139 5020 1377 5077 luxuriis
1413 5020 1770 5091 cruentisque
1799 5018 2091 5076 sacriﬁciis

512 5117 568 5165 et
627 5108 918 5164 caballinis
973 5112 1314 5168 stercoribus
1364 5120 1529 5182 atque
1580 5113 1717 5167 iotio
1760 5112 2089 5176 delectatus,

515 5201 851 5257 mollitiebus
900 5216 1119 5272 quoque
1168 5216 1234 5257 ac
1284 5202 1595 5258 daemonum
1644 5202 2093 5259 invocationihus

516 5297 784 5369 gaudens,
842 5302 1008 5367 atque
1053 5295 1315 5351 omnibus
1360 5297 1573 5353 animas
1613 5296 2094 5368 corrumpentibus

518 5390 1004 5447 adinvcntionibus
1058 5404 1089 5443 a
1141 5396 1334 5445 tenera
1376 5397 1538 5445 etate
1589 5389 1915 5446 convivens.
1956 5388 2094 5457 Quia

518 5496 652 5537 vero
683 5495 971 5552 paternum
1011 5483 1376 5555 principatum
1414 5497 1541 5539 cum
1593 5481 1802 5537 malitia
1833 5483 2094 5553 suscepit,

522 5588 628 5626 non
660 5578 930 5632 modicam
973 5577 1026 5630 in
1052 5577 1202 5632 brevi
1234 5582 1481 5647 tempore
1518 5573 1866 5629 demonstrat
1904 5574 2098 5643 nequi-

523 5661 677 5724 tiam,
740 5667 814 5721 ita
870 5677 929 5720 ut
978 5667 1047 5721 ab
1090 5667 1346 5723 omnibus
1399 5667 1471 5721 ob
1521 5666 1915 5735 impudentiam
1966 5680 2098 5721 con-

526 5744 703 5801 festim
744 5754 869 5808 odio
902 5754 1218 5823 haberetur,
1275 5767 1328 5812 ct
1375 5754 1724 5813 Artahuast
1784 5754 2092 5827 curopalati

2187 4570 2536 4627 detestationi
2589 4569 2973 4626 submiserunt
3020 4569 3464 4625 Constantinum
3516 4577 3572 4623 ut
3616 4578 3749 4619 arro-

2188 4658 2404 4731 gantem
2435 4667 2489 4715 et
2517 4658 2894 4714 adversarium
2944 4658 3059 4724 Dei,
3109 4667 3275 4729 atque
3336 4660 3528 4732 ipsius
3581 4654 3753 4714 eadem

2190 4750 2649 4824 amplectabiliter
2683 4751 3028 4806 admiserunt
3073 4758 3340 4822 tanquam
3394 4767 3428 4807 a
3471 4751 3613 4807 malo
3660 4759 3754 4802 tua-

2188 4843 2341 4898 ximo
2395 4842 2614 4899 liberati
2657 4859 2673 4897 :
2736 4842 3143 4898 Artahuasdum
3204 4858 3340 4899 vero
3371 4845 3755 4915 .imperatorem

2190 4932 2634 5003 praedicaverunt
2693 4939 2753 4986 ut
2807 4932 3175 4989 orthodoxum
3220 4941 3276 4988 et
3311 4933 3639 4990 divinorum
3680 4929 3755 4983 do-

2191 5030 2433 5094 gmatum
2468 5032 2953 5096 propugnatorem.
2989 5023 3111 5080 Mox
3146 5039 3276 5095 ergo
3321 5024 3589 5082 Monotes
3619 5017 3755 5077 mittit

2194 5116 2249 5170 in
2278 5123 2462 5185 partes
2489 5113 2836 5172 Thracenses
2868 5115 2935 5171 ad
2970 5114 3344 5187 Nicephorum
3397 5118 3576 5172 lilium
3605 5126 3753 5172 suum.

2194 5214 2485 5279 praztorem
2541 5206 2963 5276 Thracensium,
3015 5224 3127 5279 quo
3161 5208 3229 5263 ad
3274 5210 3602 5264 custodiam
3631 5201 3753 5259 urbis

2195 5298 2432 5353 minaret
2456 5297 2572 5352 illic
2599 5298 2900 5354 exercitum
2923 5300 3311 5355 constitutum.
3343 5298 3635 5355 Obseratis
3651 5305 3754 5362 ergo

2198 5390 2372 5461 portis
2402 5404 2688 5444 murorum
2721 5398 2774 5445 et
2806 5390 3007 5462 vigiliis
3030 5392 3245 5464 positis,
3267 5392 3419 5448 ﬁlios
3442 5381 3752 5449 Constantini

2197 5481 2623 5561 comprehensos
2663 5496 2835 5540 cassos
2865 5498 2931 5539 ac
2961 5494 3154 5542 tonsos
3177 5484 3233 5539 in
3264 5484 3532 5539 custodia
3583 5476 3751 5552 posuiL

2197 5574 2331 5629 Cum
2367 5580 2550 5630 autem
2595 5574 2980 5634 Artabuasdus
3027 5592 3151 5633 cum
3187 5576 3493 5646 Obsequiis
3515 5581 3655 5631 esset
3680 5582 3750 5622 ur-

2198 5666 2318 5721 bem
2348 5666 2657 5735 ingressus,
2716 5670 2964 5737 pervenit
3010 5678 3066 5722 et
3093 5668 3514 5725 Constantinus
3553 5666 3753 5721 Chrvso-

2201 5757 2362 5829 polim
2392 5771 2517 5813 cum
2548 5757 2767 5817 duobus
2797 5760 3129 5818 thcmatihus
3151 5804 3164 5831 ,
3199 5760 3606 5818 Thracensium
3631 5750 3754 5812 sciti-
