3978 6212
365 277 504 345 1309

1167 280 1538 344 HISTORIA
1565 281 2144 344 ECCLESIASTICA
2187 281 2294 344 EX
2322 284 2803 350 THEOPHANE.

3461 292 3600 362 1370

357 403 444 450 eet
470 399 526 448 et
551 389 948 452 Orientalium;
980 394 1029 444 et
1061 402 1191 444 cum
1232 391 1371 448 nihil
1421 407 1585 464 agere
1641 391 1932 461 valuisset,
1961 398 2006 455 Α
2034 388 2276 461 inﬁdeles
2313 394 2470 447 amici
2501 394 2618 448 sitis
2646 410 2664 450 :
2703 396 3004 450 testamenti
3033 411 3156 451 vero
3187 400 3294 453 mei
3327 407 3481 456 testes
3515 420 3605 458 eos

354 500 616 542 reversus
665 483 809 554 apud
865 484 1153 540 Amorium
1205 485 1487 542 hiemavit.
1544 484 1930 541 Artaliuasdus

355 584 540 630 autem
570 589 666 646 per
709 583 882 629 totam
941 576 1132 633 urbem
1185 591 1376 633 sacras
1421 577 1600 632 erexit
1641 576 1928 646 imagines.

355 667 571 724 Interea
595 664 824 720 Barbari
856 666 1160 723 sentientes
1186 665 1381 720 horum
1405 665 1639 721 invicem
1657 665 1926 736 iurgium,

355 761 586 816 multam
611 759 852 830 praedam
911 759 968 813 in
1016 757 1337 816 Romaniam
1380 765 1787 829 perpeti-arant.
1829 759 1931 817 hos

356 850 680 908 Sulehiman
743 858 980 921 pratore
1049 851 1305 906 ducente.
1370 847 1546 905 Porro
1601 850 1933 907 Anastasius

354 942 879 1015 pseudopatriarcba
930 950 1124 998 tenens
1146 941 1467 998 honoranda
1505 951 1560 998 et
1615 941 1830 998 vivifica
1867 942 1934 996 li-

355 1051 482 1107 gna,
509 1035 716 1105 iuravit
756 1034 960 1105 populo
992 1034 1181 1090 dicens
1213 1048 1228 1087 :
1263 1031 1368 1088 Per
1409 1050 1530 1089 eum
1574 1035 1669 1105 qui
1705 1034 1761 1088 in
1801 1034 1932 1095 ipsis

356 1127 546 1196 afﬁxus
588 1137 690 1192 est,
733 1126 812 1180 sic
846 1126 976 1180 mihi
1022 1126 1161 1179 dixit
1217 1122 1600 1179 Constantinus
1643 1126 1934 1194 imperator

357 1235 690 1283 asseverans,
723 1216 806 1272 Ne
849 1218 1080 1273 cstimes
1132 1214 1331 1271 Filium
1370 1216 1468 1271 Dei
1495 1233 1610 1272 esse
1631 1233 1750 1272 eum
1778 1233 1932 1286 quem

356 1310 556 1380 peperit
587 1307 789 1375 Maria,
815 1308 1006 1378 quique
1049 1307 1249 1362 dicitur
1300 1307 1567 1370 Christus,
1599 1309 1690 1362 sed
1739 1324 1930 1378 purum

355 1402 641 1456 bonainem.
668 1397 848 1454 Maria
890 1399 1030 1453 enim
1060 1414 1181 1454 eum
1223 1400 1422 1469 peperit
1454 1400 1591 1454 sicut
1619 1416 1702 1454 me
1733 1403 1934 1470 peperit

355 1502 530 1544 atate:-
574 1503 692 1544 mea
738 1486 941 1543 Maria.
987 1485 1054 1543 Et
1094 1496 1226 1543 tunc
1251 1489 1434 1545 omnis
1483 1489 1716 1560 populus
1759 1489 1932 1545 male-

356 1582 499 1638 dixit
537 1582 610 1637 ei.

429 1672 620 1728 Mundi
671 1686 820 1728 anno
867 1670 1029 1737 6254,
1082 1669 1284 1727 divina
1340 1669 1737 1727 incarnationis
1786 1685 1931 1728 anno

359 1763 488 1826 754,
539 1776 686 1816 anno
727 1777 860 1817 vero
894 1732 1114 1830 imperii
1141 1759 1487 1816 Constantini
1533 1761 1800 1827 secundo,
1834 1761 1930 1832 qui
1958 1732 2006 1791 Β

357 1855 735 1912 Romanorum
766 1853 1062 1925 imperium
1105 1858 1303 1922 tenuit,
1351 1863 1608 1912 mortuus
1635 1865 1720 1912 est
1744 1855 1932 1911 llisam

356 1945 600 2002 Arabum
634 1945 766 2001 dux.
799 1944 900 2000 Hic
929 1945 1276 2001 sanctissima
1311 1945 1656 2003 Antiochena
1700 1947 1933 2002 ecclesia

357 2053 461 2108 per
491 2052 668 2094 annos
689 2037 1052 2108 quadraginta
1071 2037 1292 2094 viduata
1322 2048 1598 2104 manente,
1629 2037 1934 2109 prohiben-

360 2129 513 2185 tibus
540 2128 661 2185 fleri
687 2130 1064 2201 patriarcham
1096 2129 1392 2196 Arabibus,
1420 2129 1479 2185 in
1501 2129 1696 2185 eadem
1723 2129 1935 2188 habens

357 2221 652 2292 quemdam
699 2221 1142 2278 amantissimum
1192 2223 1526 2279 monachum
1580 2223 1779 2296 Syrum
1829 2241 1935 2282 no-

358 2311 510 2366 mine
550 2312 914 2382 Stephanum,
945 2311 1306 2383 agrestiorem
1332 2313 1556 2384 quidem
1584 2315 1683 2371 sed
1714 2315 1936 2387 religio-

360 2417 505 2469 sum,
539 2402 698 2474 jubet
731 2403 788 2456 in
816 2402 1046 2460 Oriente
1091 2404 1288 2472 positis
1337 2403 1696 2472 Christianis,
1727 2407 1775 2463 si
1820 2408 1935 2463 vel-

357 2493 477 2548 lent
518 2494 764 2564 permitti
815 2493 925 2550 sibi
974 2494 1342 2564 patriarcham
1393 2497 1632 2565 habere,
1663 2499 1936 2571 eligerent

361 2584 740 2656 Stephanum;
800 2587 897 2658 qui
946 2586 1215 2644 divinitus
1273 2587 1381 2644 hoc
1430 2587 1552 2644 ﬁeri
1597 2589 1936 2647 arbitrantes

358 2690 826 2736 eonsecranteum
849 2679 906 2736 in
930 2680 1063 2738 sede
1089 2680 1459 2752 Theupoleos,
1491 2693 1548 2738 et
1566 2698 1634 2738 ex
1656 2691 1790 2740 tune
1825 2683 1937 2742 huc

361 2785 535 2843 usque
554 2772 816 2829 discurrit
845 2775 966 2829 sine
984 2772 1357 2843 prohibitione
1386 2775 1704 2846 huiusmodi
1723 2775 1863 2833 ﬁeri.

433 2863 640 2920 Eodem
667 2879 812 2921 anno
843 2865 1082 2922 obtinuit
1099 2865 1295 2923 Vhalid
1322 2865 1468 2921 illius
1489 2866 1658 2922 ﬂisan
1690 2864 1936 2922 Arabum

359 2955 755 3026 principatum,
805 2957 874 3012 ad
922 2973 1084 3029 quem
1116 2957 1513 3015 Constantinus
1561 2956 1786 3028 quidem
1821 2957 1936 3012 An-

2035 499 2144 538 esse
2161 484 2298 550 volo,
2325 502 2442 539 cum
2466 488 2536 540 sit
2559 486 2688 540 tale.
2731 487 2914 542 Omnis
2941 490 3031 559 qui
3070 506 3174 543 non
3212 493 3374 546 credit
3411 495 3466 546 in
3496 493 3609 549 Pa-

2034 586 2168 630 trem
2198 586 2246 631 et
2271 576 2464 631 Filium
2489 587 2538 631 et
2567 578 2828 650 Spiritum
2862 588 3128 646 sanctum,
3183 584 3610 640 consubstantia-

2035 671 2137 726 lem
2164 682 2214 726 et
2245 673 2478 728 divinam
2519 675 2573 728 in
2621 677 2846 729 monade
2883 675 3215 741 Trinitatem,
3250 689 3490 733 mortuus
3529 692 3606 734 est

2034 765 2239 829 anima,
2273 775 2326 819 et
2356 774 2554 820 (sterno
2588 767 2777 838 dignus
2811 776 2886 821 est
2929 776 3210 824 tormento.
3261 770 3406 824 Talis
3445 783 3520 826 est
3559 783 3610 827 et

2032 855 2281 911 Hauoned
2313 858 2762 928 pseudOpropheta
2800 868 2971 914 vester
3023 869 3072 914 et
3105 861 3413 916 Antichristi
3473 881 3610 933 prie-

2033 963 2238 1001 cursor.
2268 947 2528 1001 Discedite
2561 964 2706 1019 ergo,
2741 949 2789 1003 si
2818 949 2945 1003 mihi
2978 951 3194 1004 creditis
3227 954 3443 1006 testanti
3469 953 3614 1006 vobis

2032 1038 2185 1092 hodie
2213 1037 2399 1092 emtum
2431 1049 2481 1092 et
2511 1049 2730 1106 terram,
2776 1041 2840 1095 ab
2887 1040 3034 1096 illius
3074 1042 3400 1112 fabulatione
3429 1059 3448 1098 :
3481 1060 3610 1098 con-

2031 1125 2149 1181 sulo
2186 1130 2327 1182 enim
2357 1129 2519 1191 vobis.
2557 1146 2622 1186 ne
2645 1133 2971 1203 _erueiemirti
2995 1133 3157 1187 simul
3181 1150 3300 1188 cum
3326 1134 3438 1188 illo.
3469 1134 3610 1190 Cum

2033 1228 2218 1274 autem
2246 1219 2365 1275 haec
2397 1231 2455 1276 et
2475 1221 2564 1277 his
2604 1222 2760 1291 plura
2793 1238 2920 1278 cum
2948 1223 3032 1279 eis
3068 1224 3138 1279 de
3160 1225 3274 1280 Deo
3308 1225 3609 1280 ratiocina-

2035 1318 2125 1366 tus
2176 1311 2498 1378 dissereret,
2527 1313 2822 1370 audientes
2870 1315 2951 1370 illi
2995 1324 3220 1386 stupore
3251 1332 3350 1372 seu
3385 1319 3611 1373 vesania

2033 1401 2248 1458 detenti
2287 1403 2680 1474 longanimiter
2729 1404 2834 1460 visi
2863 1413 2996 1460 sunt
3044 1405 3212 1472 ferre,
3243 1421 3311 1462 ex
3344 1407 3610 1478 languore

2032 1491 2184 1549 hunc
2203 1503 2404 1564 praeter
2425 1510 2647 1550 sensum
2681 1510 2802 1551 esse
2843 1504 3119 1566 putantes.
3152 1497 3288 1553 Cum
3325 1507 3509 1555 autem
3542 1516 3613 1556 ex

2033 1583 2355 1641 inﬁrmitate
2406 1587 2799 1652 convaluisset,
2849 1588 3044 1658 maiori
3085 1590 3252 1660 erepit
3307 1606 3442 1647 voce
3495 1593 3612 1648 ela-

2035 1689 2226 1730 mare:
2264 1673 2566 1730 Anathema
2591 1675 2842 1731 Maumed
2880 1685 2931 1730 et
2978 1678 3216 1748 fabuloso
3250 1681 3444 1751 scripto
3474 1685 3613 1753 ejus,

2033 1776 2084 1823 et
2115 1770 2314 1823 cunctis
2349 1770 2440 1840 qui
2469 1770 2689 1824 credunt
2721 1771 2789 1825 ei.
2845 1770 2890 1825 Τ
2896 1787 3003 1826 unc
3046 1789 3145 1842 per
3199 1773 3442 1843 gladium
3493 1777 3615 1831 anis

2034 1859 2476 1917 madversionem
2497 1865 2792 1930 perpessus
2822 1871 3032 1933 martyr
3049 1872 3308 1919 ostensus
3325 1875 3429 1920 est.
3456 1865 3616 1921 Hunc

2033 1951 2527 2008 declamationibus
2555 1967 2874 2008 sermonum
2923 1954 3216 2010 honoravit
3242 1967 3468 2013 sanctus
3511 1958 3619 2014 Pa-
3660 2004 3666 2012 .

2035 2052 2122 2100 ter
2165 2052 2358 2100 noster
2405 2043 2682 2110 Joannes,
2733 2044 2832 2114 qui
2880 2044 3020 2100 bene
3073 2047 3495 2116 cognominatus
3529 2056 3618 2103 est

2033 2132 2403 2205 Chrysorroas
2447 2142 2678 2204 propter
2717 2149 2940 2190 auream
2993 2141 3051 2190 et
3101 2133 3367 2205 fulgidam
3435 2137 3614 2192 sancti

2035 2223 2277 2294 Spiritus
2298 2225 2555 2296 gratiam,
2587 2240 2713 2295 quas
2753 2225 2808 2278 in
2842 2224 2962 2294 ipso
3008 2231 3118 2280 tam
3151 2225 3207 2280 in
3239 2225 3410 2282 verbo
3448 2241 3617 2296 quam

2036 2315 2093 2372 in
2113 2316 2240 2372 vitae
2265 2324 2392 2372 actu
2417 2315 2680 2371 ellloruit.
2712 2315 2887 2383 Quem
2934 2315 3194 2372 videlicet
3221 2316 3620 2378 Constantinus

2037 2406 2241 2476 impius
2277 2407 2581 2478 imperator
2623 2423 2812 2464 annuo
2851 2416 3082 2477 propter
3127 2407 3466 2463 eminentem
3521 2425 3619 2466 or-

2038 2498 2358 2555 thodoxiam
2397 2500 2525 2570 eius
2571 2499 2913 2558 anathemati
2959 2499 3349 2565 submittebat,
3396 2509 3452 2556 et
3510 2514 3616 2570 pro

2036 2593 2283 2662 Mansur,
2307 2596 2456 2665 quod
2487 2603 2574 2651 est
2600 2596 2809 2652 avitum
2852 2611 3056 2652 nomen
3081 2597 3202 2668 eius
3235 2597 3495 2667 quodque
3531 2612 3621 2652 re-

2037 2684 2295 2756 demptus
2314 2685 2714 2758 interpretatur
2729 2702 2897 2743 sensu
2923 2688 3176 2753 Judaico,
3206 2703 3410 2743 novum
3427 2688 3620 2746 Eccle-

2037 2778 2134 2835 sia:
2161 2779 2482 2851 magistrum
2501 2779 2794 2838 Manzeron
2815 2791 3028 2838 mutato
3065 2783 3290 2838 nomine
3317 2783 3616 2842 vocitabat.

2106 2867 2314 2924 Eodem
2343 2885 2566 2941 quoque
2625 2885 2772 2927 anno
2801 2871 2998 2928 Vhalid
3027 2870 3260 2942 Cyprios
3295 2874 3352 2929 in
3402 2873 3617 2945 Syriam

2039 2959 2340 3022 transtulit,
2371 2959 2754 3016 Artahuasdus
2778 2971 2962 3018 autem
2998 2963 3251 3020 Nie’etam
3294 2965 3468 3020 tilium
3492 2981 3611 3022 mov

357 3050 552 3106 dream
581 3052 945 3122 spatharium.
971 3053 1352 3111 Artahuasdus
1397 3062 1582 3109 autem
1609 3051 1934 3124 Gregorium
1962 3066 2005 3123 ο
2037 3057 2416 3121 nostrategum
2445 3059 2756 3120 promotum
2775 3052 2844 3108 ad
2869 3054 3053 3110 thema
3085 3054 3288 3112 direxit
3312 3057 3609 3114 Armenia-

359 3143 699 3215 logotbetam
767 3146 1239 3212 transmiserunt,
1293 3145 1560 3200 auxilium
1627 3152 1939 3214 querentes

363 3233 605 3303 utrique.
637 3234 808 3289 Porro
833 3235 1032 3304 pluviae
1057 3234 1311 3290 defectus
1339 3242 1397 3289 et
1427 3243 1591 3289 terrae
1624 3241 1808 3288 motus
1839 3247 1938 3302 per

361 3323 481 3380 loca
509 3324 638 3378 facti
671 3332 822 3391 sunt,
849 3325 924 3379 ita
952 3333 1016 3380 ut
1037 3332 1257 3380 montes
1280 3323 1572 3378 unirentur
1601 3322 1673 3377 ad
1699 3321 1937 3377 invicem

361 3432 464 3486 per
497 3432 746 3472 eremum
774 3416 973 3472 Sahbze
1012 3424 1071 3472 et
1100 3415 1324 3472 castella
1348 3415 1451 3471 sub
1487 3424 1689 3472 terram
1714 3414 1938 3482 immer-

362 3515 626 3576 gerentur
668 3505 948 3576 absorpta.

432 3597 640 3652 Eodem
664 3613 796 3654 vero
825 3612 972 3654 armo
998 3594 1226 3653 Cosmas
1251 3595 1596 3651 Alexandriae
1623 3594 1936 3666 patriarcha

364 3705 472 3745 una
501 3705 628 3746 cum
661 3698 775 3745 tota
805 3689 1029 3745 civitate
1057 3704 1088 3742 a
1122 3687 1610 3744 monothelitarum
1639 3686 1936 3742 eacodoxia

363 3781 531 3838 rediit
557 3782 626 3836 ad
655 3781 1062 3847 orthodoxiam,
1088 3795 1213 3836 eum
1239 3778 1511 3836 tenuisset
1555 3793 1588 3834 a
1638 3777 1802 3850 Cyro,
1838 3777 1935 3848 qui

362 3875 469 3929 sub
522 3873 775 3929 Heraclio
830 3871 1175 3929 Alexandriae
1223 3870 1536 3941 patriarcha
1580 3868 1707 3925 fuit.
1761 3870 1935 3926 Porro

361 3967 666 4022 exercitum
704 3965 875 4021 movit
911 3965 1109 4021 Camer
1137 3979 1264 4020 eum
1309 3962 1551 4019 Arabum
1580 3961 1935 4018 multitudine

362 4068 556 4114 contra
590 4058 936 4124 Romaniam,
965 4067 1022 4113 et
1061 4056 1250 4113 multis
1275 4057 1330 4111 in
1355 4055 1729 4126 captivitatem
1754 4053 1934 4108 abdu-

360 4151 472 4206 ctis
509 4164 767 4205 reversus
818 4157 923 4214 est,
952 4158 1010 4205 et
1041 4147 1299 4219 apparuit
1328 4148 1548 4218 signum
1596 4146 1654 4200 in
1683 4145 1827 4201 emlo
1862 4144 1934 4201 ad

361 4241 678 4313 aquilonem
725 4255 918 4297 mense
977 4239 1164 4296 Iunio.
1223 4237 1419 4296 Vhalid
1473 4247 1659 4294 autem
1709 4239 1934 4294 Petrum

358 4334 774 4390 sanctissimum
824 4332 1232 4403 metropolitam
1265 4331 1515 4387 Damasci
1542 4331 1729 4402 lingua
1766 4328 1935 4386 muti-

2039 3155 2252 3208 eorum,
2283 3158 2452 3214 porro
2472 3144 2849 3214 Nicephorum
2879 3160 3036 3216 atque
3065 3146 3237 3202 lilium
3269 3164 3430 3203 suum
3454 3164 3606 3205 coro-

2037 3234 2192 3287 navit
2233 3248 2343 3309 per,
2389 3233 2768 3313 Anastasium
2797 3236 3190 3307 patriarcham.
3245 3239 3433 3296 Mense
3485 3255 3618 3297 vero

2036 3323 2178 3380 Maio
2208 3339 2336 3380 cum
2375 3325 2758 3382 Artahuasdus
2783 3326 2852 3382 ad
2899 3338 3088 3398 partes
3125 3327 3331 3386 Obsieii
3359 3346 3619 3402 egressus

2035 3414 2234 3471 fuisset
2266 3426 2324 3473 et
2354 3417 2562 3476 milites
2589 3420 2869 3491 elegisset,
2895 3427 3066 3476 totam
3094 3421 3280 3478 Asiam
3321 3421 3490 3492 cepit,
3522 3421 3616 3478 de-

2036 3509 2308 3580 populans
2342 3525 2486 3566 eam.
2514 3511 2636 3578 Quo
2664 3511 3062 3570 Constantinus
3107 3523 3394 3584 comperto
3434 3521 3620 3570 motus

2037 3607 2123 3654 est
2153 3608 2346 3656 contra
2400 3600 2602 3670 ipsum.
2662 3602 2800 3658 Cum
2850 3619 2984 3661 vero
3033 3604 3104 3659 ad
3163 3620 3294 3661 eum
3340 3606 3396 3660 in
3433 3614 3621 3676 partes

2038 3687 2374 3748 Sardeorum
2405 3708 2434 3748 a
2461 3691 2726 3750 Celhiano
2755 3693 3085 3752 redeuntem
3117 3697 3362 3754 venisset
3401 3706 3457 3752 et
3491 3713 3617 3754 cum

2038 3778 2135 3838 illo
2180 3782 2386 3837 bellum
2445 3783 2684 3848 iniisset,
2746 3783 2918 3838 vertit
2977 3799 3106 3840 eum
3174 3801 3242 3842 ac
3306 3787 3620 3856 insequitur

2035 3871 2320 3944 Cyzicum.
2350 3872 2420 3928 At
2442 3873 2534 3930 ille
2563 3890 2690 3930 cum
2717 3874 2979 3946 Cyzicum
3008 3877 3372 3946 pervenisset,
3403 3877 3621 3934 droo-

2035 3980 2162 4022 nem
2186 3964 2468 4037 ingressus
2494 3966 2554 4022 in
2580 3966 2804 4024 civitate
2829 3967 3098 4022 salvatur.
3125 3969 3398 4025 Pratterea
3426 3985 3619 4028 mense

2033 4059 2282 4133 Augusto
2338 4061 2587 4132 eiusdem
2653 4061 2968 4118 undecima:
3023 4061 3346 4120 indietionis
3395 4065 3619 4122 Nicetes

2037 4158 2485 4222 monostrategus
2535 4150 2680 4207 ﬁlius
2723 4151 3098 4218 Artahuasdi,
3160 4167 3286 4206 cum
3339 4152 3621 4209 intulisset

2037 4241 2403 4298 Constantino
2455 4241 2604 4313 apud
2654 4243 2961 4300 Modrinem
3010 4253 3068 4300 et
3101 4243 3352 4300 Cisseum
3383 4244 3616 4309 bellum,

2039 4340 2192 4404 terga
2224 4342 2450 4390 vertens
2493 4334 2726 4407 aufugit.
2777 4335 2848 4390 Et
2875 4335 3100 4406 quidem
3132 4335 3424 4407 patricium
3451 4334 3615 4389 Teri-

355 4427 461 4483 lari
506 4427 767 4498 praecepit
798 4433 1057 4496 tanquam
1091 4433 1413 4496 arguentem
1461 4424 1641 4495 palam
1687 4422 1932 4478 Arabum
1964 4411 2007 4466 Ῑ)
2035 4425 2220 4480 datem
2259 4425 2609 4494 Armenium,
2639 4428 2873 4484 militem
2925 4427 3288 4485 fortissimum
3316 4434 3374 4483 et
3411 4441 3619 4484 conse-

355 4527 415 4575 et
456 4519 880 4574 Manichaeorum
926 4515 1334 4587 cognationem,
1365 4523 1424 4573 et
1465 4515 1714 4570 exsulem
1763 4528 1934 4584 penes

357 4609 577 4665 felicem
609 4610 868 4664 Arabiam
901 4608 1054 4695 fecit,
1095 4607 1191 4664 ubi
1231 4617 1290 4662 et
1327 4607 1561 4662 moritur
1589 4622 1690 4678 pro
1711 4604 1932 4661 Christo

357 4702 621 4773 martyrio
653 4711 937 4772 percepto,
965 4716 1092 4757 cum
1115 4699 1432 4770 expressius
1473 4699 1692 4754 divinas
1737 4697 1936 4754 missas

355 4795 791 4864 pronuntiasset,
838 4794 983 4850 sicut
1031 4793 1200 4866 huius
1262 4792 1342 4848 rei
1384 4801 1697 4848 narratores
1751 4791 1931 4857 aiunt,

353 4885 453 4956 qui
483 4899 542 4940 se
565 4886 804 4955 propriis
836 4884 1122 4940 auditibus
1153 4899 1322 4955 super
1350 4884 1458 4939 hoc
1477 4883 1930 4940 satisiactosesse

302 4978 618 5034 ‘fatentur.
679 4978 854 5048 liuius
919 4979 1207 5034 aemulator
1249 4986 1307 5033 et
1356 4977 1676 5048 aequivocus
1729 4976 1930 5048 Petrus

350 5070 498 5142 apud
550 5070 842 5141 Maiumam
889 5070 1099 5126 eisdem
1155 5070 1496 5140 temporibus
1541 5077 1800 5126 ostensus
1840 5077 1929 5124 est

349 5182 455 5236 pro
497 5163 719 5220 Christo
768 5172 976 5236 martyr
1003 5165 1312 5228 ultroneus,
1347 5165 1613 5235 languore
1645 5163 1923 5234 siquidem

349 5256 610 5311 detentus
634 5256 907 5326 primores
927 5255 1172 5312 Arabum
1195 5255 1504 5322 advocavit,
1528 5263 1717 5326 utpote
1739 5269 1929 5310 assue-

347 5347 526 5404 factus
577 5349 686 5405 sibi
733 5363 859 5404 cum
895 5349 1269 5405 chartularius
1305 5357 1455 5405 esset
1484 5354 1542 5402 et
1585 5347 1802 5418 publica
1833 5348 1930 5402 tri-

347 5441 483 5497 buta
509 5441 652 5497 facta
678 5442 893 5497 ratione
923 5441 1218 5506 conferret,
1241 5450 1298 5497 et
1319 5441 1398 5496 ait
1423 5440 1490 5496 ad
1523 5439 1648 5495 illos
1674 5459 1689 5495 :
1725 5439 1930 5496 Herce-

346 5537 467 5591 dem
487 5535 700 5606 quidem
723 5547 820 5608 pro
844 5535 944 5589 mei
971 5535 1274 5590 oisitatione
1294 5551 1329 5588 a
1356 5533 1462 5589 Deo
1489 5534 1778 5604 recipiatis,
1807 5535 1926 5589 licet

2034 4515 2258 4572 brinum
2290 4519 2648 4585 Artahuasdi,
2687 4536 2816 4576 cum
2855 4521 2981 4576 aliis
3012 4520 3201 4576 multis
3233 4520 3425 4577 electis
3454 4520 3609 4591 prin-

2032 4607 2251 4678 cipibus
2299 4609 2576 4667 interfecit
2620 4628 2634 4665 :
2683 4611 2976 4682 utriusque
3036 4627 3172 4668 vero
3224 4611 3397 4682 partis
3449 4627 3616 4672 casus

2033 4700 2184 4756 haud
2239 4701 2494 4758 modicus
2535 4701 2716 4758 factus
2762 4712 2870 4769 est,
2907 4704 3296 4759 Armeniorum
3319 4704 3532 4762 scilicet
3559 4713 3617 4760 et

2032 4793 2487 4848 Armeniaeorum
2535 4793 2979 4865 impugnantium
3013 4795 3278 4851 adversus
3302 4795 3615 4854 Orientales

2035 4896 2206 4958 atque
2233 4887 2584 4954 Thracesios,
2609 4887 2961 4944 Constantini
3013 4899 3472 4960 propugnetores.
3497 4890 3616 4946 Cas-

2035 4989 2219 5037 terum
2247 4981 2516 5051 antiquus
2547 4981 2724 5037 hostis
2756 4981 3010 5038 diabolus
3040 4993 3233 5039 contra
3261 4982 3614 5040 Christianos

2036 5075 2383 5146 temporibus
2436 5073 2561 5131 istis
2630 5075 2794 5130 talem
2859 5075 3122 5132 excitavit
3189 5077 3493 5132 saevitatem
3556 5085 3617 5131 et

2031 5167 2418 5224 mactationem
2445 5168 2735 5235 alternam,
2761 5175 2828 5224 ut
2863 5168 2962 5225 lllii
2991 5171 3158 5226 etiam
3195 5177 3390 5224 contra
3413 5181 3612 5238 paren-

2033 5269 2118 5316 tes
2137 5268 2198 5316 et
2229 5259 2432 5315 fratres
2477 5270 2670 5316 contra
2719 5261 2919 5340 fratres
2958 5268 3462 5325 commoverentur,
3499 5275 3612 5316 non

2033 5363 2326 5424 parcentes
2350 5353 2419 5409 ad
2475 5353 2702 5420 easdem,
2734 5363 2794 5410 et
2831 5353 3346 5410 immisericorditer
3389 5353 3616 5409 alterna

2035 5446 2303 5501 stationes
2335 5461 2401 5501 ac
2428 5445 2628 5502 domus
2655 5445 3106 5502 incenderentur.

2106 5537 2256 5593 inter
2295 5537 2409 5607 (79)
2447 5537 2568 5594 huic
2594 5546 2780 5594 autem
2821 5547 2881 5594 et
2941 5535 3258 5608 huiusmodi
3297 5535 3614 5608 Stephanus

1896 5668 2129 5727 NOTAE.

425 5815 540 5890 (79)
562 5815 692 5884 Qua:
714 5815 781 5872 de
811 5813 1004 5887 l’ipino
1027 5814 1114 5872 hic
1146 5820 1463 5882 narrantur,
1492 5828 1603 5870 non
1628 5819 1840 5871 exstant
1867 5809 2012 5883 apud
2037 5810 2453 5884 Theophanem,
2490 5810 2586 5870 sed
2613 5810 2761 5881 apud
2786 5808 3099 5868 Cedrcnum
3131 5825 3182 5866 ιι.
3223 5810 3345 5868 455.
3385 5808 3544 5865 Fin.
