3960 6228
358 276 509 341 13Τ1“
558 298 563 301 ‘
1202 282 1207 291 ’
1505 275 1904 337 ANASTASII
1938 275 2564 338 BIBLIOTHECARII
3476 277 3638 340 1372

356 405 494 461 papa
552 388 833 442 Romanus
895 384 1071 439 multa
1130 384 1274 439 mala
1337 385 1407 439 ab
1462 386 1735 457 Astulpho
1811 403 1938 459 rege
1967 396 2010 450 Α
2041 390 2275 446 tensium
2325 397 2379 443 et
2407 388 2827 460 classisAbydi,
2855 399 2914 443 et
2944 388 3045 444 hos
3085 387 3519 457 comprehensos
3551 389 3639 443 ad

357 482 851 552 Longobardorum
911 492 1207 548 perpessus
1258 478 1324 532 ad
1385 478 1626 535 Francos
1683 480 1943 551 confugit
2034 482 2423 551 imperatorem
2452 481 2628 544 duxit,
2660 480 2758 550 qui
2798 479 3135 533 frumentum
3168 478 3393 547 quidem
3436 494 3644 549 pepu-

358 574 464 628 sub
489 572 705 641 Pipino,
760 569 853 639 qui
910 570 1086 639 major
1136 569 1333 623 domus
1390 578 1510 624 erat
1551 578 1607 624 et
1640 570 1843 639 primas
1872 570 1933 623 in
2032 573 2102 628 lis
2130 574 2247 628 suis
2266 573 2512 639 donavit,
2536 572 2897 627 Athanasium
2914 579 3101 627 autem
3118 580 3176 625 et
3192 571 3642 625 Artahuasdum

361 664 609 719 omnium
664 661 1028 730 dispositione
1082 676 1271 717 rerum
1328 661 1668 715 Francorum
1718 661 1930 732 gentis.
2033 668 2209 723 oculis
2240 666 2530 722 confestim
2574 664 2832 735 privavit.
2869 664 2998 718 Post
3051 663 3168 718 haec
3190 678 3328 717 vero
3354 663 3649 732 probavit

360 754 568 823 quibus
599 750 858 806 videlicet
887 751 1019 805 olim
1049 751 1221 805 moris
1269 760 1390 806 erat
1420 750 1727 816 dominum,
1760 752 1815 806 id
1848 759 1936 806 est
2036 758 2418 813 Artahuasdus
2462 772 2494 812 a
2541 765 2690 811 terra
2734 764 2922 826 portas
2981 755 3201 825 aperire
3249 762 3309 809 et
3357 756 3644 824 praelirn

360 860 546 915 regem
573 840 759 906 suuni,
815 843 1117 898 secundum
1167 858 1342 911 genus
1390 842 1714 912 principari.
1758 853 1816 898 et
1857 843 1934 897 nil
2029 864 2160 905 cum
2182 849 2543 906 Constantino
2577 848 2740 903 inire.
2787 849 2989 903 Verum
3027 847 3169 901 facta
3217 847 3647 917 congressione

358 954 520 1008 agere
552 938 637 991 vel
672 936 966 1005 disponere
1000 951 1163 1005 quam
1199 934 1653 989 irrationabiliter
1690 935 1854 991 edere
1878 945 1939 991 et

359 1028 576 1093 bibere,
601 1028 862 1096 domique
890 1027 1116 1087 morari.
1140 1035 1197 1080 et
1219 1024 1466 1080 kalendis
1489 1026 1614 1081 Maii
1639 1026 1936 1096 praesidere

360 1136 547 1177 coram
571 1129 684 1175 tota
700 1128 884 1190 gente,
899 1118 1210 1173 etsalutare
1236 1117 1380 1184 illos,
1398 1118 1693 1172 etsalutari
1710 1118 1926 1183 abillis,

358 1222 415 1269 et
442 1213 708 1282 obsequia
736 1211 900 1266 solita
945 1210 1190 1279 impensa
1214 1210 1517 1279 percipere,
1538 1218 1611 1265 et
1639 1210 1749 1264 illis
1788 1209 1937 1264 dona

361 1304 686 1375 rependere,
709 1312 766 1358 et
794 1303 875 1357 sic
902 1317 1089 1357 secum
1116 1301 1365 1370 usquead
1378 1302 1544 1356 alium
1564 1301 1762 1357 Maium
1777 1300 1938 1355 habi-

362 1408 500 1461 tare,
528 1396 733 1451 habere
760 1403 943 1449 autem
970 1395 1232 1464 majorem
1275 1394 1475 1449 domus
1499 1394 1733 1448 consilio
1757 1408 1858 1447 suo
1881 1400 1940 1447 et

358 1489 540 1559 gentis
551 1488 737 1544 omnia
751 1487 848 1541 0rd
858 1487 1095 1541 inanlem
1116 1486 1334 1557 negotia
1347 1504 1361 1539 :
1373 1486 1859 1553 dicebanturenim
1871 1500 1941 1540 ex

359 1595 563 1651 genere
611 1580 706 1635 illo
743 1579 1147 1635 descendentes
1174 1580 1437 1643 cristatae,
1468 1578 1616 1649 quod
1659 1579 1938 1648 interpre-

363 1680 510 1731 tatur
543 1671 937 1726 trichoracliati
968 1691 980 1723 :
1022 1671 1163 1739 pilos
1210 1670 1357 1724 enim
1391 1668 1669 1723 habebant
1694 1680 1853 1723 natos
1883 1667 1938 1722 in

363 1765 519 1834 spina
545 1764 715 1818 veluti
750 1764 927 1833 porci.
960 1762 1267 1817 Praadictus
1324 1762 1509 1831 itaque
1540 1777 1678 1831 papa
1705 1761 1940 1831 Stepha-

361 1873 471 1912 nus
523 1858 579 1911 vi
625 1873 849 1927 pressus
893 1868 950 1912 et
1008 1857 1335 1912 crudelitate
1392 1856 1646 1927 Astulphi
1690 1866 1936 1925 coactus,

362 1950 528 2004 simul
564 1950 729 2003 etiam
759 1949 827 2003 ab
855 1949 975 2019 ipso
1009 1949 1335 2004 adhortatus
1360 1948 1441 2003 ire
1469 1949 1525 2002 in
1556 1949 1840 2003 Franciam
1881 1957 1940 2004 et

361 2043 544 2097 facere
572 2041 944 2111 quodcunque
966 2047 1175 2110 posset,
1198 2041 1434 2097 veniens
1463 2040 1717 2111 Pipinum
1741 2054 1940 2110 prove-

362 2134 466 2198 hit,
501 2133 681 2187 virum
713 2133 769 2187 in
795 2133 1055 2188 omnibus
1084 2096 1557 2202 probatissimum,
1582 2096 1677 2202 qui
1705 2096 1939 2203 praeerat

365 2234 499 2281 tunc
536 2239 759 2296 quoque
785 2226 955 2281 rebus
984 2234 1108 2295 post
1130 2239 1313 2296 regem
1337 2232 1393 2280 et
1415 2225 1786 2280 debellaverat
1803 2224 1939 2279 Ara-

363 2320 484 2384 bes,
514 2319 718 2389 qui~ab
756 2318 941 2373 Africa
987 2318 1043 2372 in
1075 2317 1393 2387 Hispaniam
1440 2325 1936 2384 transmeaverant,

363 2413 571 2484 quique
594 2421 893 2469 tenuerunt
912 2426 1087 2481 usque
1114 2424 1264 2466 nunc
1306 2411 1557 2466 eamdem
1596 2410 1936 2480 Hispaniam,

362 2515 419 2561 et
447 2505 815 2576 probaverant
852 2500 1087 2574 praeliari
1125 2502 1488 2558 nihilominus
1544 2512 1736 2558 contra
1766 2504 1939 2558 Fran—

365 2614 481 2654 cos.
507 2596 721 2663 Quibus
743 2613 774 2651 e
796 2607 985 2653 contra
1019 2597 1164 2650 idem
1182 2598 1412 2667 Pipinus
1428 2611 1554 2651 cum
1582 2597 1939 2653 multitudine

363 2690 651 2754 resistens,
703 2689 908 2744 occidit
961 2689 1251 2759 quemdam
1308 2689 1476 2744 etiam
1507 2690 1813 2759 principem
1840 2700 1940 2743 eo-

366 2796 490 2837 rum
523 2798 537 2834 :
570 2781 989 2837 Abderachman
1021 2782 1169 2837 enim
1223 2781 1370 2836 ﬁlius
1422 2780 1641 2836 Maltuhi
1666 2781 1941 2850 principa-

365 2884 483 2929 tum
509 2875 675 2946 hujus
706 2874 924 2929 tenebat
942 2875 1139 2945 gentis.
1168 2873 1449 2929 lnterieeit
1470 2882 1656 2929 autem
1689 2873 1853 2927 simul
1884 2881 1943 2928 et

367 2968 779 3024 multitudinem
809 2967 955 3022 haud
993 2968 1150 3022 facile
1180 2966 1576 3021 numerabilem
1602 2966 1754 3036 juxta
1786 2965 1940 3019 Rho-

354 3061 570 3115 danum
609 3059 858 3124 fluvium,
884 3067 939 3113 et
967 3058 1315 3114 admirationi
1347 3057 1601 3120 habetur,
1643 3064 1701 3111 et
1725 3066 1940 3110 amatur
1967 3095 2010 3153 ϐ

366 3167 399 3204 :t
420 3162 603 3221 gente,
625 3165 736 3205 non
755 3150 934 3205 solum
964 3159 1193 3218 propter
1218 3148 1343 3212 hoc,
1376 3146 1471 3201 sed
1500 3156 1558 3200 et
1591 3154 1816 3215 prepter
1835 3146 1942 3199 alia

364 3243 643 3312 praecipua
676 3249 847 3310 gesta,
878 3248 937 3294 et
980 3238 1277 3308 praeﬁcitur
1305 3237 1454 3307 genti
1491 3251 1598 3290 non
1629 3236 1943 3306 ignobiliter

366 3333 600 3402 primus,
630 3333 877 3387 solvente
910 3318 1121 3384 scilicet
1176 3344 1303 3383 eum
1334 3344 1364 3381 a
1396 3328 1638 3398 pcrjurio
1668 3328 1725 3382 in
1758 3344 1941 3397 regem

366 3424 661 3478 commisso
695 3422 887 3476 eodem
916 3420 1231 3489 Stephano;
1260 3417 1356 3489 qui
1385 3427 1443 3473 et
1480 3419 1721 3473 attendit
1747 3420 1944 3474 deces-

365 3527 549 3570 sorem
574 3514 695 3584 ejus
720 3529 926 3585 regem,
954 3523 1013 3568 et
1043 3513 1098 3567 in
1131 3513 1469 3569 monasterio
1496 3528 1621 3568 cum
1648 3513 1857 3568 honore
1885 3517 1945 3567 et

366 3605 559 3674 requie
591 3603 1046 3674 circumscripsit.
1102 3605 1202 3661 Hic
1252 3606 1482 3676 Pipinus
1505 3605 1646 3662 duos
1675 3606 1819 3661 ﬁlios
1841 3607 1943 3660 ha-

366 3697 510 3761 buit,
546 3695 804 3753 Carolum
854 3696 1067 3751 scilicet
1096 3704 1152 3750 et
1204 3696 1670 3752 Carolomannum
1718 3696 1942 3752 fratrem

365 3788 503 3859 ejus.

437 3880 625 3934 Mundi
653 3895 798 3936 anno
821 3881 980 3948 69.15,
1004 3881 1204 3936 divinae
1230 3878 1627 3936 incarnationis
1642 3895 1787 3935 anno
1815 3880 1939 3947 755,

366 3986 513 4026 anno
544 3986 678 4027 vero
729 3972 949 4041 imperii
1003 3971 1351 4027 Constantini
1390 3971 1578 4027 'tertio
1633 3970 1944 4040 Stephanus

366 4063 744 4119 Antiochenus
786 4063 1023 4118 habetur
1065 4064 1313 4119 antistes.
1349 4050 1619 4133 Apparuit
1662 4069 1845 4118 autem
1870 4062 1947 4117 si-

367 4170 533 4225 gnum
561 4152 627 4208 ad
659 4153 997 4223 aquilonem,
1027 4162 1083 4207 et
1128 4153 1269 4209 cinis
1322 4152 1612 4207 descendit
1653 4166 1755 4222 per
1798 4152 1941 4218 loca,

368 4246 657 4316 factusque
690 4255 776 4300 est
830 4255 989 4300 terra:
1013 4254 1198 4299 motus
1228 4247 1282 4297 in
1318 4242 1532 4313 Caspiis
1553 4243 1751 4312 portis.
1781 4242 1943 4299 Occi-

368 4350 463 4392 sus
488 4336 653 4391 etiam
677 4345 764 4391 est
784 4335 978 4391 Vhalid
1008 4334 1076 4388 ab
1096 4333 1394 4398 Arabibus,
1421 4333 1516 4401 qui
1551 4332 1770 4402 pratiuit
1798 4346 1943 4387 anno

2035 943 2206 1014 fugati
2240 950 2368 997 sunt
2417 941 2622 996 milites
2678 939 3031 1005 Artaltuasdi,
3086 948 3145 995 et
3195 940 3355 993 multi
3400 940 3641 994 mortui

2034 1042 2186 1099 sunt,
2237 1034 2384 1088 inter
2432 1046 2570 1103 quos
2614 1041 2671 1086 et
2720 1031 2990 1086 Monutes.
3046 1030 3395 1087 Constructis
3424 1042 3637 1086 autem

2036 1124 2413 1180 Artahuasdus
2444 1122 2692 1178 dieribus
2712 1122 2914 1178 cacabo
2940 1122 3245 1177 ferentibus
3275 1122 3486 1192 ignem,
3518 1124 3641 1177 mi-

2038 1215 2110 1269 sit
2131 1213 2199 1268 ad
2233 1213 2291 1268 S.
2324 1212 2556 1267 Mamam
2609 1212 2907 1266 nonnullos
2934 1221 3130 1266 contra
3160 1200 3393 1267 classem
3449 1212 3637 1283 Ciby-

2040 1304 2585 1379 raaoteusium.Cum
2631 1313 2813 1359 autem
2853 1304 3097 1360 venisset
3148 1303 3216 1359 ad
3242 1303 3301 1358 S.
3357 1304 3635 1370 Mamam,

2038 1408 2305 1455 exeuntes
2330 1398 2767 1469 Cibyraeotenses
2791 1397 3126 1466 pepulerunt
3156 1396 3302 1451 illos.
3333 1394 3505 1452 Facta
3534 1404 3635 1452 est

2040 1498 2226 1546 autem
2255 1490 2309 1544 in
2338 1490 2474 1544 urbe
2508 1490 2688 1543 valida
2740 1488 2934 1554 fames,
2971 1487 3047 1543 ita
3081 1497 3143 1543 ut
3194 1489 3636 1544 venundaretur

2041 1584 2260 1639 modius
2286 1575 2481 1638 hordei
2514 1582 2807 1637 duodecim
2838 1579 3287 1645 numismatibus,
3322 1580 3635 1649 leguminis

2041 1686 2175 1730 vero
2201 1672 2542 1744 quindecim,
2567 1670 2705 1725 milii
2727 1686 2793 1725 ac
2821 1669 2999 1740 lupini
3018 1669 3447 1724 numismatibus
3470 1674 3626 1733 octo,

2039 1766 2147 1821 olei
2181 1773 2365 1820 autem
2394 1764 2549 1818 librae
2572 1763 2821 1833 quinque
2875 1763 3211 1816 numismate
3254 1776 3385 1825 uno,
3435 1771 3635 1817 sexta-

2040 1860 2157 1915 rius
2184 1858 2302 1912 vini
2321 1856 2574 1913 dimidio.
2606 1853 2855 1924 Cumque
2883 1858 3124 1924 populus
3144 1864 3463 1918 necaretur,
3496 1869 3636 1909 eoa-

2040 1962 2162 2006 ctus
2191 1958 2275 2005 est
2298 1947 2677 2003 Artahuasdus
2708 1946 2991 2000 dimittere
3019 1945 3145 1999 illos
3165 1960 3196 1999 c
3226 1945 3451 2000 civitate
3472 1944 3635 2001 foras

2038 2040 2299 2098 exeundi.
2316 2041 2519 2102 Verum
2535 2038 2845 2095 observatis
2860 2039 3110 2092 faciebus
3129 2037 3398 2108 quosdam
3419 2052 3631 2093 eorum

2039 2132 2390 2205 prohibebat.
2426 2131 2585 2188 Unde
2633 2128 2861 2200 quidam
2927 2144 3124 2185 eorum
3180 2129 3633 2184 emundaverunt

2039 2224 2226 2277 vultus
2247 2237 2397 2286 suos,
2430 2230 2486 2276 et
2530 2219 2786 2275 muliebri
2818 2219 3219 2274 circumamicti
3251 2230 3384 2275 sunt
3414 2228 3577 2275 veste
3610 2260 3628 2273 .

2040 2322 2125 2369 ast
2154 2313 2246 2368 alii
2282 2311 2607 2367 monachico
2654 2311 2933 2365 schemate
2961 2318 3133 2379 atque
3176 2308 3402 2364 cilicino
3446 2310 3628 2365 vcsti-

2041 2413 2231 2459 mento
2276 2400 2732 2473 contegebantur,
2785 2407 2844 2455 et
2891 2399 2968 2453 ita
3023 2399 3199 2454 latere
3254 2408 3519 2468 poterant
3570 2408 3635 2455 et

2040 2497 2214 2551 exire.
2243 2494 2463 2550 Nicetas
2483 2502 2666 2548 autem
2691 2500 3138 2561 monostrategus
3156 2500 3487 2547 coacervata
3515 2506 3633 2561 po-

2041 2588 2175 2658 pulo
2210 2602 2312 2642 suo
2338 2602 2370 2641 a
2396 2585 2643 2640 Modrina
2686 2584 2942 2655 disperso
2968 2585 3118 2640 venit
3151 2598 3323 2654 usque
3372 2582 3636 2655 Chryso-

2040 2680 2240 2750 polim;
2272 2685 2479 2733 etcum
2524 2681 2919 2741 reverteretur,
2948 2687 3280 2733 transmeans
3306 2675 3632 2744 imperator

2041 2780 2365 2843 persecutus
2384 2782 2471 2825 est
2498 2779 2623 2840 post
2657 2779 2809 2841 terga
2834 2769 3091 2840 ipsorum.
3118 2768 3188 2823 Et
3207 2782 3335 2822 cum
3363 2768 3635 2822 venisset

2041 2863 2106 2918 ad
2144 2876 2272 2917 eum
2298 2859 2445 2932 apud
2501 2861 2903 2926 Nicomediam,
2951 2875 3114 2914 manu
3139 2859 3294 2928 cepit
3320 2872 3458 2914 eum
3488 2873 3625 2913 cum

2042 2963 2322 3020 curatore,
2353 2954 2448 3025 qui
2480 2953 2660 3009 fuerat
2699 2953 2907 3008 dudum
2944 2951 3356 3007 Marcellion
3410 2951 3633 3021 episco-

2044 3062 2183 3116 pus;
2242 3062 2407 3116 quem
2455 3057 2514 3103 et
2556 3045 2818 3101 decollari
2873 3045 3143 3100 continuo
3192 3043 3629 3113 jussitunouo-

2045 3145 2345 3207 strategum
2377 3151 2508 3191 vero
2538 3136 2785 3191 vinctum
2819 3135 2962 3204 patri
2986 3149 3086 3203 per
3106 3148 3327 3187 murum
3356 3140 3628 3188 monstra.

2044 3228 2161 3283 bat.
2238 3229 2412 3284 Porro
2452 3238 2661 3296 quarto
2721 3241 2899 3281 nonas
2954 3225 3311 3280 Novembrias
3383 3234 3617 3293 repente

2044 3322 2325 3391 prasliatus
2352 3328 2479 3390 post
2497 3319 2782 3374 meridiem
2811 3334 2909 3388 per
2932 3327 3219 3372 terrenum
3243 3330 3459 3370 murum
3505 3331 3604 3369 ur-

2044 3413 2169 3467 bem
2192 3411 2451 3482 captavit.
2487 3411 2557 3465 At
2601 3425 2734 3464 vero
2770 3409 3159 3464 Artahuasdus
3182 3423 3293 3462 una
3334 3422 3458 3462 cum
3504 3406 3614 3460 Ba.

2044 3504 2302 3575 gatangio
2326 3502 2563 3572 patricio
2618 3502 2898 3572 ingressus
2934 3501 3118 3555 navim
3138 3499 3209 3554 ad
3236 3513 3477 3570 praesens
3501 3497 3625 3552 exi-

2046 3596 2156 3652 issc
2181 3594 2336 3650 visus
2367 3602 2452 3650 est
2489 3593 2546 3647 in
2580 3592 2837 3659 Obsiciis,
2900 3599 2959 3647 et
3008 3591 3207 3646 abiens
3260 3589 3333 3644 ad
3375 3598 3629 3645 castrum

2044 3690 2282 3745 Puzana:
2332 3695 2506 3742 semet
2540 3685 2784 3741 inclusit.
2840 3684 3052 3752 Quibus
3104 3684 3412 3752 imperator
3458 3697 3631 3735 manu

2044 3781 2223 3851 captis
2256 3778 2665 3836 Artahuasdum
2693 3792 2816 3831 cum
2842 3777 3065 3831 duobus
3092 3776 3222 3830 ﬁliis
3243 3775 3362 3830 suis
3389 3774 3636 3844 privavit

2044 3871 2241 3937 oculis,
2275 3868 2935 3941 Bagatangimautcm'in
2963 3866 3177 3921 vivario
3212 3864 3540 3928 decollavit,
3572 3872 3637 3918 et

2043 3965 2210 4035 hujus
2230 3972 2397 4033 caput
2428 3962 2487 4017 in
2526 3961 2675 4016 Milio
2704 3960 2992 4030 suspendit
3024 3958 3224 4014 diebus
3258 3957 3461 4012 tribus.
3498 3957 3636 4012 Post

2044 4054 2268 4127 triginta
2303 4069 2436 4109 vero
2479 4066 2655 4107 annos
2704 4052 2835 4105 mali
2864 4065 3075 4105 memor
3125 4058 3182 4104 et
3228 4047 3634 4103 immisericors

2044 4146 2350 4216 imperator
2370 4144 2631 4215 praecepit
2659 4143 2826 4214 hujus
2879 4153 3109 4197 uxorem
3141 4142 3197 4195 in
3224 4140 3631 4195 monasterium

2042 4237 2252 4294 Choras
2279 4250 2512 4306 pergere
2540 4234 2677 4304 (illic
2707 4234 2856 4288 enim
2885 4232 3140 4302 sepultus
3185 4231 3328 4298 erat)
3361 4240 3422 4285 et
3456 4230 3632 4299 hujus

2043 4344 2166 4385 ossa
2186 4327 2432 4384 effodere
2462 4335 2517 4381 et
2544 4327 2603 4381 in
2633 4325 2801 4395 pallio
2830 4338 2934 4378 suo
2961 4331 3186 4394 portare
3214 4332 3383 4391 atque
3428 4321 3485 4374 in
3536 4335 3630 4376 se-

366 4443 501 4493 uno,
531 4436 792 4497 tenetque
851 4425 1221 4495 principatum
1250 4423 1406 4479 Hizid
1457 4424 1670 4494 Lipsos.
1695 4424 1746 4478 ls
1767 4438 1939 4497 pecu-
1966 4432 2019 4493 ι)
2044 4420 2254 4491 pulcra,
2288 4432 2412 4489 qum
2436 4417 2702 4473 dicuntur
2728 4413 2955 4485 Pelagii,
2981 4429 3087 4469 una
3112 4428 3239 4468 cum
3278 4409 3631 4467 Biothanatis

368 4520 479 4575 niis
503 4519 694 4575 multis
723 4517 964 4589 crogatis
995 4515 1235 4571 obtinuit
1262 4516 1609 4579 Damascum,
1631 4524 1689 4570 et
1721 4514 1942 4570 dextras

367 4612 579 4683 accepit
611 4620 673 4666 ut
698 4611 1122 4681 principaretur.

441 4701 618 4757 Porro
659 4699 1058 4756 Constantinus
1109 4698 1453 4771 Septembrio
1513 4712 1701 4754 mense
1730 4696 1943 4755 duode-

362 4791 532 4846 cima
584 4792 905 4848 indictionis
947 4792 1289 4847 descendens
1322 4791 1390 4845 ad
1421 4804 1604 4861 partes
1638 4790 1943 4846 Chalcedo-

366 4885 460 4939 nis
485 4885 751 4938 remeavit
780 4885 851 4939 ad
901 4886 1182 4941 Thraecas
1222 4893 1428 4955 partes,
1492 4899 1619 4939 cum
1668 4882 1944 4938 Sisinnius

365 4982 578 5044 praeter
626 4973 1053 5029 Tlrraeesiorum
1097 4982 1255 5029 antea
1290 4990 1389 5044 per
1414 4974 1666 5044 Abydum
1697 4988 1940 5028 remeas-'

366 5074 456 5121 set
490 5074 883 5134 terrenumque
927 5080 1146 5120 murum
1178 5066 1335 5121 urbis
1372 5066 1673 5121 obsideret.
1703 5066 1774 5119 At
1798 5080 1934 5119 vero

370 5146 928 5228 veniens‘imperator
953 5157 1022 5212 ad
1055 5157 1270 5213 Charsii
1299 5167 1516 5227 portam
1549 5157 1812 5214 discurrit
1841 5172 1937 5213 us-

366 5268 480 5322 que
505 5251 573 5307 ad
599 5265 824 5305 auream
852 5258 1089 5320 portam,
1126 5250 1485 5320 semetipsum
1544 5250 1723 5305 turbis
1754 5258 1942 5304 osten-

368 5354 517 5408 tans,
547 5353 605 5399 et
635 5343 837 5399 iterum
886 5357 1144 5398 reversus
1172 5352 1350 5397 castra
1378 5351 1618 5398 metatus
1662 5350 1750 5397 est
1796 5340 1941 5412 apud

368 5433 429 5488 S.
459 5434 713 5490 Mamam.
739 5435 900 5491 Cives
943 5444 1126 5490 autem
1150 5435 1433 5506 angustari
1454 5444 1743 5504 coeperunt
1764 5450 1941 5490 anno-

368 5524 460 5587 nis
486 5525 899 5584 deﬁcientibus.
945 5527 1214 5594 Quocirca
1266 5527 1435 5583 misso
1472 5526 1772 5583 Athanasio
1798 5541 1829 5580 a
1857 5541 1943 5581 se-

370 5617 542 5671 cretis
566 5627 622 5672 et
647 5619 995 5675 Artahuasdo
1022 5619 1328 5675 domestico
1374 5636 1475 5674 suo
1500 5619 1567 5673 ad
1612 5618 1942 5674 deferendos

373 5712 629 5774 sumptus
659 5708 715 5761 in
747 5710 985 5779 scaphis,
1024 5710 1234 5765 invenit
1271 5710 1372 5766 hos
1414 5710 1605 5767 classis
1662 5708 1939 5780 Cibyraeo-

2039 4515 2244 4586 jacere.
2276 4510 2323 4567 0
2348 4507 2841 4564 inhumanitateml
2865 4505 3074 4560 Multos
3088 4512 3273 4558 autem
3297 4509 3353 4556 et
3385 4499 3529 4555 alios
3556 4514 3629 4554 ex

2043 4603 2401 4677 primoribus,
2428 4598 2800 4672 quigauxiliati
2834 4597 3057 4653 fuerant
3082 4591 3452 4656 Artabuasdo,
3489 4605 3628 4660 per-

2041 4697 2196 4763 emit,
2246 4692 2788 4761 innumerabilesque
2831 4689 3011 4745 oculis
3066 4698 3125 4744 et
3165 4686 3307 4742 alios
3358 4683 3630 4739 manibus

2042 4804 2140 4845 seu
2172 4787 2408 4859 pedibus
2430 4784 2630 4839 ablatis
2654 4780 2984 4837 debilitavit.
3017 4777 3289 4847 Praecepit
3309 4784 3497 4831 autem
3525 4789 3628 4828 ex-

2044 4879 2218 4936 ternis
2246 4876 2539 4940 militibus,
2570 4873 2666 4944 qui
2704 4887 2895 4929 secum
2934 4868 3168 4941 ingressi
3197 4877 3347 4932 sunt,
3384 4865 3629 4921 introire

2044 4975 2241 5029 domos
2263 4979 2320 5027 et
2343 4984 2539 5040 rapere
2571 4967 2873 5022 familiares
2899 4964 3105 5018 civium
3138 4976 3248 5016 res.
3278 4960 3447 5016 Multa
3477 4973 3631 5027 quo-

2044 5081 2151 5137 que
2176 5074 2233 5119 et
2258 5063 2384 5126 alia,
2420 5061 2554 5130 quin
2577 5068 2635 5114 et
2679 5058 2969 5112 innumera
3006 5055 3148 5109 mala
3180 5052 3303 5107 urbi
3337 5058 3627 5105 monstra-

2042 5159 2143 5213 vit.
2174 5157 2425 5224 Curaque
2454 5150 2903 5222 hippodromium
2934 5147 3264 5209 celebraret,
3307 5141 3631 5198 introduxit

2041 5234 2452 5305 Artahuasdum
2476 5260 2586 5299 una
2613 5257 2738 5297 cum
2765 5240 2897 5296 ﬁliis
2938 5241 3058 5311 ejus
3082 5246 3138 5293 et
3169 5236 3359 5292 amicis
3384 5234 3627 5304 ligatum

2043 5356 2145 5411 per
2183 5337 2504 5408 Dihippium
2529 5336 2584 5390 in
2635 5335 2866 5396 circum,
2924 5331 3088 5388 simul
3147 5344 3272 5385 cum
3328 5326 3627 5382 Anastasio

2043 5432 2168 5488 falsi
2215 5428 2457 5485 nominis
2501 5425 2835 5497 patriarcha,
2878 5437 3141 5495 percusso
3187 5419 3409 5490 publice
3459 5426 3520 5471 et
3570 5418 3632 5471 in

2044 5523 2200 5579 asino
2222 5534 2388 5576 verso
2416 5519 2573 5574 vultu
2620 5517 2869 5581 sedente,
2901 5530 3043 5585 quos
3069 5528 3262 5568 omnes
3302 5526 3400 5580 per
3428 5509 3631 5579 Dihip-

2044 5616 2198 5687 pium
2223 5612 2572 5669 intromissos
2595 5609 2649 5664 in
2673 5610 2883 5665 circum
2910 5606 3207 5677 pompavit.
3240 5604 3447 5659 Verum
3478 5602 3633 5655 Ana-

2046 5706 2273 5763 stasium
2304 5713 2495 5775 utpote
2535 5712 2969 5759 consentaneum
2998 5716 3157 5756 suum
3188 5698 3242 5753 in
3297 5697 3500 5752 throno
3536 5710 3629 5750 sa-
