3978 6212
223 322 366 400 1373

1013 325 1385 387 HISTORIA
1412 321 1992 384 ECCLESIASTICA
2025 325 2128 388 EX
2163 326 2653 390 THEOPHANE.

3333 331 3430 396 137
3442 335 3476 396 ι·

211 433 452 490 cerdotii
524 448 720 490 rursus
773 435 998 506 locavit,
1071 438 1364 495 deterrens
1415 444 1472 493 et
1540 433 1795 490 servituti
1822 431 1873 491 Α
1895 444 2092 504 gnatos
2117 444 2172 491 et
2201 437 2432 495 libertos
2453 437 2666 505 Hisam,
2697 447 3086 512 expugnatque
3134 457 3324 500 muros
3371 447 3476 502 lle-

210 528 535 599 subjiciens.
566 528 872 585 Sisinnium
901 546 1031 586 vero
1060 529 1354 602 patricium
1399 537 1457 583 et
1499 535 1795 598 praetorem

211 609 664 686 Thracesiorum,
706 623 802 693 qui
843 625 1078 678 multum
1113 639 1239 678 cum
1271 638 1338 678 eo
1370 629 1694 677 cucurrerat
1741 627 1799 674 et

207 731 315 786 pro
348 713 468 784 ipso
492 724 804 774 certaverat
843 718 1076 787 ejusque
1121 714 1494 771 consobrinus
1546 727 1668 768 esse
1699 727 1800 765 no-

208 806 496 872 scebatur,
520 815 646 877 post
677 807 746 863 40
779 808 906 864 dies
934 808 1180 872 caecavit,
1206 808 1304 863 Dei
1355 807 1618 862 nimirum
1646 804 1798 876 judi-

209 897 322 954 cio.
356 898 462 968 Qui
490 900 642 956 enim
683 902 986 956 auxiliatur
1035 900 1228 970 impio,
1284 900 1490 955 incidet
1517 900 1575 956 in
1603 913 1797 954 manus

207 989 362 1062 ejus,
384 992 690 1048 secundum
715 993 862 1063 quod
893 993 1164 1063 scriptum
1189 1001 1294 1048 est.

181 1080 186 1090 ’
282 1083 475 1140 Mundi
523 1100 670 1142 anno
727 1085 888 1150 6‘256,
936 1085 1139 1140 divinas
1186 1076 1584 1140 incarnationis
1650 1097 1796 1138 anno

210 1175 337 1240 736,
382 1191 530 1232 anno
558 1192 690 1230 vero
739 1175 957 1246 imperii
1001 1175 1352 1231 Constantini
1380 1183 1579 1245 quarto
1613 1174 1796 1230 Theo-

208 1268 502 1340 phylactus
530 1269 914 1324 Autiochenus
939 1269 1176 1325 habetur
1198 1269 1452 1334 antistes,
1484 1268 1580 1338 qui
1609 1267 1794 1322 Eccle-

208 1362 306 1418 sia:
334 1369 543 1430 septem
568 1361 788 1432 prmfuit
816 1361 1006 1418 annis.
1035 1361 1380 1429 Maruhaque
1407 1360 1518 1416 dux
1543 1359 1792 1416 Arabum

207 1456 488 1520 noscitur,
519 1455 613 1525 qui
663 1453 1003 1524 principatus
1042 1463 1127 1509 est
1159 1440 1242 1509 eis
1297 1454 1460 1508 annis
1515 1467 1630 1508 sex.
1676 1451 1796 1506 Hoc

209 1559 436 1618 quoque
462 1559 608 1600 anno
639 1553 886 1604 cometes
914 1558 1148 1614 magnus
1175 1543 1228 1598 in
1275 1542 1432 1615 Syria
1481 1543 1632 1598 visus
1683 1550 1789 1607 est,

206 1647 263 1693 et
283 1636 614 1692 seditionem
646 1635 949 1698 concitavit
1001 1635 1210 1692 Thebit
1241 1644 1431 1692 contra
1479 1635 1792 1700 Maruham,

114 1732 116 1735 '
207 1731 264 1778 et
295 1723 541 1778 Dachata
571 1723 970 1787 Ruritensium,
1011 1740 1154 1794 quos
1187 1723 1413 1780 Maruha
1460 1735 1651 1795 captos
1695 1741 1791 1781 oc-

207 1814 346 1870 cidit
381 1816 436 1870 in
465 1816 718 1880 terminis
746 1816 996 1874 llemesae
1031 1832 1158 1872 cum
1208 1817 1566 1880 multitudine
1619 1817 1790 1873 bella-

212 1918 416 1971 torum,
459 1909 512 1963 id
539 1917 625 1964 est
652 1909 885 1964 millium
906 1907 1118 1965 decem.
1173 1909 1381 1967 Eodem
1437 1909 1602 1964 etiam
1641 1924 1789 1964 anno

210 2014 377 2068 prece
409 1999 850 2056 Christianorum
881 1999 1126 2056 Orientis
1173 1999 1426 2069 permisit
1470 1999 1788 2060 consecrari

210 2075 683 2164 TheOphylactum
715 2082 1105 2164 presbyterum
1126 2091 1496 2148 Hedessinum
1549 2094 1792 2164 patriar-

210 2183 370 2238 cham
414 2185 741 2251 Antiochiae,
797 2184 1081 2255 Stephano
1133 2184 1472 2247 dormiente.
1525 2194 1584 2242 et
1639 2187 1791 2244 hunc

212 2277 417 2334 litteris
461 2274 752 2334 catholicis
779 2279 1043 2334 honorari
1069 2279 1332 2349 praecepit
1360 2278 1432 2334 ab
1465 2279 1787 2336 Arabibus:

209 2366 372 2421 donis
391 2368 536 2423 enim
572 2376 691 2424 erat
712 2367 1101 2438 spiritualibus
1126 2368 1452 2433 adornatus,
1474 2377 1532 2425 et
1553 2371 1809 2434 maxime.

210 2457 498 2536 pudicitia.
520 2459 675 2530 Apud
707 2460 824 2516 Etzi
851 2468 1036 2514 autem
1071 2469 1292 2515 centum
1313 2459 1608 2516 etvicenos
1632 2459 1793 2517 Chal-

211 2537 387 2604 benos
418 2549 470 2604 in
502 2550 649 2622 ligno
691 2551 998 2624 suspendit.
1032 2552 1206 2607 Porro
1255 2551 1456 2618 llabas,
1503 2553 1600 2622 qui
1645 2554 1791 2608 mul-

212 2649 329 2696 tum
360 2639 798 2698 Christianorum
829 2644 1152 2715 sanguinem
1181 2642 1324 2700 fudit
1342 2654 1399 2700 et
1423 2645 1597 2700 multa
1625 2644 1794 2714 depo-

210 2734 433 2802 pulatus
465 2744 520 2790 ct
547 2736 895 2807 depraedatus
923 2746 1008 2794 est
1045 2738 1189 2805 loca,
1221 2736 1429 2792 occidit
1451 2737 1510 2792 in
1544 2752 1789 2794 carcere.

211 2826 348 2881 Cum
380 2829 530 2884 enim
562 2829 786 2899 quidam
809 2847 844 2886 a
872 2831 1156 2887 Maruham
1199 2830 1270 2886 ad
1295 2832 1402 2887 hoc
1419 2830 1626 2888 missus
1645 2840 1794 2887 esset

216 2915 495 2988 Aitbiops,
523 2919 694 2984 venit,
724 2932 780 2974 et
798 2921 1024 2990 impleto
1047 2936 1209 2978 sacco
1233 2921 1358 2976 viva
1377 2922 1528 2978 calce
1539 2921 1793 2976 introivit

213 3007 278 3068 ad
311 3022 464 3073 eum,
491 3009 730 3080 folleque
755 3012 821 3066 ad
848 3019 1018 3068 totum
1052 3024 1220 3084 caput
1245 3021 1302 3068 et
1337 3028 1502 3075 nares
1523 3015 1646 3084 ejus
1692 3013 1794 3068 im-

1898 528 2164 598 liopoleos
2188 540 2245 586 et
2273 533 2524 588 Damasci
2546 544 2604 589 ct
2633 533 3159 606 Hierosolymorum,
3193 539 3478 596 trucidans

1898 623 2103 680 multos
2129 632 2384 692 potentes
2417 635 2472 678 et
2509 625 2845 683 detruncans
2879 628 3158 686 residuos.
3209 673 3216 678 .

1969 714 2154 768 Mundi
2178 730 2325 770 anno
2354 714 2515 779 6258,
2536 716 2738 771 divinae
2767 718 3166 774 incarnationis
3185 736 3329 776 anno
3352 723 3476 788 738,

1897 820 2044 860 anno
2094 821 2227 861 vero
2287 808 2507 879 imperii
2564 807 2909 864 Constantini
2971 817 3128 863 sexto
3180 809 3357 866 factus
3391 820 3479 866 est

1898 900 2056 946 terrae
2095 905 2281 952 motus
2315 912 2546 968 magnus
2581 897 2638 953 in
2685 896 2973 952 Palaestina
3018 907 3075 953 et
3109 899 3254 954 circa
3285 899 3478 956 Jorda-

1896 1000 2021 1055 nem
2050 994 2108 1041 et
2132 995 2302 1042 totam
2337 987 2548 1060 Syriam
2581 1005 2769 1045 mense
2787 987 3071 1054 Januario,
3106 989 3240 1045 hora
3257 1001 3473 1060 quarta,

1896 1085 1951 1132 et
1970 1079 2141 1134 multa
2172 1079 2366 1147 millia,
2393 1079 2530 1150 quin
2557 1089 2614 1136 et
2639 1082 3062 1138 innumerabilia
3091 1093 3307 1140 mortua
3323 1094 3471 1144 sunt.

1895 1172 2256 1243 ecclesiaeque
2288 1189 2352 1230 ac
2377 1177 2708 1232 monasteria
2754 1188 3112 1244 corruerunt,
3147 1187 3202 1234 et
3237 1180 3472 1235 maxime

1893 1276 2065 1332 penes
2086 1279 2336 1319 eremum
2367 1276 2570 1323 sancta:
2605 1268 2867 1324 civitatis.

1965 1355 2172 1412 Eodem
2202 1372 2335 1412 vero
2358 1373 2504 1414 anno
2532 1361 2796 1428 pestilens
2831 1378 2981 1418 mors
3021 1379 3050 1419 a
3077 1363 3264 1419 Sicilia
3287 1371 3344 1417 et
3372 1355 3474 1419 cs-

1894 1439 2070 1496 labria
2108 1440 2403 1512 incipiens,
2439 1444 2613 1499 veluti
2635 1445 2860 1514 quidam
2885 1447 3030 1517 ignis
3051 1447 3378 1518 depascens,
3403 1447 3472 1500 ad

1893 1531 2290 1600 Monobasiam,
2322 1534 2602 1590 llelladem
2634 1545 2801 1607 atque
2842 1538 3230 1608 interiacentes
3264 1540 3474 1593 insulas

1892 1624 2047 1679 venit
2092 1641 2190 1694 per
2239 1633 2410 1688 totam
2447 1627 2718 1684 decimam
2777 1639 3030 1699 quartam
3088 1629 3472 1693 indictionem,

1894 1714 2176 1788 ﬂagellans
2223 1717 2405 1788 ipsum
2444 1717 2880 1776 Constantinum
2909 1761 2926 1785 ,
2986 1733 3044 1778 et
3101 1722 3369 1778 cohibens
3403 1723 3472 1777 ab

1893 1807 2128 1873 insania,
2155 1824 2267 1878 qua
2297 1809 2567 1867 adversus
2593 1822 2814 1868 sanctas
2835 1814 3098 1870 ecclesias
3137 1823 3194 1869 et
3241 1829 3475 1869 venera-

1890 1900 2032 1957 biles
2060 1900 2332 1973 imagines
2360 1903 2708 1960 irritabatur.
2732 1906 2938 1962 Verum
2995 1906 3108 1974 ille,
3146 1916 3209 1962 ut
3259 1908 3474 1962 Pharao

1890 1990 2192 2063 quondam,
2227 1993 2573 2052 incorrectus
2603 1998 2930 2066 permansit.
2961 1998 3105 2055 Sane
3156 2001 3472 2069 pestilentia

1891 2084 2008 2141 haec
2039 2085 2280 2142 bubonis
2313 2086 2635 2146 discurrens
2680 2090 2897 2148 decima
2941 2093 3135 2163 quinta
3171 2094 3476 2150 indictione

1893 2177 2098 2246 regiam
2131 2177 2386 2247 pervenit
2417 2179 2486 2234 ad
2532 2165 3102 2252 .urbemQCmperunt
3148 2193 3334 2242 autem
3385 2202 3477 2240 su-

1891 2269 2006 2325 bito
2024 2269 2373 2326 invisibiliter
2395 2271 2535 2338 ﬁeri,
2555 2282 2664 2328 tam
2684 2274 2737 2329 in
2754 2275 3042 2332 hominum
3059 2278 3403 2334 vestimentis
3417 2289 3475 2334 et

1894 2361 1948 2416 in
1964 2363 2194 2420 sacratis
2213 2363 2927 2423 occlesiarumindumentis
2961 2385 3128 2440 quam
3146 2379 3203 2425 et
3235 2369 3292 2425 in
3314 2372 3473 2438 velis,

1893 2457 2186 2512 cruciculae
2199 2457 2450 2526 plurimae
2466 2460 2636 2514 veluti
2654 2475 2720 2515 ex
2733 2461 2857 2517 oleo
2874 2461 3194 2533 designatae.
3208 2464 3372 2520 Facta
3389 2476 3476 2521 est

1892 2562 2026 2618 ergo
2054 2548 2186 2604 hinc
2205 2548 2428 2605 tristitia
2453 2561 2510 2605 et
2530 2551 2770 2608 defectio
2802 2553 2974 2610 animi
3020 2557 3192 2611 multa
3242 2567 3475 2627 propter

1896 2639 2131 2700 dubium
2169 2642 2553 2712 hujuscemodi
2579 2643 2742 2715 signi.
2775 2643 2941 2701 Venit
2997 2647 3364 2706 nihilominus
3420 2660 3486 2705 et

1894 2731 2164 2788 divinitus
2189 2732 2516 2803 indignatio,
2542 2733 2818 2805 dissipans
2873 2736 3219 2792 incessanter
3243 2752 3354 2793 non
3380 2752 3476 2794 so-

1892 2822 2007 2878 lum
2039 2823 2192 2878 urbis
2218 2823 2368 2878 cives
2399 2823 2494 2878 sed
2541 2834 2596 2880 et
2629 2825 2683 2880 in
2711 2827 2974 2882 omnibus
2996 2829 3337 2886 suburbanis
3355 2832 3496 2902 ejus-

1893 2912 2175 2983 degeutes.
2213 2915 2392 2970 Facta:
2414 2916 2565 2970 enim
2614 2926 2743 2971 sunt
2780 2925 2839 2973 et
2892 2918 3142 2976 fantasia
3186 2922 3242 2975 in
3273 2924 3480 2978 multos

1895 3005 2202 3071 hominum,
2234 3007 2329 3076 qui
2357 3006 2412 3060 in
2443 3008 2646 3062 ecstasi
2687 3008 2822 3063 facti
2851 3010 3246 3067 existimabant
3271 3030 3329 3068 se
3348 3030 3476 3069 cum

213 3099 392 3168 posito
413 3100 708 3156 sull‘ocavit
731 3103 906 3168 illum,
944 3104 1148 3174 justam
1178 3103 1550 3159 adiuveniens
1590 3103 1790 3159 malefi-
1820 3114 1865 3176 ρ
1896 3097 2202 3166 peregrinis
2226 3097 2580 3166 Quibusdam.
2609 3107 2669 3153 ut
2694 3099 2984 3168 putabant,
3031 3111 3088 3157 et
3115 3104 3366 3160 trucibus
3394 3105 3476 3160 fa-

211 3191 300 3247 cio
329 3191 497 3249 llaba:
524 3209 742 3264 pmnam
773 3211 787 3248 :
823 3197 1051 3267 magicis
1073 3197 1225 3259 enim
1267 3195 1698 3267 deceptionibus
1729 3211 1795 3250 ac

215 3285 531 3341 daemonum
564 3287 1010 3350 invocationibus
1038 3290 1211 3346 multa
1235 3298 1428 3345 contra
1449 3288 1796 3344 Christianos

217 3376 518 3434 fabricatus
538 3388 625 3436 est
643 3379 804 3436 mala.
843 3379 945 3436 llic
971 3381 1141 3437 etiam
1181 3379 1439 3452 sanguini
1487 3379 1798 3437 communi-

215 3471 361 3525 cavit
382 3471 606 3527 ,Vbalid.

281 3563 443 3618 Anno
473 3563 688 3633 imperii
709 3564 1060 3621 Constantini
1090 3564 1284 3645 quinto
1322 3564 1646 3623 Sulehiman
1671 3581 1798 3622 coa-

216 3651 456 3716 cervatis
487 3652 701 3708 militiis
724 3669 917 3710 rursus
945 3655 1001 3709 in
1042 3655 1324 3710 Maruham
1351 3655 1558 3710 bellum
1601 3668 1796 3726 aggre-

212 3744 390 3809 ditur,
413 3753 468 3801 et
483 3746 702 3802 amissis
725 3748 912 3819 populi
935 3756 1146 3818 septem
1179 3747 1427 3802 millibus
1481 3754 1816 3816 superatur,

213 3846 270 3892 et
301 3836 462 3907 fugax
485 3853 658 3907 penes
691 3839 997 3912 Palmyram
1027 3840 1290 3904 salvatur,
1318 3847 1376 3896 et
1425 3838 1693 3908 deinceps
1737 3839 1816 3893 in'

212 3927 464 3984 Perside.
499 3929 839 3987 Seditionem
863 3945 1086 4002 quoque
1123 3929 1548 3989 concitaverunt
1573 3928 1794 3986 Metsini

210 4029 270 4078 et
334 4019 679 4092 HeliOpolitae
726 4039 794 4078 ac
846 4020 1180 4079 Damasceni
1215 4021 1470 4078 civitates
1509 4020 1814 4078 Marullam.

211 4111 562 4181 obserantes,
609 4115 707 4185 qui
739 4114 852 4178 lilio
903 4114 1282 4185 suoquidem
1337 4121 1531 4169 contra
1582 4114 1799 4170 Dachac

211 4219 345 4261 cum
376 4205 580 4262 virtute
615 4207 808 4275 misso,
837 4207 956 4278 ipse
1003 4208 1158 4263 venit
1207 4207 1481 4270 Emesam,
1533 4219 1699 4276 quam
1733 4206 1795 4261 in

211 4305 458 4372 quapor
510 4299 797 4354 mensibus
845 4299 1010 4369 cepit.
1041 4298 1259 4354 Dachac
1287 4307 1472 4354 autem
1509 4313 1539 4352 a
1566 4297 1794 4354 Perside

214 4402 347 4442 cum
375 4387 615 4458 plurimo
644 4397 930 4459 potentatu
959 4389 1237 4444 veniebat.
1260 4387 1334 4442 At
1356 4403 1488 4444 vero
1509 4388 1794 4444 Maruham

1896 3188 2090 3244 ciehus
2143 3189 2423 3253 comitari,
2482 3199 2540 3244 et
2572 3205 2670 3245 eos
2717 3191 2814 3261 qui
2875 3192 2927 3246 in
2961 3193 3162 3248 itinere
3195 3195 3299 3250 sibi
3325 3195 3478 3251 obvii

1898 3279 2104 3336 fiebant
2133 3296 2194 3336 se
2223 3281 2381 3351 quasi
2403 3281 2612 3337 amicos
2664 3282 2908 3340 salutare
2928 3301 3000 3340 ac
3019 3287 3278 3358 colloqui.
3313 3288 3482 3343 Nota-

1896 3370 1970 3428 tis
2007 3387 2140 3428 vero
2178 3372 2266 3427 bis
2283 3387 2406 3443 quae
2435 3373 2768 3429 dicebantur
2797 3375 2868 3430 ab
2903 3376 3008 3440 eis,
3031 3377 3147 3433 haec
3165 3386 3358 3448 postea
3393 3395 3481 3434 rea

1895 3463 2169 3520 ferebant.
2224 3464 2759 3538 Contemplabanttu
2802 3475 2986 3523 autem
3038 3470 3262 3525 eosdem
3288 3480 3346 3526 et
3376 3472 3480 3527 do-

1895 3571 2018 3610 mos
2063 3555 2298 3627 ingredi,
2351 3566 2408 3612 et
2450 3558 2590 3613 alios
2649 3559 2875 3628 quidem
2933 3577 3001 3616 ex
3047 3563 3214 3618 domo
3266 3563 3478 3635 egredi,

1895 3663 2063 3716 porro
2111 3649 2250 3704 alios
2306 3649 2620 3704 vulnerare.
2672 3649 2917 3720 Contigit
2939 3662 3124 3708 autem
3179 3663 3237 3708 et
3283 3670 3480 3712 eorum

1896 3753 2017 3807 quae
2054 3737 2202 3793 dicta
2244 3746 2376 3794 sunt
2427 3739 2499 3794 ab
2533 3739 2639 3803 eis,
2665 3739 2908 3809 plurima
2942 3751 3004 3795 ut
3039 3742 3299 3798 viderant
3333 3746 3476 3803 fieri.

1896 3827 2170 3884 Praeterea
2201 3827 2413 3883 vernali
2435 3837 2682 3899 tempore
2724 3829 2916 3899 prima:
2961 3830 3286 3888 indictionis
3309 3836 3483 3906 magis

1896 3928 2124 3976 extensa
2157 3929 2263 3976 est.
2291 3919 2511 3978 Estivo
2543 3933 2728 3977 autem
2760 3937 2989 3991 prorsus
3015 3924 3282 3990 incendit,
3325 3925 3398 3981 ita
3423 3936 3499 3982 ut.

1897 4010 2127 4083 integrae
2172 4026 2396 4082 quoque
2425 4011 2623 4066 domus
2656 4012 2880 4081 penitus
2910 4013 3327 4080 clauderentur,
3375 4031 3484 4072 nec

1897 4112 2082 4159 essent
2109 4104 2205 4173 qui
2236 4102 2502 4157 deberent
2535 4112 2786 4158 mortuos
2842 4103 3213 4172 sepelire..Ex
3242 4104 3496 4163 necessi-.

1898 4203 2010 4252 tate
2041 4195 2229 4265 itaque
2288 4194 2460 4250 multa
2511 4193 2884 4264 exc0gitatum
2927 4201 3013 4249 est
3041 4209 3152 4263 quo
3173 4207 3341 4263 super
3365 4195 3486 4249 aui-

1904 4289 2068 4345 malia
2101 4288 2300 4344 tabulae
2329 4294 2736 4352 sternerentur,
2782 4294 2840 4341 et
2869 4286 2944 4341 ita
2979 4301 3146 4355 super
3174 4285 3274 4340 has
3307 4285 3494 4356 impo-~

1901 4379 1995 4436 siti
2027 4377 2232 4434 mortui
2270 4378 2646 4435 deferrentur.
2673 4378 2796 4434 Pari
2828 4378 2994 4434 modo
3023 4386 3081 4433 et
3112 4379 3170 4434 in
3222 4377 3493 4447 plaustris

215 4492 510 4550 aggressus
583 4495 712 4536 eum
787 4480 844 4535 in
928 4480 1323 4549 Mesopotamia
1393 4495 1519 4535 cum
1592 4481 1798 4536 multos
1830 4483 1874 4540 1)
1904 4473 1996 4530 alii
2026 4473 2360 4543 suprapositi
2396 4473 2522 4528 aliis
2547 4473 2996 4543 asportabantur.
3022 4473 3160 4530 Cum
3185 4482 3370 4528 autem
3394 4489 3485 4528 re-

216 4570 557 4641 collegarum
588 4571 978 4638 interfecisset,
1019 4571 1169 4628 hunc
1211 4572 1675 4642 comprehensum
1717 4572 1802 4627 in-

216 4661 459 4720 terfecit.

291 4758 358 4814 ln
387 4757 476 4814 his
517 4758 918 4820 Constantinus
947 4758 1355 4830 Germaniciam
1401 4757 1572 4829 cepit,
1621 4759 1801 4814 aciem

217 4849 473 4921 dirigens
500 4860 695 4906 contra
713 4851 927 4923 Syriam
950 4860 1008 4907 et
1030 4850 1372 4917 Dulechiam,
1401 4849 1555 4905 aditu
1584 4859 1804 4920 reperto

217 4950 454 5015 propter
507 4943 750 5000 Arabum
802 4954 1052 5001 mutuam
1117 4959 1378 5016 pugnam,
1441 4943 1618 5000 verbo
1665 4957 1805 5000 sane

213 5035 438 5091 Arabes
469 5037 711 5091 inermes
743 5036 1050 5100 dimittens,
1079 5036 1173 5106 qui
1228 5045 1389 5092 erant
1432 5036 1487 5090 in
1518 5035 1673 5105 ipsis.
1702 5035 1806 5090 As-

214 5129 464 5198 sumpsit
494 5138 679 5184 autem
723 5136 782 5183 et
811 5137 1076 5199 cognatos
1111 5143 1244 5183 suos
1269 5144 1338 5184 ex
1368 5137 1617 5184 materna
1659 5128 1805 5182 linea

216 5219 652 5286 descendentes,
683 5229 741 5275 et
769 5220 1017 5291 Byzantii
1047 5219 1340 5274 collocavit
1363 5234 1471 5273 una
1505 5235 1630 5273 cum
1660 5219 1806 5272 mul-

220 5315 299 5377 tis
341 5313 495 5385 Syris
523 5312 927 5385 monophysitis
977 5313 1276 5377 haereticis,
1301 5327 1368 5367 ex
1395 5312 1603 5382 quibus
1623 5312 1812 5381 plures

221 5413 281 5467 in
337 5409 551 5465 Thrace
588 5424 761 5479 usque
809 5405 1264 5464 nunc'habitant
1305 5415 1362 5460 et
1396 5407 1549 5476 juxta
1582 5405 1822 5459 Petrum

218 5503 486 5574 Cmphea
510 5500 838 5557 Trinitatem
861 5501 917 5556 in
943 5497 1172 5570 trisagio
1194 5497 1545 5566 crucillgunt.
1577 5497 1748 5550 Porro
1778 5510 1806 5549 a

221 5604 428 5669 «junrto
451 5595 580 5651 idus
607 5595 885 5666 Augustas
919 5607 1094 5662 usque
1142 5589 1212 5644 ad
1255 5599 1510 5644 octavum
1538 5587 1811 5644 Kalendas

223 5687 574 5761 Septembris
631 5686 872 5743 tenebrae
920 5684 1078 5740 facta
1135 5689 1268 5736 sunt
1316 5680 1616 5737 nebulosae.
1653 5678 1811 5733 Tunc

221 5783 512 5841 Meruham
538 5781 720 5837 victor
753 5781 950 5837 Emesa
985 5789 1146 5850 capta
1189 5775 1467 5836 interfecit
1508 5788 1700 5831 omnes
1721 5789 1811 5828 co-

1906 4569 2052 4639 pleta
2081 4566 2322 4622 fuissent
2347 4565 2630 4629 universa,
2662 4576 2774 4621 tam
2813 4565 3029 4622 scilicet
3073 4565 3286 4620 urbana
3318 4575 3484 4634 quam

1906 4658 2249 4724 suburbana,
2306 4666 2688 4722 monumenta,
2727 4664 2787 4712 et
2809 4657 3068 4712 cisternae
3088 4672 3313 4726 quoque
3365 4657 3496 4712 sine.

1903 4765 2046 4821 aqua
2072 4759 2132 4806 et
2161 4751 2317 4806 lacus
2361 4755 2420 4803 et
2463 4747 2718 4818 plurimm
2775 4746 2973 4811 vineas,
3006 4761 3224 4802 necnon
3257 4755 3316 4804 et
3341 4747 3488 4802 inte-

1905 4842 2082 4898 riores
2111 4841 2280 4905 horti,
2317 4838 2412 4909 qui
2441 4838 2586 4893 intra
2606 4845 2825 4892 veteres
2845 4851 3036 4892 muros
3059 4846 3242 4902 erant,
3277 4835 3346 4891 ad
3383 4835 3493 4890 hu.

1900 4933 2144 5006 jusmodl
2167 4929 2562 5003 capessendam
2621 4929 2963 4998 sepulturam
3008 4914 3198 4985 eﬁ‘ossi
3231 4937 3381 4992 sunt,
3431 4937 3500 4986 et

1909 5026 1986 5082 ita
2003 5027 2097 5080 vix
2116 5024 2301 5080 omnia
2331 5025 2449 5078 hac
2475 5020 2545 5076 ad
2579 5027 2788 5075 tantam
2816 5019 3208 5076 necessitatem
3239 5018 3501 5074 sufﬁcere-

1909 5119 2224 5175 valuerunt.
2255 5113 2416 5171 Omni
2444 5121 2627 5167 autem
2651 5111 2817 5166 domo
2867 5110 2965 5166 tali
3019 5109 3332 5166 calamitate
3365 5123 3478 5164 cor-

1912 5222 2072 5283 rupta
2094 5218 2320 5281 propter
2343 5205 2769 5276 depositionem,
2792 5218 2916 5273 qua:
2941 5201 3111 5272 impie
3149 5200 3291 5254 facta
3323 5205 3409 5254 est
3423 5195 3501 5250 ab

1915 5301 2322 5376 imperantibus
2347 5299 2404 5353 in
2435 5313 2622 5354 sacras
2679 5295 2967 5366 imagines,
3005 5291 3296 5348 confestim
3329 5287 3465 5376 nimi

1911 5375 2034 5453 rum
2055 5396 2430 5466 Agarenorum
2459 5387 2649 5444 classis
2686 5386 2756 5442 ab
2780 5381 3112 5440 Alexandria
3131 5379 3283 5434 venit
3313 5378 3368 5431 in
3390 5375 3486 5447 Cy-

1913 5506 2098 5563 prum,
2131 5486 2223 5542 ubi
2258 5492 2379 5540 erat
2400 5492 2458 5539 et
2485 5480 2777 5536 Romaicus
2813 5474 3011 5530 stolus.
3049 5473 3122 5528 At
3144 5485 3277 5526 vero
3297 5477 3494 5540 praetor

1913 5584 2352 5655 Cibymotorum
2401 5576 2621 5630 irruens
2655 5571 2712 5626 in
2750 5585 2852 5625 eos
2902 5564 3180 5636 extemplo
3223 5563 3281 5618 in
3332 5570 3503 5655 porto

1913 5652 2200 5738 Ceramea,
2225 5680 2282 5726 et
2323 5675 2537 5724 retenta
2563 5672 2758 5736 portus
2791 5662 2974 5723 fauce,
3025 5672 3152 5714 cum
3188 5664 3373 5711 essent
3404 5652 3503 5710 ut,

1917 5769 2069 5839 ginta
2097 5766 2415 5828 dromones,
2441 5770 2561 5837 tres
2586 5759 2733 5816 solos
2763 5754 3038 5821 exsiliissc
3071 5751 3329 5807 fatentur.
