3978 6212
533 255 670 323 13⁸75

1593 237 1994 322 λΝΑετΑειι
2034 260 2662 323 BIBLIOTHECARII

3621 259 3724 329 ητα

602 374 791 429 Mundi
816 388 962 428 anno
982 372 1147 437 6239,
1176 373 1374 428 divinae
1402 373 1800 430 incarnationis
1816 390 1963 430 anno
1978 374 2104 440 739,
2137 382 2181 440 Α
2212 376 2432 441 ruham,
2466 376 2755 431 venientes
2788 374 2856 429 ab
2884 372 3120 446 Egypto
3170 371 3226 428 in
3254 331 3514 436 ’Africam,
3533 376 3727 450 indeque

529 482 675 523 anno
720 481 856 520 vero
912 465 1127 535 imperii
1171 465 1520 521 Constantini
1551 466 1806 535 septimo,
1835 468 2112 523 occiditur

530 558 828 626 Gregorius
860 556 929 611 ab
955 558 1403 623 Arirutensibus,
1432 566 1489 613 et
1520 558 1688 614 evicit
1716 558 2019 624 Maruham,
2048 566 2111 614 ut

529 651 769 722 praetuli.

602 746 760 799 Anno
813 744 1029 811 imperii
1070 744 1421 800 Constantini
1481 753 1679 799 octavo
1722 751 1906 797 motus
1944 742 2108 797 estin

528 837 901 890 exterioribus
927 835 1170 891 Orientis
1200 836 1450 906 partibus
1473 835 1714 890 Persidis
1732 834 1989 905 populus,
2012 835 2109 905 qui

530 930 796 983 dicuntur
814 928 1190 984 Cborosanitae
1216 926 1589 997 Maurophori,
1611 934 1800 980 contra
1826 925 2109 980 Maruham

529 1031 587 1074 et
622 1037 842 1076 omnem
872 1021 1259 1093 cognationem
1288 1021 1431 1090 ejus,
1451 1021 1543 1089 qui
1571 1018 1864 1089 principali
1893 1027 2023 1073 sunt
2042 1017 2111 1073 ab

530 1115 652 1183 ipso
692 1114 944 1169 Maumed
996 1113 1479 1184 pseudoprOpbeta
1531 1127 1704 1180 usque
1752 1111 1817 1165 ad
1852 1110 2109 1165 eumdem

531 1206 837 1271 Maruham,
881 1207 935 1261 id
986 1214 1072 1261 est
1106 1217 1299 1261 contra
1335 1220 1431 1260 eos
1451 1205 1545 1273 qui
1573 1204 1835 1258 dicuntur
1866 1203 1963 1257 filii
1994 1202 2111 1257 Hu—

530 1298 694 1351 inaia.
731 1298 827 1352 His
844 1297 991 1352 enim
1016 1305 1138 1363 post
1184 1296 1667 1365 interemptionem
1696 1291 1893 1349 Vhalid
1922 1289 2113 1346 debel-

532 1385 773 1440 lantibus
800 1395 857 1440 et
881 1386 1388 1456 constringentibus
1421 1384 1680 1446 invicem,
1712 1383 1770 1435 hi
1818 1382 1914 1452 qui
1950 1381 2104 1437 dice-

533 1476 735 1531 bantur
773 1476 869 1531 filii
900 1476 1091 1531 Echini
1122 1486 1176 1531 et
1219 1476 1419 1540 Halim,
1463 1473 1677 1545 cognati
1713 1482 1768 1529 et
1814 1473 1917 1544 ipsi
1952 1488 2114 1543 pseu-

532 1567 909 1639 doprophetae,
943 1567 1039 1623 sed
1066 1568 1374 1623 absconditi
1402 1574 1569 1637 atque
1595 1567 1817 1637 fugaces
1842 1564 2115 1619 assisten-

534 1670 616 1715 tes
638 1662 692 1714 in
715 1661 915 1716 minori
949 1661 1167 1726 Arabia,
1200 1660 1546 1732 congregati,
1573 1667 1796 1714 tenente
1818 1658 1872 1712 in
1899 1658 1981 1713 eis
1998 1657 2113 1728 pri-

2216 475 2623 521 transmeantes
2670 467 2872 520 fretum
2928 466 3145 536 angusti
3176 466 3346 520 maris
3394 467 3460 521 ad
3500 460 3743 527 Oceanum‘

2212 557 2402 627 positi,
2439 557 2589 627 quod
2642 557 2849 612 dicitur
2886 556 3051 626 Septe
3076 554 3335 626 quodque
3392 555 3574 612 diilinit
3618 560 3728 616 inter

2210 646 2439 719 Libyam
2493 657 2551 703 et
2599 649 2892 716 Europam,
2946 647 3182 716 Europae
3226 645 3533 716 Hispaniam
3562 648 3709 705 habita

2211 749 2342 794 runt
2364 756 2539 811 usque
2576 741 2644 796 ad
2693 755 2937 811 praesens
2960 748 3198 810 tempus,
3232 739 3498 795 habentes
3512 742 3729 811 quosdam

2211 833 2306 904 qui
2338 833 2543 889 ibidem
2574 832 2888 888 habitantes
2912 841 3071 887 antea
3101 831 3489 896 noscebantur,
3511 849 3537 887 a
3557 833 3730 889 lauhia

2212 924 2346 979 illuc
2392 926 2609 995 traiecti
2635 924 2879 995 navigio,
2931 939 3055 979 cum
3093 933 3282 979 essent
3328 924 3449 995 ejus
3474 927 3657 996 cognati
3688 935 3732 981 et

2213 1014 2388 1084 ipsius
2418 1015 2728 1086 religionis.
2760 1014 3089 1071 Perduravit
3126 1025 3310 1071 autem
3348 1017 3599 1073 excidium
3650 1022 3731 1077 sub

2214 1106 2429 1161 liauhia
2481 1123 2579 1163 sex
2625 1107 2805 1173 annis,
2845 1123 2958 1178 quo
2996 1108 3171 1164 diruti
3195 1119 3327 1165 sunt
3361 1112 3585 1166 omnium
3624 1113 3733 1168 illu-

2212 1198 2409 1252 strium
2440 1198 2725 1254 civitatum
2785 1200 2840 1254 in
2885 1200 3042 1271 Syria
3096 1216 3274 1270 usque
3324 1202 3390 1255 ad
3433 1202 3732 1258 Antiochiam

2213 1289 2380 1355 muri,
2423 1305 2492 1345 eo
2524 1290 2673 1360 quod
2732 1290 2873 1346 hanc
2920 1291 2974 1345 in
3006 1290 3281 1362 refugium
3312 1292 3495 1349 habere
3535 1294 3733 1350 medita-

2212 1388 2427 1445 rentur,
2455 1381 2848 1453 innumerique
2873 1382 3117 1437 Arabum
3146 1383 3217 1438 ab
3240 1398 3306 1438 eo
3340 1385 3605 1454 perierunt.
3630 1385 3730 1456 Op-

2213 1473 2345 1543 pido
2404 1474 2555 1529 enim
2597 1474 3182 1545 eratcircumspectus
3215 1474 3366 1529 circa
3413 1476 3590 1531 civilia.
3622 1478 3735 1533 Erat

2213 1574 2396 1620 autem
2423 1565 2928 1629 automatistarum,
2956 1567 3010 1621 id
3041 1575 3125 1622 cst
3149 1567 3561 1638 Epicureorum.
3585 1570 3734 1626 hare-

2214 1666 2362 1718 seos,
2417 1667 2487 1708 ex
2516 1653 2782 1723 gentibus
2807 1654 2903 1724 qui
2931 1654 3257 1709 habitabant
3291 1654 3495 1711 Carran
3525 1657 3737 1727 impieta-

535 1760 742 1805 matum
766 1750 1050 1815 Ahrabim‘,
1075 1753 1303 1807 mittunt
1325 1751 1583 1806 libertum
1617 1764 1780 1805 suum
1809 1750 2106 1820 quendam.
2144 1736 2182 1793 Β
2215 1752 2323 1800 tem
2351 1760 2658 1802 assumens.
2693 1746 2865 1801 Porro
2895 1758 3091 1802 octavo
3136 1746 3489 1804 kalendarum
3538 1750 3741 1805 Februa-

534 1842 802 1896 Amuslim
834 1841 1067 1907 dictum,
1094 1843 1150 1897 in
1183 1842 1484 1897 Chorosam
1510 1841 1577 1896 ad
1610 1842 1874 1911 quosdam
1903 1840 2109 1895 ibidem

534 1933 978 2002 przeeminentcs,
1010 1941 1200 1988 contra
1228 1933 1516 1987 Maruham
1544 1932 1649 1987 sibi
1692 1932 1979 2003 suffragari
2011 1946 2112 2001 pe-

536 2035 734 2081 tentes.
770 2025 873 2093 Qui
899 2026 1115 2081 collecti
1147 2026 1292 2096 apud
1338 2026 1624 2081 Caccaban
1645 2025 1939 2095 quemdam
1974 2040 2111 2080 con-

536 2118 817 2183 ciliantur,
847 2127 905 2173 et
933 2119 1217 2174 concitant
1252 2134 1443 2174 servos
1471 2119 1526 2173 in
1558 2118 1814 2173 dominos
1830 2118 2109 2188 proprios,

536 2217 593 2263 ct
622 2208 877 2264 occidunt
902 2209 1105 2263 multos
1129 2218 1289 2264 nocte
1317 2225 1449 2273 una,
1473 2222 1711 2278 quorum
1737 2206 1929 2270 armis,
1954 2205 2113 2275 equis

538 2309 597 2355 et
623 2300 871 2369 pecuniis
895 2300 1214 2370 locupletati
1244 2299 1373 2355 facti
1400 2308 1530 2354 sunt
1553 2298 1917 2368 potentiores.
1953 2295 2109 2350 Divi-

539 2392 747 2446 duntur
771 2401 956 2448 autem
979 2391 1035 2446 in
1070 2393 1249 2447 tribus
1296 2392 1455 2457 duas,
1495 2390 1786 2446 Chaisinos
1812 2388 2026 2446 scilicet
2056 2394 2115 2443 et

540 2482 902 2538 Hiamanitas.
933 2483 1182 2548 Quorum
1216 2482 1559 2553 potentiores
1592 2484 1813 2537 intuens
1839 2481 2115 2536 Abumus-

544 2572 641 2627 lim
664 2588 784 2627 esse
812 2573 1174 2635 Hiamanitas,
1217 2574 1460 2628 concitat
1492 2581 1686 2627 contra
1718 2572 2029 2637 Chaisinos,
2058 2579 2116 2627 et

540 2662 848 2719 interfectis
870 2662 952 2717 cis
971 2664 1124 2717 venit
1152 2664 1209 2717 in
1244 2662 1531 2718 Persidem
1555 2678 1684 2717 cum
1706 2662 2013 2725 Caccaban,
2058 2671 2116 2717 et

539 2769 867 2825 expugnans
900 2754 1331 2809 Hihindabarem
1373 2736 1523 2825 capit
1552 2769 1679 2808 cum
1708 2754 1942 2809 victoria
1974 2768 2115 2809 cun-

539 2856 683 2912 ctos,
720 2846 965 2901 virorum
1001 2846 1212 2902 scilicet
1234 2846 1405 2901 ferme
1434 2853 1655 2901 centum
1698 2845 1889 2900 millia.
1917 2844 1987 2899 Et
2018 2858 2116 2899 ve-

540 2939 702 2993 niens
721 2938 787 2993 ad
816 2939 1157 2994 ilibiuuhera
1206 2938 1484 2993 hostiliter
1512 2953 1637 2994 cum
1669 2937 1923 2992 ducentis
1946 2935 2119 2990 milli-

542 3031 647 3086 bus
675 3030 1135 3101 proficiscentem,
1164 3030 1259 3085 sed
1284 3038 1340 3085 et
1366 3030 1519 3084 illum
1544 3029 1816 3084 dissolvit.
1848 3028 2120 3084 Veniens-

540 3138 651 3192 que
675 3090 797 3177 .ad’
820 3122 1103 3177 Maruham
1124 3090 1283 3192 Iapud
1319 3120 1517 3175 Zabari
1564 3119 1787 3173 ﬂuvium
1820 3118 2116 3173 habentem
2143 3090 2188 3153 Ο

546 3225 789 3270 trecenta
813 3215 1014 3278 millia,
1048 3213 1287 3269 debellat
1311 3228 1436 3266 eum
1471 3220 1527 3264 et
1556 3210 1961 3264 multitudinem
1990 3210 2118 3265 inii-

544 3306 715 3359 nitam
769 3305 974 3360 occidit
1026 3319 1095 3358 ex
1123 3303 1224 3357 eis.
1265 3302 1504 3371 Eratque
1534 3301 1653 3355 visu
1680 3301 1950 3366 mirabile,
1990 3315 2115 3356 cum

543 3393 847 3449 secundum
894 3392 1236 3461 Scripturam
1292 3401 1427 3447 tunc
1485 3407 1629 3447 unus
1683 3404 2118 3463 persequeretur

544 3485 715 3550 mille,
745 3492 802 3538 et
833 3484 946 3538 duo
980 3491 1424 3539 transmoverent
1445 3482 1587 3539 dena
1613 3484 1804 3539 millia.
1826 3484 2115 3552 Quoscum

545 3577 620 3632 ita
648 3577 1026 3647 potentialiter
1068 3576 1353 3633 vincentes
1377 3577 1658 3634 Maruham
1690 3579 1925 3636 intuitus
1944 3582 2115 3637 exsti-

547 3665 1119 3732 tisset,aditCarran,
1155 3674 1214 3721 et
1260 3682 1387 3722 cum
1431 3666 1660 3722 ﬂuvium
1711 3678 2117 3737 transmeasset,

544 3759 742 3817 incidit
793 3769 1013 3831 pontem
1076 3776 1145 3816 ex
1202 3745 1441 3817 navibus
1484 3760 1715 3828 factum,
1741 3770 1799 3818 et
1819 3764 2118 3835 assumptis

543 3869 730 3909 secum
766 3852 1024 3907 omnibus
1069 3852 1321 3922 pecuniis
1350 3867 1416 3907 ac
1463 3852 1627 3908 domo
1671 3868 1794 3919 sua,
1822 3870 1947 3909 cum
1978 3872 2119 3926 qua-

544 3958 674 4000 tuor
702 3946 950 4001 millibus
976 3945 1114 4001 viris
1133 3945 1444 4001 vernaculis
1497 3946 1615 4003 suis
1648 3945 1774 4019 fuga
1802 3946 1989 4019 lapsus
2033 3957 2119 4005 est

546 4041 604 4097 in
628 4040 941 4113 Egyptum.

614 4132 775 4188 Anno
835 4131 1052 4203 imperii
1086 4131 1436 4188 Constantini
1471 4133 1504 4189 9
1554 4133 1993 4205 persecutionem
2018 4149 2117 4204 pa-

545 4228 684 4282 titur
718 4228 1001 4282 Marubam
1036 4244 1067 4283 a
1098 4227 1521 4299 MaurOphoriis,
1571 4237 1629 4285 et
1685 4229 2119 4300 comprehensus

545 4319 617 4372 ab
644 4318 725 4373 eis
768 4318 1060 4383 occiditur,
1120 4318 1265 4373 bello
1302 4327 1457 4389 gesto
1504 4319 1849 4389 gravissimo.
1879 4321 2119 4375 Praeerat

545 4418 733 4464 autem
766 4409 851 4464 eis
883 4409 1071 4472 Salich
1098 4409 1243 4464 filius
1264 4409 1459 4473 Halim,
1492 4410 1587 4480 qui
1620 4426 1763 4466 unus
1789 4428 1857 4467 ex
1882 4411 2119 4481 praelatis

546 4500 792 4571 profugis
820 4509 960 4565 erat,
987 4501 1081 4572 qui
1104 4510 1161 4556 et
1191 4501 1566 4556 destinaverat
1614 4501 1940 4557 Bumuslim.
1964 4502 2119 4558 Reli-

545 4592 639 4661 qui
670 4607 802 4646 vero
831 4591 1147 4663 congregati
1181 4600 1372 4647 contra
1408 4591 1711 4646 Samariam
1764 4601 1822 4648 et
1875 4592 2118 4650 Tracha-

546 4683 780 4739 nitidem
837 4684 1120 4755 regionem
1182 4692 1333 4739 sorte
1387 4684 1759 4754 principatum
1819 4684 2123 4742 distribue-

548 4783 698 4836 runt,
740 4773 1004 4830 Abulalas
1044 4774 1278 4839 scilicet,
1313 4782 1370 4828 et
1420 4781 1547 4843 post
1584 4772 1739 4827 illum
1771 4772 1970 4830 fratres
2001 4776 2121 4848 ejus

423 4900 434 4909 ~
548 4864 778 4927 Abdela,
800 4875 858 4920 et
890 4876 1013 4936 post
1027 4867 1174 4922 hunc
1200 4865 1450 4921 Hiseidin
1485 4865 1669 4920 Musae.
1710 4865 1779 4921 Et
1801 4865 1971 4938 Syrim
1995 4868 2124 4938 qui-

549 4957 675 5011 dem
711 4971 980 5011 summam
1014 4969 1310 5027 praeturam
1365 4966 1690 5013 taxaverunt
1736 4958 2001 5015 Abdelam
2035 4968 2121 5017 te-

462 5088 467 5095 -
548 5066 682 5107 nere
716 5050 888 5105 tilium
934 5050 1134 5117 Halim,
1171 5052 1396 5107 fratrem
1428 5067 1559 5108 vero
1589 5052 1778 5119 Salim,
1809 5053 1987 5122 ipsum
2019 5069 2122 5108 au-

548 5153 660 5199 tem
695 5141 861 5197 Salim
918 5140 1152 5213 Egypto
1184 5156 1441 5211 prmesse.
1499 5142 1674 5196 Porro
1716 5141 1979 5196 Abdelam
2011 5140 2124 5197 fra-

551 5246 692 5292 trem
720 5233 1000 5290 Abulahas
1029 5233 1098 5288 ab
1133 5233 1228 5287 illo
1276 5224 1481 5288 habere
1526 5243 1734 5289 sortem
1782 5233 2122 5303 principatus

549 5344 721 5399 super
757 5327 1205 5400 Mesopotamiam
1236 5334 1573 5381 statuerunt.
1601 5325 1722 5395 ipse
1759 5340 1890 5382 sane
1915 5325 2122 5381 Ahula-

550 5420 671 5486 bas,
705 5420 800 5491 qui
825 5432 883 5478 et
927 5420 1176 5477 omnium
1206 5421 1414 5491 primas
1447 5420 1778 5485 habebatur,
1806 5420 1861 5474 in
1896 5419 2122 5476 Perside

550 5512 715 5576 sedit,
746 5515 1009 5569 translato
1028 5528 1247 5583 quoque
1274 5512 1582 5583 principatu
1601 5511 1704 5567 sub
1724 5512 1782 5567 se
1808 5511 2121 5576 Persarum,

548 5596 645 5665 qui
681 5601 733 5654 ei
788 5604 1033 5659 auxiliati
1090 5603 1310 5659 fuerant
1344 5620 1375 5658 a
1412 5605 1696 5659 Damasco.
1746 5602 1812 5659 Hi
1846 5617 1978 5657 vero
2023 5602 2121 5672 qui

555 5687 748 5742 salvati
773 5690 1010 5761 fuerant,
1037 5703 1146 5749 tam
1168 5695 1423 5753 videlicet
1452 5694 1550 5751 ﬁlii
1586 5710 1748 5767 quam
1770 5694 1989 5766 cognati
2013 5694 2121 5752 Ma-

2217 1838 2423 1913 riarum
2452 1839 2698 1910 ejusdem
2736 1840 2915 1895 tertia:
2959 1839 3281 1896 indictionis
3312 1852 3473 1896 natus
3494 1852 3572 1897 est
3601 1842 3745 1913 impe-

2217 1930 2387 1985 ratori
2419 1929 2784 1987 Constantino
2812 1932 2977 1994 filius,
2996 1947 3161 2002 quem
3191 1932 3488 1988 nominavit
3514 1932 3745 1999 Leonem,

2215 2038 2284 2078 ex
2312 2023 2543 2093 chagani
2566 2023 2847 2079 Chazarim
2877 2024 3009 2078 filia.

2286 2116 2445 2169 Anno
2472 2130 2605 2171 vero
2633 2116 2830 2170 eodem
2860 2118 3151 2177 factus-est
3179 2127 3341 2175 terra:
3380 2128 3554 2175 motus
3593 2120 3642 2174 in
3668 2118 3749 2191 Sy-

2218 2207 2323 2273 ria,
2364 2217 2423 2263 et
2477 2208 2672 2279 ingens
2690 2223 2756 2264 ac
2798 2209 3073 2266 terribilis
3098 2225 3282 2276 casus,
3327 2212 3470 2268 unde
3503 2211 3750 2267 civitatum

2218 2300 2342 2357 alia:
2369 2300 2592 2370 quidem
2633 2301 2856 2371 penitus
2887 2304 3269 2359 exterminata;
3314 2313 3461 2369 sunt,
3509 2304 3619 2359 alia
3645 2319 3753 2357 vero

2219 2392 2599 2457 mediocriter,
2623 2393 2742 2447 alia:
2785 2400 2969 2448 autem
3020 2408 3052 2447 a
3110 2396 3385 2451 montanis
3421 2396 3488 2450 ad
3541 2395 3754 2465 subjecta

2219 2484 2547 2555 campestria
2583 2500 2708 2540 cum
2736 2486 2911 2539 muris
2932 2494 2990 2540 et
3030 2484 3463 2541 habitationibus
3492 2487 3607 2541 suis
3636 2488 3757 2541 inte-

2219 2592 2329 2647 grae
2356 2575 2734 2647 migraverunt
2761 2584 2818 2632 et
2844 2577 3008 2632 salva:
3031 2578 3181 2647 quasi
3206 2578 3273 2632 ad
3294 2578 3542 2632 milliaria
3574 2593 3668 2632 sex
3688 2575 3758 2630 rei

2219 2668 2385 2723 etiam
2439 2667 2718 2722 modicum
2768 2667 2904 2737 quid
2937 2669 3096 2723 ultra.
3126 2668 3368 2737 Denique
3428 2683 3758 2722 asseverave-

2223 2767 2353 2813 runt
2380 2758 2438 2813 hi
2473 2759 2571 2828 qui
2619 2760 2858 2830 prapriis
2894 2760 3103 2815 visibus
3147 2772 3351 2815 terram
3374 2759 3763 2829 MesOpotamia

2222 2849 2579 2920 contemplati
2602 2859 2752 2913 sunt,
2784 2851 2841 2905 in
2872 2851 3273 2923 longitudinem
3310 2850 3589 2922 diruptam
3618 2850 3764 2907 fuisse

2223 2943 2291 2998 ad
2347 2942 2604 2998 milliaria
2636 2944 2768 3012 duo,
2803 2952 2859 2999 et
2902 2960 2971 3000 ex
2998 2943 3273 3015 profundo
3320 2946 3442 3015 ejus
3484 2946 3763 2999 ascendisse

2222 3034 2386 3090 aliam
2412 3044 2613 3090 terram
2642 3035 2811 3090 nimis
2848 3036 3030 3090 albam
3065 3045 3123 3090 et
3173 3050 3483 3099 arenosam,
3521 3034 3585 3089 de
3631 3032 3767 3103 cujus

2222 3124 2406 3180 medio
2442 3125 2711 3192 ascendit,
2742 3134 2804 3180 ut
2848 3125 3027 3191 aiunt,
3075 3126 3280 3181 animal
3309 3126 3566 3181 muliuum
3596 3123 3768 3177 incon-

2223 3219 2572 3283 taminatum,
2607 3220 2840 3288 loquens
2879 3220 3119 3274 humana
3153 3235 3312 3284 voce,
3335 3229 3395 3275 et
3423 3215 3769 3289 przeuuntiaus

2220 3309 2399 3380 gentis
2460 3308 2832 3365 incursionem
2880 3310 2951 3364 ab
2988 3324 3180 3365 eremo
3231 3310 3494 3365 adversus
3554 3308 3768 3363 Arabes.

2219 3396 2375 3464 Quod
2399 3404 2456 3453 et
2487 3396 2689 3454 factum
2712 3405 2819 3453 est.
2841 3398 3113 3453 Praeterea
3142 3399 3404 3469 sequenti
3431 3412 3567 3452 anno
3585 3401 3774 3466 quarta:

2220 3487 2564 3554 indictionis,
2597 3490 2947 3545 solemnitate
2973 3500 3178 3545 sancta
3225 3491 3603 3552 Pentecostes,
3628 3502 3771 3543 coro-

2218 3580 2373 3636 navit
2397 3580 2793 3637 Constantinus
2827 3582 3129 3651 imperator
3159 3582 3411 3638 Leonem
3440 3581 3603 3636 iilium
3629 3594 3768 3634 suum

2220 3670 2611 3741 imperatorem
2637 3686 2737 3742 per
2756 3670 3106 3726 Anastasium
3157 3671 3535 3742 patriarcham
3558 3686 3765 3727 consen-

2221 3768 2444 3816 taneum
2489 3779 2674 3818 suum.

2290 3854 2479 3910 Mundi
2534 3870 2681 3911 anno
2733 3855 2921 3922 6242,
2990 3856 3191 3913 divina
3244 3855 3649 3914 incarnationis
3696 3872 3777 3911 an-

2222 3961 2294 4001 no
2340 3945 2445 4001 7‘2
2478 3988 2493 4013 ,
2543 3962 2691 4002 anno
2741 3962 2879 4003 vero
2938 3947 3158 4024 imperii
3186 3947 3546 4005 Constantini
3592 3950 3654 4003 io
3679 3947 3777 4003 lu-

2214 4038 2417 4094 bamed
2470 4037 2529 4094 iit
2577 4038 2826 4093 Arabum
2886 4036 3021 4104 dux,
3078 4040 3175 4110 qui
3236 4040 3321 4095 eis
3382 4043 3632 4112 quinque
3660 4054 3777 4109 prs-

2218 4130 2325 4186 fuit
2372 4132 2551 4188 annis.
2588 4130 2793 4187 Eodem
2848 4148 3068 4203 quoque
3098 4148 3246 4188 anno
3299 4134 3621 4189 simultates
3640 4131 3778 4188 Chal-

2219 4220 2471 4278 cidenses
2545 4223 2811 4279 adversus
2891 4224 3287 4295 Mauropboros
3358 4226 3566 4282 Persas
3622 4223 3780 4280 conci-

2222 4322 2499 4381 taverunt,
2560 4324 2615 4369 et
2662 4316 2992 4386 interempta
3040 4324 3173 4373 sunt
3207 4332 3273 4372 ex
3302 4317 3399 4373 eis
3428 4320 3487 4372 in
3539 4314 3779 4372 montaiis

2220 4404 2494 4461 Hemessaa
2540 4421 2640 4476 per
2664 4406 2788 4462 illos
2834 4417 3075 4478 quatuor
3122 4408 3313 4463 millia.
3375 4409 3441 4465 Id
3476 4410 3649 4481 ipsum
3672 4420 3779 4460 vero

2222 4496 2424 4552 factum
2449 4505 2606 4553 estet
2641 4512 2741 4567 per
2776 4499 3035 4554 Arabiam
3083 4498 3480 4557 in’Chaisinos
3510 4501 3577 4556 ah
3596 4498 3775 4555 eisdem

2222 4583 2425 4638 Persis.
2450 4583 2586 4639 Cum
2627 4595 2811 4641 autem
2834 4598 3000 4657 caput
3028 4588 3310 4643 Maruham
3354 4592 3590 4662 myrrha
3618 4586 3782 4645 condi-

2227 4681 2342 4728 tum
2375 4673 2571 4731 fuisset
2602 4675 2854 4745 allatum,
2910 4678 3101 4749 plures
3128 4694 3159 4733 a
3189 4679 3584 4737 simultatibus
3627 4694 3781 4736 cessa-

2221 4773 2441 4820 verunt.

2291 4856 2453 4913 Anno
2477 4857 2692 4929 imperii
2718 4859 2802 4915 sui
2839 4860 2899 4915 li
2943 4859 3341 4917 Constantinus
3379 4863 3778 4930 Theodosiopo'

2222 4950 2319 5006 lim
2352 4961 2408 5006 et
2436 4951 2745 5008 Melitenem
2772 4952 2940 5023 cepit,
2958 4962 3015 5009 et
3036 4956 3286 5025 captivos
3300 4955 3475 5011 duxit
3497 4952 3778 5011 Armenios.

2223 5044 2550 5100 Theodorus
2580 5056 2827 5118 Equoque
2873 5046 3020 5103 ﬁlius
3076 5046 3269 5104 vicarii
3323 5050 3575 5105 minoris
3596 5046 3779 5103 Arabia

2223 5136 2516 5200 oriundus.
2563 5137 2803 5193 obeunte
2852 5140 3199 5195 sanctissimo
3247 5140 3668 5213 Tbeophylacto
3691 5139 3777 5193 An-

2225 5230 2442 5285 tiochiae
2470 5230 2781 5299 patriarcha
2808 5230 3124 5302 praeficitur,
3151 5232 3245 5302 qui
3275 5248 3373 5287 sex
3398 5233 3630 5303 prefuit
3648 5229 3777 5286 annis

2223 5322 2501 5379 Ecclesiae.

2292 5412 2453 5469 Anno
2503 5413 2719 5485 imperii
2742 5414 2829 5469 sui
2882 5414 2948 5468 l2
2976 5413 3369 5471 Constantinus
3398 5414 3613 5486 impius
3635 5416 3775 5481 impe-

2224 5515 2399 5569 rator,
2456 5505 2636 5560 elatus
2683 5520 2871 5572 sensu,
2921 5506 3091 5561 multa
3141 5514 3334 5561 contra
3379 5502 3687 5559 Ecclesiam
3728 5505 3771 5550 et

2222 5600 2586 5655 orthodoxam
2615 5599 2775 5655 fidem
2796 5600 3087 5663 meditans,
3106 5608 3161 5654 et
3184 5596 3405 5654 silentia
3435 5615 3545 5669 per
3563 5594 3772 5666 singulos

2222 5693 2343 5749 dics
2390 5691 2615 5757 faciens,
2675 5692 2940 5764 populum
2984 5690 3054 5747 ad
3088 5698 3308 5746 sensum
3358 5704 3538 5744 suum
3600 5680 3769 5742 iuncxit
