3978 6212
203 319 328 386 1377

1003 322 1376 386 HISTORIA
1404 325 1988 389 ECCLESIASTICA
2021 330 2126 394 EX
2159 327 2650 395 ἿἮΕΟΡΗΑΝΕ.

3318 323 3458 403 1373

195 434 483 495 infeliciter
505 436 962 504 consectandum,
988 439 1229 510 praevius
1252 439 1456 496 futura:
1472 441 1773 512 impietatis
1803 445 1846 500 Α
1873 441 2278 516 MaurOpltoros
2314 447 2723 502 insurrexerint
2761 454 2818 502 et
2846 447 3048 504 multos
3079 449 3133 504 in
3168 436 3457 510 Palaestina

196 532 482 588 cxsistens.

166 638 172 656 ι
263 622 421 676 Anno
453 618 1039 690 imperiiConstantini
1059 622 1126 677 15
1141 622 1464 680 Anastasius
1486 624 1775 692 scelestus,

197 713 287 786 qui
311 713 572 770 Ecclesia:
606 713 810 768 throno
852 711 1479 786 Constantinopolitanae
1531 710 1774 788 praefuit.

195 815 444 863 mortuus
492 814 578 860 est
635 819 870 876 corpore
910 805 1074 861 simul
1133 814 1192 862 et
1242 807 1426 863 anima
1471 809 1776 866 miserabili

194 897 446 974 passione
487 911 611 968 quae
668 896 871 952 dicitur
923 897 1264 970 chordapsos
1309 901 1590 973 fatigatus,
1649 918 1776 959 cum

195 1002 402 1048 stercus
433 1006 534 1062 per
565 991 1003 1058 osevomuisset,
1047 993 1267 1066 dignam
1315 996 1608 1053 exsolvens
1654 997 1776 1055 vin-

198 1083 421 1151 dictam,
469 1098 573 1154 pro
632 1083 862 1138 audacia
898 1083 1133 1151 scilicet,
1184 1101 1349 1156 quam
1371 1095 1565 1144 contra
1603 1087 1776 1146 Deum

195 1185 493 1247 contraque
528 1175 847 1247 magistrum
893 1192 1056 1232 suum
1081 1178 1355 1234 exhibuit.

262 1268 469 1325 Eodem
526 1283 749 1340 quoque
807 1285 954 1325 anno
1005 1279 1063 1325 et
1119 1269 1522 1331 Constantinus
1573 1271 1780 1347 impius

197 1368 385 1414 contra
432 1366 651 1414 sanctas
692 1368 749 1414 et
782 1359 1133 1416 venerabiles
1182 1362 1456 1434 imagines
1482 1366 1779 1422 concilium

198 1451 446 1522 iniquum
506 1449 613 1505 538
672 1450 1062 1522 episcoporum
1102 1456 1457 1526 congregavit
1497 1456 1552 1512 in
1576 1457 1780 1528 palatio

199 1542 436 1607 ﬁierize,
506 1556 742 1612 quorum
804 1541 1020 1612 primus
1075 1549 1199 1598 erat
1257 1545 1572 1614 Ephesinus
1634 1545 1780 1603 illius

199 1630 469 1703 Apsimari
516 1641 574 1688 et
602 1629 857 1686 Pastillas
902 1631 1218 1703 Pergensis,
1250 1634 1345 1703 qui
1394 1635 1538 1705 apud
1567 1650 1626 1691 se
1656 1652 1780 1706 qua:

199 1724 302 1781 sibi
365 1723 484 1779 visa
545 1731 678 1779 sunt
715 1722 1181 1795 dogmatizarunt,
1215 1725 1369 1781 nullo
1413 1736 1686 1796 praesente
1709 1743 1777 1783 ex

1875 545 1933 591 et
1952 537 2151 592 Emesa
2172 547 2230 592 et
2261 539 2536 593 maritima
2561 540 2829 610 ceperint,
2855 549 3020 611 atque
3049 541 3104 596 in
3126 558 3222 598 eos
3249 545 3462 604 iri-uere

1878 627 2239 683 meditantem
2265 629 2518 684 cohibuit
2542 646 2668 685 cum
2689 631 3046 686 exercitibus.
3067 631 3137 686 At
3163 632 3253 688 ille
3288 633 3463 689 iratus

1874 715 2098 772 Abdela:
2137 717 2204 772 ad
2241 716 2568 774 interiorem
2613 721 2893 776 Persidem
2943 736 3068 775 cum
3105 723 3464 780 multitudine

1877 809 2215 879 properavit.
2244 809 2418 876 Quem
2467 827 2594 866 cum
2633 812 2995 868 vehementer
3036 813 3130 868 ille
3167 823 3463 882 metueret,

1877 900 2112 956 accersit
2154 916 2283 957 eum
2327 902 2596 958 suasoriis
2639 904 2827 959 verbis
2874 913 2930 960 et
2963 906 3247 976 precibus,
3297 916 3466 977 atque

1878 991 2014 1063 ipsis
2057 993 2506 1067 exsecrabilibus
2541 995 2810 1065 principis
2843 1011 3037 1051 eorum
3063 998 3328 1069 symbolis
3369 999 3467 1055 de-

1878 1084 2120 1150 stinatis,
2155 1084 2307 1156 virga
2333 1084 2596 1141 videlicet
2619 1097 2785 1156 atque
2822 1086 3090 1143 sandaliis
3120 1090 3470 1160 pseudopro-

1877 1176 2060 1246 pheta:
2107 1177 2382 1243 Maumed,
2409 1189 2677 1250 expetens
2707 1191 2768 1236 ut
2805 1182 2870 1235 ad
2912 1197 2971 1236 se
3005 1182 3094 1236 via
3149 1183 3316 1238 unius
3353 1182 3466 1238 diei

1878 1265 2272 1335 diverteretur,
2320 1277 2594 1339 quatenus
2634 1270 2684 1325 ei
2727 1271 2991 1326 decentes
3037 1273 3339 1342 gratiarum
3379 1289 3470 1328 ae-

1880 1357 2061 1413 tiones
2089 1356 2356 1414 del‘erret.
2390 1359 2462 1414 At
2488 1361 2582 1415 ille
2611 1360 2879 1431 deceptus
2913 1363 3066 1416 venit
3096 1377 3220 1417 cum
3243 1374 3469 1418 centum

1879 1449 2129 1506 millibus
2152 1452 2426 1522 equitum,
2451 1454 2751 1524 unitusque
2774 1453 2853 1509 illi
2873 1455 3146 1510 occiditur
3169 1455 3238 1511 ab
3263 1471 3330 1510 eo
3352 1442 3470 1512 ma-

1879 1538 2047 1595 nibus
2079 1541 2344 1610 propriis,
2378 1541 2572 1612 sicque
2602 1543 2948 1614 principatus
2976 1543 3203 1600 Abdela:
3248 1545 3470 1600 confer-

1882 1638 1996 1696 tur,
2020 1631 2115 1702 qui
2147 1632 2215 1688 ει
2251 1632 2528 1689 Arabibus
2557 1636 2781 1706 praefuit
2806 1637 2987 1693 annis.

1953 1724 2114 1781 Anno
2163 1725 2381 1796 imperii
2430 1725 2779 1782 Constantini
2837 1729 2907 1782 15
2969 1730 3173 1785 Paulus
3211 1730 3473 1785 Romana:

199 1818 483 1877 catholicis
512 1817 761 1884 sedibus,
794 1791 1038 1872 llomana
1088 1817 1303 1874 scilicet
1322 1827 1380 1874 et
1403 1791 1772 1887 Antiochena,
1803 1791 1852 1850 Β
1880 1815 2029 1871 sedis
2066 1791 2265 1886 praesul
2317 1815 2581 1871 habetur.
2605 1817 2829 1874 Nicetas
2863 1816 3213 1889 lleliOpoleos
3242 1820 3476 1875 anathe-

201 1911 568 1968 Alexandrina
620 1910 738 1966 sive
781 1910 1304 1984 Hierosolymitana.
1355 1910 1628 1982 Aquarto
1652 1911 1778 1968 idus

198 2004 529 2062 Februarias
586 2002 918 2075 incipientes
975 2002 1420 2075 perduraverunt
1478 2018 1655 2074 usque
1707 2003 1776 2059 ad

198 2104 410 2155 sextum
439 2095 566 2151 idus
580 2094 858 2166 Augustas
885 2093 1135 2166 ejusdem
1157 2093 1406 2164 septima:
1433 2093 1775 2150 indictionis.

201 2188 454 2257 Quicum
504 2186 563 2242 in
593 2186 928 2243 Blachernas
968 2184 1066 2244 Dei
1099 2185 1399 2243 Genitricis
1428 2185 1618 2242 hostes
1647 2201 1780 2242 con-

199 2279 524 2344 venissent,
583 2277 830 2334 ascendit
891 2275 1304 2333 Constantinus
1376 2277 1678 2348 imperator
1720 2278 1778 2333 in

104 2355 106 2358 ’
198 2369 512 2434 ambonem,
562 2375 755 2424 tenens
783 2365 1220 2423 Constantinum
1272 2367 1628 2434 monachum,
1682 2367 1778 2438 qui

200 2457 307 2514 fuit
358 2457 518 2529 Sylaai
572 2457 888 2529 episcopus.
923 2455 1063 2512 Cum
1109 2464 1344 2523 orasset,
1396 2472 1532 2514 voce
1581 2473 1779 2530 magna

195 2550 578 2620 pronuntiavit
619 2548 810 2606 dicens
859 2565 875 2604 :
929 2548 1282 2604 Constantino
1340 2549 1634 2604 universali
1677 2568 1780 2622 pa-

199 2641 450 2696 triarcluz
477 2639 668 2696 multos
701 2657 892 2696 annos.
928 2640 995 2696 Et
1027 2639 1154 2696 deiu
1191 2640 1443 2696 ascendit
1477 2641 1782 2712 imperator

195 2748 324 2790 cum
352 2731 712 2789 Constantino
735 2733 1000 2788 scelerato
1025 2732 1261 2802 praesule
1316 2740 1374 2788 et
1405 2733 1637 2804 reliquis
1663 2734 1781 2805 epi-

203 2824 390 2894 scopis
425 2825 629 2890 forum,
658 2834 716 2879 et
740 2824 1189 2881 exclamaverunt
1229 2823 1577 2897 divulgantes
1625 2841 1781 2882 suam

198 2917 540 2973 cacodoxam
593 2916 848 2973 haeresim
881 2917 938 2974 in
993 2924 1295 2987 conspectu
1352 2919 1524 2975 totius
1578 2918 1778 2989 plebis,

196 3008 738 3064 anathematizantes
761 3006 1092 3082 Germanum
1119 3008 1524 3065 sanctissimum
1567 3019 1624 3066 et
1646 3009 1780 3065 Gre-

1877 1905 2173 1961 matizatus
2216 1915 2304 1963 est
2354 1921 2386 1960 a
2443 1915 2558 1961 tota
2601 1907 2868 1964 Ecclesia.
2917 1910 3224 1980 imperator
3284 1917 3472 1965 autem

1877 1997 2276 2054 Constantinus
2315 1997 2484 2070 Syros
2526 2008 2584 2055 et
2621 1999 2933 2066 Armenios,
2969 2017 3110 2071 quos
3149 2018 3180 2057 a
3209 2003 3470 2058 Theodo-

1878 2089 2079 2160 siopoli
2099 2099 2156 2146 et
2189 2090 2449 2147 Melitana
2471 2091 2732 2154 duxerat.
2767 2093 2824 2148 in
2856 2094 3130 2149 Thracem
3154 2095 3472 2165 emigravit,

1878 2198 1945 2238 ex
1973 2183 2178 2253 quibus
2196 2183 2364 2238 etiam
2384 2181 2829 2239 Paulicianorum
2855 2194 2941 2240 est
2970 2185 3198 2240 haeresis
3224 2186 3471 2241 dilatata.

1880 2270 2148 2328 Similiter
2172 2281 2228 2328 et
2261 2271 2317 2326 in
2347 2273 2488 2328 urbe
2543 2272 2737 2346 paucis
2766 2289 2883 2344 prae
2924 2275 3261 2330 mortalitate
3310 2276 3476 2332 factis

1879 2361 2288 2422 habitatoribus
2313 2365 2455 2436 ejus,
2481 2364 2642 2420 duxit
2668 2380 2777 2420 una
2813 2380 2938 2422 cum
2975 2366 3221 2430 familiis,
3259 2376 3369 2422 tam
3404 2381 3475 2424 ex

1881 2455 2080 2511 insulis
2121 2463 2180 2512 et
2229 2455 2454 2514 Hellade
2487 2473 2652 2528 quam
2695 2473 2760 2512 ex
2806 2459 3169 2515 inferioribus
3199 2460 3473 2531 partibus,

1881 2545 2072 2617 sicque
2114 2547 2309 2604 urbem
2357 2548 2612 2604 habitare
2645 2547 2800 2618 fecit,
2830 2565 2998 2620 quam
3025 2558 3082 2606 et
3125 2550 3473 2606 condensam

1881 2639 2150 2696 reddidit.

1951 2730 2163 2787 Eodem
2212 2745 2436 2803 quoque
2486 2747 2634 2789 anno
2681 2732 2950 2803 quaesiere
3001 2733 3270 2806 Volgares
3313 2743 3476 2804 pacta

1882 2832 2112 2894 propter
2135 2831 2316 2880 castra
2354 2839 2479 2895 quae
2507 2832 2830 2880 constructa
2876 2825 3120 2880 fuerant.
3151 2824 3249 2880 Ast
3293 2823 3474 2894 impe-

1870 2922 2069 2972 ratore
2102 2913 2524 2984 apocrisiarium
2558 2929 2752 2969 eorum
2783 2915 3186 2969 dehonestante
3213 2913 3476 2968 exierunt

1883 3003 2181 3070 hostiliter,
2201 3011 2259 3058 et
2305 3018 2483 3074 usque
2517 3002 2587 3058 ad
2626 3002 2878 3074 Longum
2921 3019 3144 3058 murum
3174 3009 3474 3069 venerunt,

193 3100 410 3173 gorium
439 3099 704 3173 Cyprium
737 3108 793 3155 et
813 3099 1076 3154 Joannem
1121 3097 1556 3172 Chrysorrhoam
1595 3102 1786 3158 Dama-
1808 3135 1854 3197 α
1885 3104 1943 3152 et
1967 3095 2147 3151 multo
2173 3094 2391 3150 excidio
2415 3103 2735 3165 perpetrato
2766 3095 2924 3151 illaesi
2958 3097 3170 3152 reversi
3194 3102 3345 3149 sunt.

193 3207 452 3262 scenum,
479 3200 737 3264 nepotem
757 3191 1000 3258 Mansur,
1029 3191 1176 3248 viros
1194 3203 1414 3249 sanctos
1441 3202 1497 3251 et
1521 3209 1784 3250 reveren-

195 3284 299 3341 dos
324 3284 638 3354 magistros.

272 3364 462 3429 Mundi
489 3389 635 3429 anno
658 3373 820 3442 6246,
844 3373 1046 3431 divinae
1072 3374 1472 3432 incarnationis
1491 3391 1641 3432 anno
1654 3376 1782 3444 746,

194 3480 348 3521 anno
400 3481 533 3522 vero
580 3467 800 3538 imperii
849 3466 1204 3523 Constantini
1245 3468 1334 3534 Η,
1389 3467 1787 3526 Constantinus

191 3557 850 3630 Constantinopolitanus
890 3559 1128 3615 habetur
1157 3558 1410 3625 antistes,
1446 3560 1638 3630 quin
1685 3560 1788 3617 Ec-

190 3650 384 3707 clesiae
422 3651 644 3722 praefuit
686 3652 868 3708 annis.
907 3650 1023 3708 Hoc
1069 3666 1291 3724 quoque
1335 3667 1481 3706 anno
1513 3651 1786 3717 Maumed,

205 3744 297 3816 qui
351 3751 409 3799 et
455 3744 756 3811 Abulabas,
803 3754 1058 3801 mortuus
1095 3754 1202 3811 est,
1243 3760 1369 3800 cum
1409 3746 1443 3802 5
1477 3745 1789 3816 praefuisset

190 3836 389 3894 annis.
422 3837 664 3907 Eratque
700 3837 942 3893 Abdelas
986 3837 1158 3892 frater
1182 3838 1303 3908 ejus
1340 3838 1396 3892 in
1426 3836 1637 3892 Macbia
1665 3837 1789 3892 loco

188 3927 560 3997 blasphemiae
588 3928 859 3999 ipsorum.
891 3926 1102 3984 Scribit
1129 3943 1263 4000 ergo
1284 3927 1659 3992 Abumuslim,
1691 3928 1788 3998 qui

187 4026 324 4077 erat
353 4018 410 4074 in
444 4019 696 4087 Perside,
741 4019 1190 4077 conservandum
1226 4021 1332 4078 sibi
1359 4022 1542 4078 locum
1577 4023 1790 4094 princi-

187 4121 392 4184 patus,
435 4112 580 4167 sicut
611 4111 719 4168 sibi
756 4122 907 4168 sorte
947 4113 1131 4169 fuerat
1174 4113 1495 4186 deputatus.
1525 4114 1629 4184 Qui
1661 4131 1789 4172 cum

188 4203 492 4261 didicisset
543 4204 811 4261 Abdelam
862 4205 1039 4261 ﬁlium
1095 4205 1274 4262 Halim
1301 4246 1317 4272 ,
1368 4189 1595 4264 fratrem
1657 4224 1792 4264 vero

188 4295 398 4363 Salim,
428 4311 710 4352 summum
733 4305 1028 4368 pratorem
1063 4296 1254 4370 Syriae,
1285 4297 1658 4369 principatum
1683 4297 1792 4354 sibi

189 4385 580 4452 allectantem,
613 4397 671 4444 et
699 4389 1039 4444 veniendum
1080 4389 1150 4445 ad
1193 4388 1551 4445 obtinendam
1606 4389 1792 4446 Persi-

1959 3191 2122 3246 Anno
2163 3189 2379 3261 imperii
2413 3189 2762 3247 Constantini
2795 3189 2862 3244 16
2895 3198 3058 3244 terra:
3092 3197 3277 3244 motus
3327 3187 3477 3243 haud

1884 3283 2139 3339 modicus
2185 3282 2364 3339 factus
2392 3293 2482 3338 est
2524 3282 2582 3337 in
2631 3283 2922 3338 Palaestina
2945 3289 3002 3337 et
3041 3280 3201 3354 Syria
3237 3282 3478 3352 septimo

1886 3377 2013 3434 idus
2041 3377 2296 3442 Martias;
2322 3383 2381 3431 et
2406 3375 2564 3431 exsul
2590 3374 2770 3430 factus
2801 3383 2888 3429 est
2918 3372 3246 3429 Theodorus
3275 3373 3474 3427 Antio-

1886 3469 2030 3526 chia
2076 3467 2413 3538 patriarcha.
2461 3467 2672 3522 invidia
2711 3467 3011 3538 derogatus
3042 3465 3155 3538 (80)
3205 3465 3480 3530 Arabum,

1887 3562 2037 3633 quod
2064 3561 2267 3616 crebro
2304 3558 2626 3627 imperatori
2657 3556 3026 3613 Constantino
3064 3571 3260 3611 causas
3284 3569 3483 3612 eorum

1886 3669 1988 3724 per
2031 3652 2249 3706 litteras
2296 3649 2586 3703 indicaret.
2636 3647 2706 3702 Et
2740 3647 2810 3702 de
2859 3657 3060 3704 caetero
3103 3646 3274 3702 Salim
3328 3647 3482 3702 hunc
3579 3717 3584 3724 _

1890 3745 2137 3802 exsulem
2173 3741 2326 3807 fecit,
2361 3741 2588 3796 mittens
2615 3755 2742 3794 eum
2780 3740 2837 3793 in
2870 3739 3266 3794 Mohabitidem
3296 3739 3485 3810 regio-

1893 3855 2044 3903 nem,
2084 3836 2324 3909 patriam
2359 3850 2538 3890 suam.
2572 3833 2959 3918 Praecepitque.
2984 3833 3131 3889 idem
3168 3833 3313 3887 Alim
3359 3848 3476 3888 non

1889 3929 2292 3987 construendas
2308 3944 2480 3985 novas
2495 3927 2757 3999 ecclesias
2777 3943 2882 3984 nec
2903 3942 3125 3984 crucem
3153 3927 3478 3991 videndam,

1889 4025 1987 4082 sed
2021 4039 2204 4096 neque
2232 4023 2302 4080 de
2349 4022 2458 4078 ﬁde
2491 4039 2522 4080 a
2551 4021 2870 4079 Christiano
2912 4035 3040 4076 cum
3073 4019 3352 4074 Arabibus
3379 4018 3486 4074 do-

1890 4123 2325 4196 gmatizandum.
2361 4123 2540 4178 Porro
2567 4117 2875 4176 exercitum
2902 4116 3078 4172 movit
3109 4115 3254 4172 idem
3290 4123 3484 4170 contra

1891 4216 2218 4273 Romaniant
2243 4231 2368 4271 cum
2404 4214 2474 4270 80
2500 4212 2772 4277 millibus,
2806 4219 2864 4267 et
2891 4209 3127 4266 veniens
3173 4207 3230 4262 in
3263 4205 3485 4276 Cappa-

1897 4309 2116 4365 dociam
2146 4306 2360 4363 audivit
2398 4304 2825 4362 Constantinum
2856 4301 3124 4358 adversus
3161 4315 3222 4355 se
3251 4299 3487 4353 venien-

1896 4409 2009 4460 tem
2047 4409 2344 4465 armatum,
2378 4407 2436 4455 et
2457 4399 2690 4454 territus
2730 4393 2982 4452 ineiﬁcax
3010 4391 3318 4462 repedavit,
3346 4388 3487 4445 nihil

187 4479 357 4544 dem,
389 4479 892 4552 adversantemque
927 4481 1134 4548 Persis,
1172 4491 1228 4537 et
1261 4481 1539 4536 faventem
1577 4480 1666 4535 his
1699 4481 1797 4552 qui

1901 4493 2290 4565 depopulatus,
2319 4491 2428 4547 nisi
2451 4489 2598 4562 quod
2633 4489 2830 4560 paucis
2857 4483 3137 4541 Armeniis
3158 4475 3228 4540 ad
3261 4497 3322 4538 se
3355 4496 3490 4538 con-

187 4577 366 4626 erant
419 4571 591 4644 Syriae
643 4573 852 4645 quique
893 4573 1307 4629 auxiliabantur
1354 4573 1445 4641 ci,
1508 4575 1796 4632 concitatis

185 4661 547 4720 exercitibus
586 4664 704 4721 suis
735 4665 1056 4738 aggreditur
1081 4681 1211 4721 eum
1251 4665 1397 4737 apud
1440 4666 1708 4733 Nitzibin,
1740 4675 1798 4724 et

183 4752 360 4809 victo
387 4769 455 4809 eo
484 4754 836 4812 Abumuslim
883 4757 1090 4812 multos
1125 4757 1362 4829 peremit
1390 4775 1405 4812 :
1449 4767 1611 4813 erant
1641 4758 1794 4815 enim

185 4845 402 4919 plures
444 4863 514 4903 ex
558 4849 651 4905 his
696 4847 879 4906 Sclavi
912 4857 970 4906 et
1010 4848 1365 4905 Antiocheni.
1419 4849 1519 4907 Ast
1558 4851 1797 4907 Abdelas

180 4939 362 4996 solus
391 4940 579 5001 salvus
616 4959 912 5000 remanens
935 4950 1061 5014 post
1098 4957 1305 5014 paucos
1331 4941 1452 4999 dies
1488 4943 1647 5014 petiit
1677 4959 1800 4999 ver-

181 5035 341 5091 bum
375 5035 631 5106 accipere
676 5037 748 5093 ab
793 5037 972 5092 altero
1023 5035 1254 5103 Abdela,
1309 5035 1481 5092 fratre
1523 5036 1799 5105 Maumed,

176 5123 472 5182 veniente
520 5125 574 5181 in
617 5126 906 5183 Persidem
948 5128 1135 5184 studio
1167 5128 1342 5182 multo
1373 5143 1404 5182 a
1439 5128 1650 5193 Macha,
1687 5143 1799 5199 quo

180 5219 259 5276 in
285 5217 631 5276 domuncula
659 5220 970 5292 putrefacta
1002 5230 1222 5276 retruso
1243 5220 1412 5276 eﬂ'odi
1442 5221 1798 5278 fundamenta

177 5313 544 5386 praecipiens
569 5314 720 5371 hunc
745 5313 885 5371 clam
913 5313 1217 5369 interfecit.
1249 5313 1424 5369 Porro
1451 5312 1800 5373 Abumuslim

177 5405 516 5464 furientem
560 5408 828 5466 adversus
857 5408 1068 5465 Arabes
1106 5407 1278 5480 Syria:
1318 5423 1422 5480 pro
1461 5423 1529 5463 eo
1562 5407 1710 5478 quod
1743 5408 1801 5462 in

1900 4583 2210 4641 liuentibus
2241 4583 2542 4653 assumptis
2564 4593 2826 4636 reversus
2855 4587 2962 4632 est.

1971 4674 2370 4746 Annoimperii
2403 4669 2753 4730 Constantini
2789 4669 2855 4724 l7
2885 4667 3130 4724 Abdelas
3151 4665 3489 4722 tributorum

1901 4767 2173 4824 rationem
2236 4765 2570 4823 Christianis
2614 4760 2922 4832 ampliavit,
2978 4761 3119 4815 adeo
3173 4767 3236 4814 ut
3293 4771 3492 4812 omnes

1901 4860 2206 4916 monachos
2232 4867 2290 4915 et
2312 4858 2590 4914 inclausos
2613 4864 2779 4926 atque
2808 4852 3065 4918 cionitas,
3088 4852 3184 4923 qui
3212 4852 3325 4906 Deo
3347 4851 3492 4905 bene

1902 4952 2123 5023 placere
2172 4949 2566 5018 noscebantur,
2607 4946 2714 5003 sub
2760 4945 2988 5002 tributis
3041 4945 3343 5016 redigeret.
3398 4940 3490 4998 Si-

1901 5040 2094 5113 gnavit
2134 5048 2322 5095 autem
2348 5037 2710 5094 ecclesiarum
2747 5035 3139 5099 cimiliarcbia,
3186 5043 3248 5089 et
3296 5030 3491 5088 eduxit

1905 5134 2172 5189 Hebraeos
2181 5130 2251 5187 ad
2276 5128 2703 5186 venundandum
2725 5128 2837 5194 illa,
2850 5137 2906 5184 et
2928 5137 3186 5184 emerunt
3199 5142 3267 5180 ea
3281 5121 3488 5178 liberti.

1900 5287 1902 5291 _
1975 5225 2136 5280 Anno
2196 5220 2417 5293 imperii
2471 5220 2558 5276 sui
2605 5219 2675 5275 18
2729 5217 3134 5276 Constantinus
3186 5211 3492 5270 Sclavinias

1903 5331 2076 5387 penes
2126 5312 2506 5369 Macedoniam
2557 5311 2767 5382 positas
2793 5309 3108 5381 captivavit.
3137 5314 3195 5362 et
3244 5304 3493 5372 reliquos

1904 5409 2240 5484 subiugavit.
2290 5407 2498 5464 Eodem
2541 5421 2675 5462 vero
2709 5421 2855 5461 anno
2900 5402 3126 5474 quidam
3154 5417 3223 5456 ex
3266 5396 3494 5453 Mauro-

1747 5546 1980 5610 NOTAE.

275 5638 398 5712 (80)
437 5639 757 5712 Derogatus,
779 5639 1108 5712 διᾳσληθεις.
1138 5638 1278 5712 Hist.
1321 5637 1448 5712 trip.
1473 5638 1544 5712 3?
1572 5655 1586 5692 :
1617 5657 1635 5691 ι
1666 5655 1790 5696 cre-

181 5708 350 5769 dens
367 5708 821 5783 derogationibus
835 5711 943 5783 his.
960 5708 984 5783 ᾧ
1007 5711 1150 5783 Non.
1168 5708 1700 5783 detrahere,_d_eroga
1709 5727 1790 5783 Ife.

179 5783 418 5841 Glossa
441 5779 688 5839 Dositlrei
729 5781 1015 5848 magistri:
1053 5779 1302 5852 derogat,
1325 5779 1590 5846 detrahit,
1636 5779 1794 5839 oblo-

1895 5645 2106 5717 quitur.
2135 5641 2418 5717 Goﬁ‘ridus
2443 5639 2614 5717 abbas
2649 5634 2882 5717 Vindoc.
2907 5632 3079 5717 epist.
3105 5630 3258 5717 ""29
3285 5645 3299 5682 :
3330 5647 3348 5680 ε
3378 5641 3489 5685 nec

1897 5701 2148 5788 pontiuci
2175 5717 2324 5773 sicut
2356 5710 2524 5769 Maria
2555 5707 2726 5782 Moysi
2754 5701 3106 5778 derogarent.
3141 5701 3301 5756 [τω.
3342 5717 3368 5750 ι
