3978 6212
510 351 534 415 1
547 353 647 418 ’ΞἝΘ

1563 339 1963 402 ANASTASII
2003 325 2632 399 BIDLIOTHECARII

2907 316 2932 334 τ

3635 306 3767 388 1330

508 463 700 533 phoris
740 459 945 522 Persis,
985 471 1113 512 cum
1155 453 1378 525 magicae
1425 451 1712 523 religionis
1737 461 1946 516 essent,
1989 449 2088 504 de-

2219 469 2457 525 unlieres
2490 486 2504 522 :
2541 454 2858 522 manserant
2890 465 3040 519 enim
3079 478 3146 517 ex
3181 462 3265 518 eis
3294 461 3354 516 in
3394 461 3570 516 domo
3601 460 3653 516 in
3679 479 3766 532 qua

508 553 764 622 eeptione
795 548 1007 607 detenti
1040 547 1269 610 diaboli,
1296 544 1608 602 venundata
1640 542 1948 600 substantia
1993 557 2092 596 sua

507 645 642 700 nudi
685 658 854 713 supra
881 656 1071 697 muros
1101 639 1462 695 ascendentes
1479 636 1846 708 projiciebant
1887 641 2094 689 semet-

490 737 680 808 ipsos,
709 735 784 790 ita
813 743 871 790 ut
903 749 961 790 se
989 733 1172 789 volare
1208 732 1261 786 in
1303 730 1504 786 ccelum
1527 728 1968 792 arbitrarentur;
1999 724 2095 796 qui

510 830 648 885 nihil
696 828 915 885 ratione
963 826 1189 896 dignum
1236 823 1403 878 sortis
1432 822 1581 877 illius
1623 821 1910 883 habentes,
1941 827 2097 874 artus

509 922 876 978 conterebant
917 919 986 974 ad
1047 919 1156 974 ima
1195 915 1457 973 demersi.
1487 915 1736 981 Quorum
1793 913 2094 978 sexdecim,

511 1030 609 1071 eos
639 1014 926 1069 dumtaxat
955 1010 1050 1082 qui
1095 1010 1148 1064 in
1185 1023 1375 1064 errore
1407 1007 1824 1078 praeminebant,
1856 1003 2098 1060 Abdelas

514 1123 616 1177 per
639 1105 809 1166 Salim
841 1102 1120 1159 interfecit
1142 1101 1196 1155 in
1225 1100 1420 1154 Beroea
1452 1107 1510 1154 et
1539 1096 1824 1153 Chalcide.

585 1200 745 1254 Anno
778 1195 998 1266 imperii
1027 1191 1377 1250 Constantini
1415 1191 1480 1246 19
1521 1189 1728 1244 invidia
1752 1187 2100 1244 Christianos

517 1292 930 1362 prohibuerunt
979 1288 1188 1342 Arabes
1221 1302 1251 1340 a
1306 1284 1546 1354 publicis
1588 1281 1978 1337 chartothesiis
2031 1280 2100 1334 ad

520 1385 804 1438 modicum
831 1389 1070 1450 tempus.
1101 1378 1207 1433 Sed
1234 1393 1428 1432 rursus
1451 1376 1625 1431 coacti
1649 1373 1998 1430 committunt
2022 1372 2102 1428 eis

495 1475 718 1534 eadem
750 1474 888 1544 ipsa,
923 1488 990 1527 eo
1013 1471 1164 1542 quod
1194 1485 1304 1524 non
1336 1469 1552 1538 possint
1583 1467 1682 1537 ipsi
1719 1467 1962 1521 scribere
1989 1467 2102 1520 cal-

520 1566 864 1628 culationcs,
925 1564 1183 1632 aciesque
1247 1561 1570 1616 direxerunt
1624 1561 1843 1614 multas.
1892 1559 1998 1614 Sed
2047 1565 2104 1613 et

525 1659 752 1715 Paulum
789 1666 1081 1727 praetorem
1131 1656 1584 1711 Armeniacorum
1630 1655 1834 1709 bellum
1882 1661 2105 1724 agentes

501 1748 670 1818 apud
689 1748 883 1806 Melam
903 1756 1265 1816 peremerunt
1285 1763 1410 1802 cum
1431 1748 1709 1801 exercitus
1726 1745 2101 1806 multitudine.

526 1855 741 1894 necnon
779 1848 836 1894 et
892 1839 961 1894 42
996 1839 1242 1909 insignes
1278 1839 1428 1893 viros
1460 1839 1676 1892 vinctos
1713 1838 2012 1901 duxerunt,
2052 1846 2108 1890 et

525 1931 704 2000 capita
741 1931 932 1986 multa.
972 1931 1278 1999 imperator
1307 1939 1488 1984 autem
1522 1931 1826 1984 exercitum
1859 1929 2029 1984 movit
2053 1930 2106 1983 in

526 2023 865 2094 Vulgariam,
887 2031 946 2077 et
974 2022 1204 2078 veniens
1232 2022 1287 2075 in
1316 2021 1634 2091 Veregaban
1662 2020 1728 2074 ad
1773 2020 2108 2086 clausuram,

529 2114 752 2174 obviam
777 2114 828 2168 ei
857 2113 1127 2183 Vulgares
1147 2103 1495 2168 advenerunt
1519 2120 1575 2166 et
1602 2112 1805 2166 multos
1834 2112 2112 2166 exercitus

530 2207 653 2276 ejus
690 2205 1128 2270 trucidaverunt,
1155 2207 1212 2261 in
1240 2206 1444 2276 quibus
1472 2214 1528 2260 et
1547 2205 1785 2259 Leonem
1816 2205 2110 2274 patricium

530 2307 586 2353 et
611 2307 901 2368 praetorem
931 2297 1382 2361 Thracesiorum,
1419 2305 1476 2351 et
1497 2297 1664 2350 alium
1691 2295 1928 2350 Leonem
1960 2296 2112 2367 logo-

533 2391 741 2446 thetam
764 2405 981 2456 cursus,
1015 2400 1072 2445 et
1103 2391 1368 2461 populum
1401 2391 1660 2456 multum,
1687 2404 1751 2443 ac
1784 2395 2116 2459 acceperunt

534 2499 687 2538 arma
719 2499 944 2549 eorum;
987 2493 1042 2539 et
1089 2485 1170 2539 sic
1208 2483 1500 2539 inhoneste
1530 2483 1734 2538 reversi
1773 2492 1904 2537 sunt
1943 2482 2118 2552 impe-

535 2585 686 2631 rator
711 2583 768 2630 et
793 2577 878 2632 sui
911 2576 1007 2646 qui
1035 2585 1446 2632 remanserunt.
1969 2586 1971 2588 ’

606 2665 769 2720 Anno
813 2667 1028 2736 imperii
1074 2666 1424 2722 Constantini
1464 2666 1535 2721 20
1584 2667 1760 2722 factus
1811 2675 1896 2721 est
1960 2679 2118 2720 error

538 2755 781 2822 Pascha,
804 2766 863 2812 et
891 2757 1180 2812 orthodoxi
1207 2757 1430 2827 quidem
1452 2758 1506 2812 in
1531 2757 1761 2813 Oriente
1783 2767 1976 2812 octavo
1996 2756 2120 2811 idus

537 2847 779 2918 Aprilias
808 2847 1019 2904 Pascha
1049 2848 1492 2914 celebraverunt,
1517 2858 1574 2904 at
1601 2863 1733 2904 vero
1757 2849 1977 2903 erronei
2010 2847 2119 2902 Ιιων-

523 2942 699 2997 -ηῑὶοἱ
729 2942 853 2997 idus
873 2942 1137 3012 Aprilias.

521 3085 528 3099 η
611 3036 818 3091 Eodem
851 3051 997 3090 anno
1023 3034 1352 3090 translatum
1366 3042 1452 3089 est
1467 3041 1633 3104 caput
1657 3031 1715 3088 S.
1737 3032 1962 3089 Joannis
1983 3047 2121 3104 prae-

2133 1803 2181 1864 B

2197 572 2308 618 tres
2329 562 2527 617 fratres
2559 557 2879 622 manebant,
2913 563 2970 608 et
2996 553 3301 608 voluerunt
3344 567 3558 607 uxores
3600 566 3766 605 eorum

2196 657 2254 712 in
2301 657 2528 727 pelagus
2573 653 2776 724 jacere.
2833 648 3134 718 Surgentes
3182 644 3376 701 autem
3421 654 3546 700 tres
3601 644 3771 699 fratres

2201 748 2530 804 occiderunt
2582 753 2640 800 et
2683 741 2996 797 obruerunt
3032 739 3176 806 illos,
3220 737 3320 793 sed
3371 746 3430 793 et
3484 737 3772 796 coacervati

2197 839 2520 895 occiderunt
2539 836 2706 892 etiam
2741 834 3003 904 reliquos.
3027 829 3241 887 Etcum
3268 829 3523 886 misisset
3547 829 3776 886 Selichus

2200 933 2446 995 militias,
2489 928 2880 984 fraudulenter
2909 939 3112 980 venere
3143 941 3315 996 super
3363 923 3514 989 illos,
3550 934 3606 978 et
3645 938 3776 980 cotu-

2199 1025 2490 1097 prehensis
2538 1023 2619 1078 eis
2669 1019 2916 1091 patibulo
2957 1019 3374 1089 suspenderunt
3411 1029 3527 1074 tres
3571 1011 3776 1082 fratres,

2200 1125 2258 1172 et
2298 1115 2502 1169 multos
2548 1114 2684 1168 alios
2730 1109 3078 1167 occiderunt.
3123 1111 3300 1164 Porro
3341 1109 3640 1164 festivitate
3689 1108 3782 1162 Pa-

2202 1207 2378 1264 schali
2409 1206 2696 1276 ingressus
2724 1212 2808 1258 est
2837 1203 2904 1257 ad
2933 1211 3183 1257 sanctam
3207 1202 3490 1256 collectam
3515 1202 3572 1255 in
3601 1200 3784 1256 catho-

2201 1299 2308 1353 lica
2352 1297 2620 1352 Ecclesia.
2677 1294 2929 1363 Cumque
3003 1291 3450 1362 metropolitanus
3486 1293 3786 1360 episcopus

2203 1401 2429 1454 astaret,
2451 1401 2507 1446 et
2529 1389 2866 1444 exclamaret
2889 1400 3046 1440 more
3072 1385 3228 1439 solito
3242 1384 3348 1438 Deo
3373 1383 3598 1438 dicens:
3623 1381 3781 1435 Plebs

2209 1485 2351 1539 enim
2375 1491 2468 1535 tua
2501 1489 2548 1534 et
2573 1477 2813 1534 Ecclesia
2839 1485 2930 1531 tua
2955 1475 3219 1547 supplicat
3243 1483 3288 1528 te
3314 1474 3442 1545 (8|),
3469 1473 3783 1529 eduxerunt

2204 1588 2330 1627 eum
2363 1579 2418 1625 et
2464 1570 2808 1624 incluserunt
2845 1567 2900 1620 in
2936 1581 3186 1630 carcere,
3220 1573 3278 1619 et
3317 1563 3458 1619 alius
3488 1564 3783 1634 complevit

2207 1674 2451 1720 sanctam
2473 1663 2782 1725 collectam,
2814 1668 2870 1714 et
2904 1658 3085 1714 factus
3113 1666 3200 1714 est
3226 1658 3398 1712 timor
3432 1673 3690 1728 magnus;
3731 1665 3789 1710 et

2207 1755 2312 1808 nisi
2338 1751 2688 1821 metropolita
2712 1749 3026 1805 moralitate
3056 1764 3122 1804 ac
3155 1747 3468 1803 humilibus
3483 1747 3666 1804 verbis
3693 1746 3791 1802 mi-

2212 1847 2433 1917 tigasset
2455 1859 2604 1906 eum,
2634 1842 2838 1896 malum
2866 1839 3114 1911 profecto
3151 1840 3349 1912 ingens
3377 1840 3516 1895 hora
3549 1840 3642 1894 illa
3672 1855 3793 1893 con-

2213 1947 2552 1996 summatum
2610 1936 2826 1991 fuisset.
2874 1935 3008 1991 Erat
3058 1944 3245 1990 autem
3299 1933 3390 1990 hic
3449 1934 3794 1989 beatissimus

2211 2033 2558 2087 Anastasius.

2276 2124 2480 2179 Eodem
2516 2137 2737 2194 quoque
2777 2137 2924 2177 anno
2953 2131 3012 2178 et
3040 2121 3444 2177 Constantinus
3477 2127 3794 2192 persecutor

2212 2215 2485 2271 Andream
2532 2211 2950 2267 memorabilem
2999 2210 3357 2275 monachum,
3390 2209 3488 2279 qui
3519 2207 3798 2263 dicebatur

2211 2303 2511 2375 Calybites,
2539 2300 2684 2371 apud
2730 2299 3068 2355 Blachernas
3095 2299 3281 2371 flagris
3310 2300 3362 2353 in
3403 2297 3801 2369 Hippodromio

2217 2395 2275 2451 S.
2308 2395 2496 2449 Mamte
2526 2393 2783 2463 peremit,
2816 2391 3242 2463 redarguentem
3286 2391 3639 2460 impietatem
3670 2390 3801 2462 ejus,

2216 2493 2272 2542 et
2296 2484 2814 2540 Valentinianistam
2845 2499 2910 2539 ac
2931 2484 3218 2562 lulianum
3238 2482 3627 2554 appellantem
3651 2496 3804 2546 eum;

2217 2595 2382 2650 quem
2415 2587 2471 2634 et
2518 2579 2574 2633 in
2615 2578 2848 2632 rlieuma
2895 2577 3065 2633 maris
3096 2577 3293 2648 jactari
3337 2577 3646 2646 przecepit,
3713 2573 3808 2627 nisi

2219 2685 2439 2725 sorores
2478 2670 2598 2740 ejus
2649 2668 2800 2723 hunc
2831 2667 3099 2738 rapientes
3151 2665 3204 2720 in
3244 2661 3503 2734 emporib
3542 2661 3812 2719 Leucadii

2219 2766 2570 2837 sepelissent.

2291 2855 2451 2910 Anno
2485 2854 2701 2926 imperii
2741 2852 3079 2909 Constantini
3107 2851 3180 2905 9.2
3210 2841 3475 2922 apparuit
3508 2849 3744 2908 docites
3765 2850 3815 2904 in

2217 2948 2467 3014 Oriente,
2494 2955 2550 3004 et
2593 2947 2924 3005 interfectus
2955 2956 3040 3003 est
3068 2945 3214 3001 ﬁlius
3252 2945 3554 2999 Phatimae.
3595 2948 3670 3000 At
3695 2959 3821 2999 vero

2219 3043 2489 3114 Volgares
2521 3043 2874 3114 insurgentes
2900 3041 3232 3097 occiderunt
3273 3039 3536 3094 dominos
3571 3053 3710 3094 suos
3754 3038 3819 3092 ad

540 3127 788 3183 ευτθοτίδ
825 3135 992 3198 “line
1044 3127 1304 3197 Baptism
1349 3141 1379 3180 ³
1425 3126 1762 3181 mimum?“
1821 3125 2014 3196 5901335
2065 3123 2120 3180 ῖῐι
2145 3142 2191 3206 c
2225 3150 2283 3191 se
2309 3135 2364 3189 in
2411 3135 2547 3190 iram
2580 3134 2880 3199 derivatos,
2904 3141 2960 3192 et
3001 3138 3323 3188 statuerunt
3347 3131 3529 3186 virum
3569 3130 3823 3185 insensa-

523 3220 811 3289 ’templum
845 3235 1009 3274 suum
1046 3219 1100 3273 in
1156 3218 1612 3273 Emesenensium
1660 3217 1882 3271 civitate
1929 3218 2119 3283 situm,

523 3324 672 3364 scum
702 3315 853 3364 esset
879 3309 1136 3372 illustre;
1159 3319 1214 3360 et
1238 3307 1538 3361 descensus
1563 3306 1866 3363 aediﬁcatus
1889 3317 1991 3363 est.
2018 3309 2122 3365 Ubi

527 3414 722 3468 -usque
765 3397 931 3452 hodie
967 3413 1000 3451 a
1048 3395 1308 3451 ﬁdelibus
1345 3396 1633 3451 adoratum
1667 3397 1818 3452 omni
1853 3398 2124 3453 suavitate

525 3489 821 3559 corporali
853 3488 1067 3544 scilicet
1093 3504 1158 3545 ac
1198 3488 1474 3560 spirituali
1515 3485 1824 3544 honoratur
1841 3489 2035 3556 odore,
2065 3499 2126 3546 et

543 3597 809 3638 emanans
844 3581 1082 3637 eﬂundit
1119 3581 1382 3637 omnibus
1420 3582 1704 3646 sanitates,
1736 3582 1828 3652 qui
1873 3582 1978 3637 ﬁde
2026 3581 2123 3638 lla-

545 3683 770 3746 grantes
791 3683 1119 3730 occurrunt.

527 3805 534 3810 .
617 3767 938 3836 Eodemque
987 3779 1137 3822 anno
1176 3764 1391 3822 docites
1437 3764 1744 3820 clarissima
1797 3765 1852 3820 in
1899 3765 2126 3823 Oriente

536 3861 804 3933 apparuit
852 3877 951 3932 per
999 3860 1066 3915 10
1125 3859 1268 3924 dies,
1313 3867 1371 3914 et
1415 3858 1615 3915 iterum
1663 3860 1730 3915 ad
1771 3860 2124 3916 Occidentem

548 3954 748 4010 diebus
765 3953 857 4008 2].
888 3953 1120 4019 Quidam
1149 3967 1284 4006 vero
1315 3950 1504 4022 Syrus,
1529 3951 1856 4006 Theodorus
1878 3952 2123 4016 nomine,

526 4045 834 4102 .Eibanites
859 4043 1008 4099 circa
1055 4042 1339 4114 regionem
1375 4040 1740 4112 Heliopoleos,
1779 4057 1903 4112 (luas
1930 4051 2017 4097 est
2055 4042 2126 4098 ad

535 4139 857 4205 Libanum,
923 4137 1188 4192 adversus
1237 4136 1447 4192 Arabes
1508 4135 1842 4201 insurrexit,
1893 4145 1950 4191 et
1998 4151 2124 4199 cum

549 4232 754 4289 bellum
805 4231 1069 4287 movisset
1121 4230 1176 4286 in
1225 4244 1346 4290 eos,
1397 4229 1719 4285 ceciderunt
1763 4245 1832 4284 ex
1879 4229 2125 4299 utrisque

550 4327 709 4380 multi
738 4343 752 4380 :
790 4323 1091 4379 novissime
1124 4337 1256 4376 vero
1299 4330 1447 4392 terga
1480 4329 1538 4377 et
1578 4322 1695 4392 ipse
1727 4331 1950 4379 vertens
1981 4323 2126 4378 ell‘u-

549 4417 648 4489 git,
681 4426 738 4472 et
771 4415 1062 4478 Libanitae,
1097 4414 1193 4484 qui
1227 4430 1352 4468 cum
1393 4415 1512 4484 ipso
1548 4423 1728 4481 erant,
1769 4429 1964 4470 omnes
1997 4424 2127 4471 sunt

2225 3237 2342 3280 tum
2388 3225 2614 3281 nomine
2664 3225 2934 3290 Zeletzin,
2999 3223 3069 3280 50
3118 3239 3245 3279 cum
3313 3231 3456 3278 esset
3507 3235 3822 3275 annorum.

2223 3318 2380 3382 Multi
2439 3328 2704 3388 praeterea
2753 3317 2936 3375 Sclavi
2982 3317 3263 3390 fugientes
3301 3315 3366 3372 ad
3410 3316 3824 3385 imperatorem

2223 3411 2633 3476 conﬂuxerunt,
2662 3425 2803 3480 quos
2828 3409 3122 3465 constituit
3148 3425 3317 3480 super
3340 3408 3626 3463 Artanam.
3648 3409 3829 3462 Porro

2227 3502 2295 3557 16
2338 3502 2616 3558 Kalendas
2651 3502 2826 3558 Iulias
2873 3501 3047 3556 exivit
3091 3500 3393 3572 imperator
3418 3500 3476 3555 in
3516 3498 3825 3560 Thracem.

2227 3596 2396 3650 misso
2427 3610 2650 3667 quoque
2677 3594 2897 3666 navigio
2922 3610 3022 3665 per
3049 3591 3328 3650 Euxinum
3363 3604 3629 3664 pontum,
3659 3607 3826 3663 usque

2226 3689 2292 3742 ad
2317 3680 2419 3743 800
2445 3688 2734 3744 chelandia
2775 3687 3012 3743 ferentia
3039 3685 3331 3742 duodenos
3357 3701 3564 3756 equos.
3598 3688 3670 3742 At
3705 3699 3826 3740 vero

2224 3779 2482 3846 chetzis,
2507 3780 2694 3835 audita
2719 3786 2911 3835 contra
2933 3792 2992 3834 se
3020 3786 3126 3832 tam
3147 3794 3247 3848 per
3284 3788 3491 3833 terram
3523 3794 3704 3847 quam
3738 3791 3828 3845 per

2227 3889 2377 3929 mare
2407 3872 2548 3928 facta
2593 3873 2982 3941 commotione,
3018 3872 3318 3942 assumpsit
3341 3872 3396 3925 in
3437 3871 3722 3926 auxilium
3766 3883 3829 3924 ex

2227 3963 2606 4036 adjacentibus
2645 3963 2754 4018 sibi
2801 3963 3123 4020 nationibus
3168 3961 3241 4016 20
3288 3961 3486 4026 millia,
3533 3973 3604 4017 et
3650 3961 3736 4015 his
3780 3961 3828 4013 in

2228 4057 2637 4114 munitionibus
2667 4057 2993 4114 constitutis
3031 4071 3091 4113 se
3123 4063 3350 4112 cautum
3392 4063 3450 4109 et
3485 4053 3831 4125 intrepidum

2228 4153 2492 4210 reddidit.
2517 4153 2615 4208 Ast
2637 4153 2936 4222 imperator
2952 4167 3076 4207 cum
3097 4151 3362 4212 venisset,
3377 4157 3578 4205 castra
3607 4157 3834 4204 metatus

2229 4243 2391 4297 estin
2420 4256 2615 4312 campo
2654 4241 2942 4309 Anchiali;
2975 4251 3031 4296 et
3073 4241 3252 4312 pridie
3277 4239 3397 4293 Kal.
3427 4239 3625 4295 .Iulias
3659 4241 3834 4310 prima

2229 4335 2569 4400 indictionis,
2594 4335 2726 4390 feria
2746 4335 2957 4406 quinta,
2989 4333 3224 4389 Zeletzis
3251 4333 3524 4402 apparuit
3545 4350 3684 4389 cum
3710 4333 3836 4388 mul-

2231 4428 2469 4484 titudine
2489 4427 2734 4498 gentium
2757 4427 3384 4495 veniens,ineuntesque
3410 4425 3639 4483 bellum
3663 4427 3836 4482 conci-

550 4507 887 4578 interempti.
933 4507 1110 4562 Facta:
1155 4514 1339 4561 autem
1369 4513 1500 4560 sunt
1545 4515 1604 4560 et
1656 4507 1712 4561 in
1759 4507 1942 4562 Africa
1973 4509 2114 4564 sedi-

2227 4520 2364 4591 dunt
2396 4519 2605 4574 diutius
2641 4519 3114 4575 invicem.Vermn
3150 4517 3385 4573 Zeletzis
3427 4529 3596 4590 terga
3627 4531 3836 4575 vertens

553 4604 733 4659 tiones
774 4611 830 4657 et
886 4601 1051 4666 bella,
1107 4599 1275 4656 solari
1324 4598 1517 4668 eclipsi
1572 4597 1712 4654 facta
1754 4602 1822 4656 18
1857 4601 2124 4658 Kalendas

543 4693 946 4764 .Septemhrias,
976 4692 1111 4748 feria
1147 4691 1199 4758 6,
1233 4691 1367 4746 hora
1392 4689 1480 4744 l0.
1509 4691 1680 4745 Porro
1710 4691 2131 4755 insurrexerunt

551 4787 777 4857 quidam
831 4803 899 4842 ex
948 4783 1332 4854 Maurophoris
1387 4785 1532 4853 apud
1594 4782 1830 4848 Dabero,
1887 4783 2134 4840 dicentes

537 4877 1155 4962 ﬁlium-protosymboli
1189 4876 1351 4930 deum
1392 4886 1453 4930 ut
1497 4875 1830 4930 nutritorem
1856 4890 2040 4941 suum,
2077 4886 2139 4932 et

2233 4613 2632 4685 effugit.Porro
2663 4627 2843 4683 pugna
2873 4610 3050 4665 tenuit
3082 4610 3148 4666 ab
3169 4609 3305 4664 hora
3336 4611 3539 4681 quinta
3569 4629 3751 4684 usque
3775 4612 3832 4668 ad

2235 4707 2633 4778 vespertinam,
2665 4713 2722 4760 et
2752 4703 3137 4759 multitudines
3184 4701 3494 4774 Vulgarum
3522 4722 3837 4763 numeros:

2239 4807 2540 4869 perempta:
2571 4804 2700 4853 sunt
2729 4814 2740 4848 :
2778 4796 2938 4863 multi
2968 4810 3099 4850 vero
3128 4810 3197 4849 ex
3233 4795 3316 4849 eis
3349 4796 3528 4865 capti,
3568 4798 3836 4866 multique

2243 4889 2565 4960 imperatori
2601 4877 2809 4943 subditi
2842 4887 2973 4943 facti
2997 4894 3149 4941 sunt.
3184 4887 3282 4941 Ast
3303 4885 3632 4957 imperator
3657 4891 3836 4960 hujus-

553 4973 906 5044 Ρτοίυίθνυυι
933 4971 1128 5042 dogma
1159 4969 1502 5040 ιιυὶυειηοίιῑ,
1532 4978 1588 5024 ει
1613 4969 1955 5024 inimicm!“
1987 4969 2141 5024 Mau-
2240 4982 2453 5039 cemodi
2483 4980 2660 5037 elatus
2682 4979 2914 5035 victoria
2942 4978 3247 5051 publicavit
3269 4977 3416 5032 hanc
3454 4994 3661 5036 coram
3691 4981 3832 5042 urbe,

545 5063 782 5134 .rophori
829 5063 1052 5118 domum
1085 5065 1297 5120 erroris
1341 5064 1450 5130 sui,
1496 5071 1554 5118 et
1603 5062 1929 5119 occiderunt
1970 5064 2141 5118 clavi-
2237 5089 2366 5130 cum
2412 5072 2750 5128 exercitibus
2810 5070 3096 5140 ingressus
3154 5078 3405 5123 armatus
3470 5081 3532 5126 εει
3589 5071 3836 5130 laudibus

548 5172 716 5228 geres
743 5171 975 5212 numero
998 5156 1086 5212 60.
1121 5156 1188 5211 Et
1217 5157 1476 5211 exierunt
1503 5156 1727 5226 quidam
1763 5157 1816 5210 in
1845 5155 2114 5211 Basrason

2239 5164 2617 5222 celeberrimis
2667 5164 3006 5228 dill‘antatus,
3053 5170 3109 5220 et
3145 5160 3556 5232 xylopanduris
3605 5163 3834 5220 constrio

553 5263 612 5309 et
660 5254 1078 5327 eaptivaverunt
1125 5253 1350 5318 multos,
1399 5261 1456 5308 et
1504 5253 1767 5324 pecunias
1811 5268 2135 5310 numerosas
2242 5268 2361 5314 ctos
2390 5256 2616 5313 trahens
2645 5255 2911 5327 Vulgares
2961 5263 3168 5324 captos,
3212 5267 3352 5322 quos
3401 5265 3571 5309 extra
3634 5265 3830 5326 portam

553 5356 935 5421 sumpserunt.
2245 5363 2469 5403 auream
2505 5345 2768 5403 decollari
2800 5345 3063 5416 praecepit
3087 5360 3117 5396 a
3147 5342 3379 5397 civibus.
3405 5343 3687 5400 Zeletzim
3719 5359 3831 5399 vero

545 5466 566 5472 ·-
628 5443 786 5500 Anno
821 5440 1040 5513 imperii
1078 5439 1427 5498 Constantini
1473 5440 1538 5495 21
1589 5440 1914 5496 seditionem
1948 5438 2139 5496 cunci-
2247 5441 2651 5497 tumultuantes
2688 5438 2948 5510 Vulgarcs
3002 5452 3108 5491 una
3160 5450 3284 5490 cum
3330 5436 3694 5506 principibus
3724 5438 3828 5506 ejus

558 5545 815 5592 taverunt
879 5535 1142 5593 Cassiotae
1207 5540 1403 5591 contra
1462 5532 1860 5603 Mani-ephoros
1911 5540 2140 5602 propter
2249 5533 2670 5597 interfecerunt,
2721 5541 2778 5586 et
2815 5531 3223 5586 constituerunt
3264 5526 3540 5581 Sabinum
3575 5541 3828 5600 generum

2065 5639 2302 5696 NOTAE.

564 5736 988 5863 PuﬁphTeénslic
1017 5737 1329 5794 Vaticanus.
1386 5735 1650 5793 Thuanus
1699 5748 1880 5791 autem
1923 5733 2036 5788 tibi.
2080 5730 2384 5804 Utrumque
2442 5739 2653 5789 rectum
2695 5737 2799 5786 est.
2844 5727 2980 5786 Vide
3025 5723 3371 5782 Priscianum
3403 5742 3531 5799 pag.
3583 5724 3716 5782 llSl
3742 5719 3829 5782 ed.
