3978 6212
280 213 425 315 .1331

1101 251 1467 314 HISTORIA
1502 251 2082 316 ECCLESIASTICA
2109 251 2215 311 EX
2249 251 2731 311 'l‘llBOl’IlAiVE.

3417 252 3555 316 i382

281 369 882 441 Comersii,quondam
925 369 1135 426 domini
1187 370 1297 426 sui.
1333 372 1435 439 Qui
1473 371 1733 428 videlicet
1759 370 1861 426 Sa-
1889 368 2071 432 Aalia
2117 383 2252 424 vero
2296 367 2536 438 ingentis
2580 367 2741 422 molis
2787 365 2855 421 ad
2916 381 3134 422 murum
3168 368 3360 424 collisa
3409 369 3559 424 hunc

279 467 445 523 binus
468 477 597 519 cum
636 477 762 516 mox
797 462 865 516 ad
894 463 1284 532 imperatorem
1314 463 1556 520 misisset
1579 473 1636 518 et
1667 478 1860 533 pacem

283 558 402 614 fieri
428 555 782 627 exquisisset,
831 566 1110 612 conventu
1136 556 1403 628 Vulgares
1448 556 1593 612 facto
1640 557 1862 613 restite-

284 656 415 704 runt
444 648 672 725 robuste
710 645 938 711 Sabino,
975 645 1226 702 dicentes
1249 647 1342 703 ei:
1380 647 1632 718 Vulgaria
1673 664 1767 718 per
1794 657 1863 712 te,

284 747 341 794 ut
367 739 652 804 cernimus,
682 738 948 807 redigetur
978 739 1033 793 in
1062 740 1367 808 servitutem
1381 737 1658 792 Romanis.
1679 738 1868 794 Facta-

280 846 391 900 que
420 829 706 884 simultate
729 827 871 900 l‘ugit
903 828 1142 884 Sabinus
1162 830 1218 883 in
1253 836 1496 884 castrum
1528 827 1869 884 Mesembria:

279 934 338 980 et
379 921 448 976 ad
498 921 888 990 imperatorem
919 935 978 974 se
1011 920 1264 976 contulit.
1322 920 1644 975 Statuerunt
1683 928 1868 975 autem

282 1015 548 1086 Volgares
574 1013 746 1068 alium
775 1012 882 1067 sibi
914 1012 1222 1077 dominum,
1247 1013 1524 1084 Paganum
1552 1013 1798 1069 nomine.

351 1107 514 1162 Anno
567 1105 786 1177 imperii
839 1103 1186 1161 Constantini
1237 1106 1308 1160 23
1364 1107 1669 1162 Romanam
1717 1106 1868 1162 Con-

281 1199 559 1254 stantinus
587 1195 792 1252 residet
822 1197 1032 1252 sedem.
1070 1197 1236 1252 Turci
1266 1213 1398 1254 vero
1429 1197 1636 1269 egressi
1673 1206 1805 1252 sunt
1835 1213 1868 1252 a

281 1290 496 1362 Caspiis
525 1289 724 1359 portis,
753 1297 810 1344 et
851 1289 1179 1344 occiderunt
1223 1289 1278 1344 in
1331 1290 1590 1347 Armenia
1643 1291 1866 1356 multos,

283 1390 342 1438 e‘t
394 1381 576 1452 praeda
625 1390 844 1451 sumpta
878 1397 988 1438 non
1036 1397 1208 1452 pauca
1237 1383 1442 1438 reversi
1467 1391 1614 1438 sunt.
1645 1381 1870 1439 Cosmus

283 1480 471 1528 autem
519 1471 744 1544 quidam
792 1472 1086 1542 episcopus
1113 1481 1232 1528 erat
1261 1472 1604 1542 Epiphania),
1635 1488 1758 1542 quae
1785 1481 1871 1529 est

284 1560 485 1615 civitas
513 1559 755 1630 Apamia:
779 1559 972 1631 Syriae.
1008 1561 1184 1617 Porro
1205 1561 1533 1632 quibusdam
1558 1577 1628 1618 es.
1653 1561 1870 1618 civibus

285 1652 604 1724 Epiphaniae
635 1651 704 1708 ad
754 1652 1108 1708 Theodorum
1150 1655 1520 1723 patriarcham
1570 1654 1870 1711 Antioche-

285 1760 418 1801 num
447 1743 854 1800 accusationem
882 1754 1075 1808 contra
1108 1745 1366 1802 eumdem
1407 1745 1661 1804 Cosmam
1704 1761 1872 1818 super

284 1835 658 1894 diminutione
703 1852 991 1893 sacrorum
1042 1853 1305 1894 vasorum
1361 1838 1710 1904 facientibus,
1746 1855 1873 1896 cum

285 1931 379 1988 ille
427 1929 654 1986 minime
697 1931 972 2000 potuisset
1020 1931 1136 1988 haec
1166 1933 1480 1998 restituere,
1511 1931 1765 1990 discessit
1803 1931 1873 1987 ab

284 2022 593 2078 orthodoxa
650 2023 756 2087 ﬁde
833 2033 888 2078 ct
937 2034 1340 2081 consentaneus
1397 2024 1760 2080 Constantino
1815 2024 1873 2080 in

287 2113 484 2169 haeresi
545 2115 716 2170 sacris
768 2115 1121 2172 adversarius
1168 2115 1500 2188 imaginibus
1539 2115 1716 2172 factus
1749 2127 1869 2182 est;

284 2221 453 2276 quem
492 2207 770 2262 communi
817 2208 1090 2268 sententia
1123 2208 1449 2265 Theodorus
1493 2208 1872 2266 Antiochenus

287 2297 600 2366 patriarcha
651 2307 707 2352 et
755 2297 1083 2354 Theodorus
1135 2298 1665 2370 Hierosolymitanus
1705 2308 1871 2369 atque

289 2386 520 2444 Cosmas
556 2389 959 2446 Alexandrinus
989 2405 1118 2444 cum
1167 2391 1443 2461 episcopis
1469 2391 1576 2447 sibi
1607 2391 1872 2460 subiectis

284 2477 379 2532 die
405 2485 604 2533 sanch
623 2477 1152 2550 Pentecostes,_post
1169 2481 1461 2538 lectionem
1491 2484 1668 2539 sancti
1686 2485 1869 2540 Evan-

281 2567 418 2640 gelii
441 2607 458 2632 ,
494 2579 862 2627 consonanter
905 2573 1512 2632 auathematizaverunt
1575 2577 1774 2648 singuli
1811 2579 1866 2631 in

284 2674 390 2715 sua
431 2660 674 2718 civitate.

361 2751 570 2808 Eodem
601 2769 821 2825 quoque
848 2770 995 2811 anno
1033 2771 1063 2810 a
1094 2756 1352 2814 Kalendis
1379 2756 1636 2816 Octobris
1664 2757 1867 2816 factum

281 2852 374 2900 est
412 2846 536 2915 gelu
591 2862 847 2920 magnum
881 2856 937 2904 et
985 2849 1413 2917 amarissimum,
1445 2867 1558 2908 non
1594 2853 1772 2908 solum
1810 2853 1868 2910 in

287 2944 441 2992 terra
491 2946 704 3002 nostra,
731 2954 923 2995 verum
951 2941 1115 2998 etiam
1148 2942 1204 2998 in
1230 2942 1474 3010 Oriente,
1502 2944 1674 3000 multo
1695 2945 1869 3016 magis

1966 475 2165 531 magno
2219 460 2458 534 impulsu
2499 459 2802 525 concussit,
2837 459 2976 515 adeo
3001 469 3062 513 ut
3087 460 3380 516 interiores
3418 477 3560 532 quo-

1964 569 2075 624 que
2105 552 2311 608 domus
2333 553 2448 609 salo
2481 553 3088 623 comparticiparentur.
3133 550 3305 606 Porro
3353 551 3413 606 in
3452 553 3558 608 tria

1966 643 2190 713 dirupta
2239 643 2411 698 cinxit
2447 644 2663 710 urbem,
2698 659 2727 699 a
2773 644 3058 715 Manganis
3098 642 3354 697 videlicet
3383 657 3558 712 usque
3598 706 3600 709 λ

1966 735 2035 791 ad
2069 737 2414 806 Bosphorum
2439 738 2632 808 ;cujus
2659 738 2893 792 altitudo
2920 751 3109 792 muros
3140 735 3400 791 excessit.
3424 732 3557 788 Om-
3597 717 3603 730 ’

1966 845 2068 884 nes
2111 839 2298 884 autem
2354 829 2512 884 urbis
2541 836 2650 883 tam
2691 829 2990 899 viriquam
3025 827 3266 890 feminae,
3308 825 3472 881 simul
3497 831 3556 879 et

1968 920 2146 990 pueri,
2177 919 2382 975 horum
2416 920 2613 974 visioni
2665 919 2864 976 dantes
2915 920 3293 975 indesinenter
3329 933 3556 988 operam

1969 1012 2417 1082 perseverabant,
2463 1019 2521 1067 et
2571 1025 2697 1066 cum
2745 1011 3002 1067 lamentis
3055 1027 3121 1067 ac
3152 1012 3410 1084 lacrymis
3460 1013 3558 1068 do-

1967 1120 2118 1160 mum
2172 1105 2618 1169 revertebantur,
2669 1103 2987 1175 ignorantes
3038 1106 3173 1176 quid
3223 1108 3291 1162 ad
3345 1109 3400 1164 id
3453 1109 3556 1165 lari

1967 1199 2296 1268 quivissent.
2335 1198 2606 1254 Caeterum
2639 1214 2786 1255 anno
2835 1201 3054 1266 eodem,
3100 1217 3291 1258 mense
3339 1204 3554 1267 Martio.

1969 1291 2140 1346 stella:
2178 1290 2245 1345 de
2290 1291 2431 1346 coelo
2469 1300 2698 1362 repente
2743 1291 3006 1347 cadentes
3049 1305 3443 1364 apparuerunt,
3484 1297 3559 1352 ita

1969 1389 2032 1436 ut
2055 1396 2246 1437 omnes
2276 1381 2367 1452 qui
2400 1381 2507 1436 hoc
2534 1382 2794 1437 viderunt
2824 1381 3077 1438 instantis
3101 1384 3284 1438 saeculi
3303 1399 3558 1440 consum-

1970 1472 2272 1530 mationem
2331 1487 2456 1527 esse
2501 1465 2783 1542 putarent.
2823 1472 3055 1529 Siccitas
3100 1490 3320 1545 quoque
3380 1478 3557 1531 multa

1970 1563 2168 1628 ell‘ecta
2218 1571 2322 1630 est,
2365 1562 2503 1620 adeo
2557 1573 2617 1620 ut
2671 1564 3085 1620 exsiccarentur
3133 1566 3298 1620 etiam
3355 1565 3554 1622 fontes.

1970 1657 2070 1712 Ast
2110 1657 2412 1726 imperator
2449 1658 2719 1714 accersito
2769 1657 3083 1728 patriarcha
3118 1658 3253 1712 dicit
3280 1658 3331 1712 ei
3359 1675 3372 1712 :
3397 1657 3558 1713 Modo

1975 1750 2093 1820 quis
2145 1766 2237 1802 nos
2263 1749 2440 1816 tradet,
2480 1752 2526 1804 si
2559 1752 2849 1804 dixerimus
2882 1751 3152 1804 theotocon
3175 1752 3561 1804 cltrietotocon.’

1971 1841 2166 1896 Atille
2201 1841 2348 1898 hunc
2387 1843 2732 1912 amplexatus
2772 1842 2873 1897 ait:
2913 1842 3183 1908 lliserere,
3226 1843 3453 1908 domine,
3496 1858 3563 1896 ne

1973 1930 2045 1984 ad
2081 1931 2454 2000 cogitationem
2481 1938 2630 1984 tuam
2659 1932 2836 1986 veniat
2878 1933 2976 1984 iste
3020 1947 3214 1985 sermo.
3252 1931 3441 1986 Nonne
3487 1933 3565 1985 ci-

1972 2023 2061 2077 des
2079 2022 2311 2102 qualiter
2350 2021 2650 2093 diuuigetur
2693 2031 2743 2076 et
2778 2023 3254 2076 auathematizetur
3289 2022 3562 2077 Nestorius

1974 2135 2008 2171 a
2056 2126 2169 2172 tota
2211 2116 2451 2172 Ecclesia
2476 2117 2502 2170 2
2543 2114 2644 2182 Qui
2698 2115 3039 2186 respondens
3073 2115 3182 2171 ait:
3223 2115 3337 2186 Ego
3365 2115 3562 2169 discere

1972 2209 2152 2265 volens
2195 2209 2539 2281 interrogavi.
2586 2207 2772 2263 Verum
2811 2223 2977 2278 usque
3029 2208 3100 2262 ad
3146 2216 3194 2260 te
3226 2223 3418 2261 sermo.

2041 2301 2230 2356 Mundi
2278 2315 2425 2356 anno
2479 2300 2640 2367 6246,
2696 2299 2899 2355 divinae
2953 2281 3350 2355 incarnationis
3414 2314 3561 2355 anno

1974 2391 2100 2455 746,
2149 2407 2300 2447 anno
2353 2405 2486 2446 vero
2539 2389 2755 2460 imperii
2807 2389 3155 2445 Constantini
3203 2389 3275 2445 ει
3306 2391 3564 2446 exierunt

1955 2482 2174 2542 iterum
2201 2482 2370 2538 Turci
2402 2481 2471 2536 ad
2508 2481 2734 2552 Caspias
2779 2491 2969 2550 portas
2995 2489 3052 2536 et
3085 2479 3401 2545 Hiberiam;
3433 2481 3561 2550 qui-

1971 2575 2077 2632 bus
2116 2589 2246 2629 cum
2275 2573 2548 2630 Avaribus
2585 2573 2794 2629 bellum
2833 2572 3160 2628 ineuntibus
3203 2587 3272 2627 ex
3312 2573 3562 2642 utrisque

1955 2670 2262 2740 perierunt
2304 2667 2485 2722 multi.
2519 2667 2758 2722 Abdelas
2814 2682 2948 2722 vero
2989 2666 3371 2734 hujuscemodi
3411 2667 3563 2721 calli-

1976 2760 2151 2816 ditate
2213 2760 2469 2829 deposuit
2525 2775 2556 2813 a
2610 2758 2924 2829 principatu
2989 2758 3434 2820 Hiserbinmuse,
3504 2757 3561 2812 in

1959 2867 2159 2922 quem,
2213 2860 2274 2905 ut
2307 2849 2566 2919 superius
2593 2847 2802 2903 dictum
2835 2857 2952 2913 est,
2986 2848 3150 2903 tertia
3181 2863 3302 2904 sors
3335 2846 3560 2903 tenendi

1971 2953 2098 3015 post
2133 2957 2262 2998 eum
2294 2941 2521 2996 cecidit.
2565 2939 2775 2996 Videas
2810 2939 2958 2994 enim
2989 2954 3116 2994 eum
3148 2939 3336 2993 dolore
3363 2938 3562 3008 capitis

284 3028 349 3082 in
388 3029 816 3099 septentrionali
851 3043 1024 3103 parte,
1061 3034 1137 3091 ita
1167 3042 1228 3092 ut
1258 3036 1484 3107 pelagus
1508 3036 1668 3092 Ponti
1694 3051 1868 3106 usque
1896 3052 1940 3110 ο
1972 3035 2345 3092 hemicranice
2385 3033 2728 3088 laborantem
2777 3039 2838 3088 et
2877 3031 3111 3088 seotomi
3158 3030 3560 3101 plenitudinem

283 3119 359 3178 ad
391 3128 618 3177 centum
669 3122 922 3180 milliaria
957 3142 1069 3197 pra:
1115 3128 1308 3199 glaciei
1349 3127 1533 3198 rigore
1574 3128 1631 3182 in
1669 3127 1869 3198 lapidis

283 3208 549 3268 duritiem
571 3209 739 3266 fuerit
761 3227 1000 3282 versum,
1027 3215 1243 3272 habens
1268 3216 1485 3274 cubitos
1516 3231 1548 3272 a
1577 3216 1870 3287 superﬁcie

288 3301 349 3356 in
384 3302 720 3372 profundum
751 3305 997 3376 triginta,
1030 3308 1248 3363 cunctis
1269 3309 1532 3364 nimirum
1553 3308 1871 3381 regionibus

282 3394 360 3451 ab
407 3395 524 3467 ipsa
560 3395 724 3468 Lycia
773 3414 950 3470 usque
989 3399 1058 3454 ad
1102 3401 1415 3457 Danubium
1441 3410 1503 3458 et
1525 3401 1731 3472 Cuphae
1769 3399 1872 3456 llu-

289 3488 463 3555 vium,
503 3489 752 3545 Danastri
802 3506 1022 3561 quoque
1051 3500 1217 3562 atque
1243 3493 1504 3565 Danapri,
1536 3503 1703 3566 atque
1758 3492 1871 3549 Ne-

286 3585 534 3658 cropyla,
590 3601 812 3642 necnon
858 3596 916 3642 et
961 3587 1202 3658 reliquas
1243 3588 1432 3658 ripas,
1483 3595 1540 3644 et
1587 3602 1761 3657 usque
1799 3585 1870 3642 ad

285 3676 677 3734 Mesembriam
718 3687 777 3736 et
816 3677 1049 3734 Mediam
1077 3679 1277 3735 similia
1299 3679 1656 3749 patientibus.
1701 3678 1872 3734 Cumv

287 3785 402 3840 que
423 3768 803 3842 hujuscemodi
825 3771 948 3840 gelu
975 3769 1102 3826 nive
1124 3769 1320 3826 fuisset
1339 3779 1682 3839 coopertum,
1705 3782 1872 3837 super

285 3863 432 3920 alios
482 3863 675 3934 viginti
739 3863 963 3921 cubitos
1009 3863 1202 3930 crevit,
1256 3862 1330 3916 ita
1379 3871 1438 3916 ut
1490 3876 1641 3916 mare
1703 3859 1873 3920 arida:

284 3953 753 4020 conformaretur,
790 3965 848 4011 et
879 3954 1113 4024 pedibus
1139 3953 1444 4010 calcaretur
1483 3952 1541 4008 in
1579 3951 1873 4022 superﬁcie

282 4045 490 4116 glaciei
512 4044 825 4102 aChazaria
854 4044 1206 4115 etangaria,
1233 4042 1367 4114 quin
1388 4051 1445 4098 et
1470 4041 1695 4112 reliquis
1719 4040 1872 4113 ωηατ

284 4137 552 4195 cantibus
588 4137 926 4203 nationibus,
961 4146 1070 4192 tam
1119 4137 1192 4192 ab
1238 4135 1560 4192 hominibus
1607 4151 1772 4206 quam
1802 4134 1873 4192 ab

285 4227 606 4297 agrestibus
634 4237 690 4284 et
723 4227 1109 4284 mansuefactis
1149 4226 1546 4285 animantibus.
1571 4225 1874 4282 Februario

292 4333 432 4374 vero
485 4335 674 4377 mense
719 4319 895 4391 ipsius
942 4319 1201 4376 secundat
1243 4318 1564 4376 indictionis
1617 4318 1876 4389 hujusce-

1976 3128 2279 3200 patientem
2325 3125 2625 3196 persuadet
2676 3124 2824 3195 quod
2873 3123 3153 3180 curandus
3199 3122 3364 3188 foret,
3393 3122 3443 3177 si
3493 3137 3563 3177 ex

1975 3221 2161 3290 aliqua
2208 3218 2556 3276 confectione
2589 3216 2861 3287 ptarmica
2895 3215 2953 3270 in
2977 3230 3143 3271 nares
3176 3214 3296 3285 ejus
3321 3213 3564 3268 insuma-

1975 3322 2132 3369 rctur
2158 3327 2190 3370 ιι
2245 3310 2463 3366 medico
2496 3324 2600 3364 suo
2639 3309 2790 3365 Mose
2816 3309 3058 3373 nomine,
3093 3308 3328 3364 diacono
3372 3306 3565 3362 Antio-

1973 3408 2280 3464 chenorum
2323 3404 2602 3471 Ecclesia,
2640 3421 2808 3476 quem
2856 3406 2966 3476 iam
2998 3404 3326 3461 muneribus
3356 3402 3565 3460 fecerat

1976 3501 2309 3556 acerrimum
2360 3498 2636 3555 coniicere
2697 3498 3063 3563 medicamen,
3109 3498 3261 3568 quod
3316 3497 3479 3553 simul
3509 3503 3566 3550 et

1976 3592 2316 3647 narcoticum
2348 3589 2494 3645 foret
2526 3589 2914 3656 vehementer;
2947 3590 3061 3658 qui,
3105 3590 3366 3645 videlicet
3409 3589 3567 3652 ilise,

1975 3696 2104 3738 cum
2141 3680 2420 3751 paruisset
2464 3671 3138 3749 Abdelae;suscepit'pcr’
3167 3695 3327 3734 nares
3368 3677 3563 3733 confe-

1977 3775 2238 3839 ctionem,
2267 3781 2324 3828 et
2350 3771 2595 3841 repletus
2627 3770 2683 3825 in
2725 3770 2986 3828 omnibus
3017 3770 3163 3826 circa
3192 3778 3373 3840 caput,
3425 3785 3568 3824 cun-

1977 3869 2192 3938 ctisque
2245 3865 2506 3928 sensibus
2554 3879 2664 3919 una
2697 3879 2823 3919 cum
2873 3862 3246 3935 hegemonicis
3289 3861 3574 3932 operatio-

1977 3957 2145 4013 nibus
2171 3955 2550 4021 defraudatus,
2572 3953 2692 4008 sine
2727 3968 2865 4010 voce
2909 3969 3077 4024 porro
3098 3953 3337 4024 iacebat.
3385 3952 3568 4007 Advo-

1979 4048 2119 4105 catis
2161 4048 2348 4117 itaque
2375 4044 2623 4101 Abdelas.
2650 4043 2886 4100 ducibus
2903 4058 2975 4099 ac
2996 4042 3340 4114 primoribus
3357 4042 3568 4113 gentis,

1981 4137 2120 4205 Quid
2159 4132 2321 4202 vobis,
2359 4135 2557 4206 inquit,
2583 4136 2790 4191 videtur
2813 4140 2978 4205 super
2998 4134 3176 4205 futuro
3211 4149 3332 4203 rege
3355 4140 3523 4187 oestro
3543 4131 3570 4184 2

1973 4235 2052 4288 Δι
2101 4231 2180 4287 illi
2221 4229 2574 4286 concorditer
2606 4229 2880 4299 abnegato
2910 4242 2978 4283 eo
3004 4227 3269 4283 dexteras
3294 4225 3569 4281 dederunt

1981 4323 2097 4381 lilio
2125 4325 2245 4396 ejus
2269 4321 2495 4378 Abdela:
2534 4320 2849 4384 Muhamed,
2873 4320 2968 4391 qui
2994 4326 3348 4389 nuncupatur
3389 4312 3529 4371 Madi
3546 4333 3572 4384 ;.

291 4409 446 4464 modi
477 4409 601 4480 gelu
631 4426 731 4480 per
762 4411 1033 4466 visionem
1061 4409 1159 4466 Dei
1195 4409 1252 4464 in
1282 4410 1486 4465 multas
1515 4425 1582 4466 ac
1628 4409 1874 4466 diversas
1899 4407 1953 4468 1)
1981 4432 2149 4487 porro
2191 4414 2326 4472 Rise
2369 4414 2579 4485 absque
2628 4428 2794 4470 sensu
2838 4411 3066 4466 domum
3121 4415 3566 4480 reportaverunt.

291 4503 354 4558 in
416 4503 652 4572 speciem
701 4505 975 4558 montium
1045 4507 1218 4558 factas
1283 4501 1629 4560 concisiones
1674 4501 1875 4568 diviso,

290 4605 413 4662 pra:
453 4591 505 4646 vi
549 4599 840 4646 ventorum
883 4591 941 4646 in
985 4591 1358 4662 Daphnusiam
1415 4599 1472 4648 et
1514 4591 1720 4648 Hieron
1778 4591 1878 4646 de-

281 4681 646 4747 scendentes,
670 4683 854 4738 taliter
871 4698 970 4754 per
997 4691 1290 4754 angustum
1305 4690 1577 4740 venerunt
1597 4682 1664 4738 ad
1687 4683 1880 4738 urbem

286 4782 350 4830 et
409 4787 578 4844 usque
621 4774 690 4828 ad
723 4775 1117 4845 Propontidem
1151 4784 1208 4831 et
1255 4775 1464 4831 insulas
1504 4783 1561 4832 et
1606 4774 1878 4847 Abydum,

286 4878 493 4920 omnes
525 4865 832 4922 maritimos
860 4875 1012 4923 toros
1039 4882 1105 4923 ac
1126 4868 1273 4938 ripas
1306 4867 1583 4938 replentes
1606 4883 1626 4934 °,
1649 4882 1881 4938 quarum

286 4953 558 5010 videlicet
588 4957 966 5012 concisionum
996 4958 1338 5029 inspectores
1368 4969 1427 5016 et
1458 4973 1562 5014 nos
1590 4959 1696 5029 ipsi
1718 4959 1885 5014 exsti-

287 5048 498 5115 tintus,
521 5047 923 5106 descendentes
948 5067 1129 5122 tsuper
1165 5065 1330 5108 unam
1370 5065 1562 5106 earum
1607 5065 1734 5106 cum
1761 5051 1884 5121 qui-

283 5137 535 5196 busdam
576 5141 802 5212 triginta
849 5143 1142 5198 coaetaneis
1181 5143 1412 5209 nostris,
1443 5152 1500 5198 et
1538 5158 1706 5214 super
1736 5143 1883 5198 illam

273 5233 566 5306 jocantes.
600 5232 845 5289 Habebat
883 5243 1068 5290 autem
1099 5243 1155 5289 et
1180 5234 1435 5290 animalia
1461 5234 1790 5306 campestria
1829 5242 1886 5291 et

281 5334 586 5382 mansueta
633 5336 848 5382 mortua
876 5346 892 5380 :
923 5327 1105 5382 omnis
1139 5328 1308 5394 enim,
1348 5329 1664 5398 quicunque
1698 5328 1883 5395 vellet,

282 5438 324 5476 ει
373 5421 674 5490 Sophianis
702 5438 877 5492 usque
909 5422 976 5478 ad
1001 5423 1196 5478 urbem
1227 5433 1281 5480 ct
1310 5439 1339 5477 a
1360 5423 1682 5494 Chrysopoli
1713 5437 1887 5493 usque

281 5512 368 5570 ad
423 5511 480 5571 Si.
521 5514 752 5570 Mamam
792 5524 850 5570 et
886 5515 954 5570 ad
1003 5531 1074 5570 ea
1115 5529 1238 5584 qua:
1288 5516 1551 5571 dicuntur
1579 5514 1753 5570 Galati
1787 5530 1887 5584 per

286 5601 512 5658 aridam
546 5605 666 5659 sine
704 5605 1082 5674 prohibitione
1114 5605 1401 5675 pergebat.
1430 5605 1497 5660 Et
1529 5620 1637 5659 una
1661 5604 1884 5675 quidem

287 5712 366 5751 ex
399 5695 482 5751 eis
506 5696 574 5752 ad
597 5699 932 5768 Acropoleos
951 5698 1151 5755 scalam
1182 5697 1404 5770 dirupta
1434 5698 1698 5754 contrivit
1725 5713 1885 5754 eam:

1983 4505 2146 4562 Hunc
2203 4513 2388 4562 autem
2433 4513 2559 4576 post
2612 4503 2836 4560 tertium
2884 4501 3031 4557 diem
3093 4499 3566 4554 convalescentem

1979 4598 2433 4660 excusationibus
2459 4597 2603 4654 lictis
2638 4595 3048 4659 consolabatur,
3080 4603 3304 4648 centum
3336 4591 3456 4648 auri
3485 4601 3571 4646 ta-

1980 4691 2149 4746 lentis
2183 4690 2442 4762 iniuriam
2488 4703 2932 4758 recompensans.

1981 4829 1984 4832 .
2055 4783 2264 4839 Eodem
2295 4784 2462 4840 etiam
2493 4796 2639 4836 anno
2665 4780 2817 4836 misit
2845 4781 3114 4851 Paganus,
3147 4777 3406 4833 dominus
3430 4777 3568 4833 Vul-

1981 4875 2182 4945 gariae,
2251 4875 2319 4930 ad
2375 4873 2805 4943 imperatorem,
2859 4871 3147 4942 postulans
3204 4876 3266 4925 ut
3324 4884 3449 4926 cum
3499 4883 3575 4924 eo

1983 4967 2138 5024 facie.
2183 4965 2254 5021 ad
2316 4964 2514 5021 faciem
2575 4963 2927 5035 iungeretur,
2994 4970 3052 5017 et
3108 4968 3336 5032 accepto
3394 4959 3579 5014 verbo

1985 5057 2274 5116 descendit
2321 5056 2391 5112 ad
2440 5071 2565 5112 eum
2622 5069 2750 5111 cum
2805 5054 3088 5110 Bohiladis
3135 5054 3272 5110 suis.
3322 5051 3578 5120 Cumque

1987 5150 2289 5220 imperator
2343 5163 2455 5203 una
2499 5162 2625 5202 cum
2671 5146 2888 5202 Sabino
2919 5147 3159 5212 sederet,
3201 5144 3445 5213 suscepit
3473 5155 3580 5196 eos

1986 5247 2046 5298 et
2089 5238 2443 5311 exprobravit
2495 5237 2964 5295 inordinationem
3018 5251 3212 5292 eorum
3266 5243 3324 5288 et
3380 5232 3577 5287 odium

1988 5333 2237 5390 habitum
2296 5332 2348 5386 in
2419 5330 2721 5398 Sabinum,
2796 5331 3158 5400 feceruntque
3227 5340 3448 5396 pacem,
3509 5333 3582 5380 ut

1988 5426 2312 5497 putabatur.
2360 5423 2458 5479 Ast
2509 5423 2816 5494 imperator
2861 5423 3087 5477 mittens
3145 5419 3286 5474 clam
3336 5417 3392 5472 in
3435 5416 3572 5474 Vul-

1987 5516 2199 5587 gariam
2246 5513 2392 5583 cepit
2437 5511 2703 5568 Severum
2752 5513 3056 5584 principem
3103 5509 3441 5574 Sclavinum,
3475 5505 3580 5579 qui

1991 5606 2162 5660 multa
2201 5605 2257 5660 in
2307 5605 2518 5663 Thrace
2562 5605 2770 5662 fecerat
2812 5603 2972 5658 mala.
3005 5601 3453 5673 Comprehensus
3475 5616 3580 5656 au-

1995 5709 2102 5755 tem
2154 5707 2239 5754 est
2287 5707 2343 5755 et
2390 5698 2760 5766 Christianus,
2814 5697 2915 5768 qui
2955 5713 3024 5752 ex
3067 5695 3402 5753 Christianis
3454 5710 3580 5750 ma»
