3960 6228
438 293 579 357 I383

1549 282 1949 350 ANASTASII
1984 282 2613 348 BIBLIOTHECARII

3580 287 3725 353 1394

439 405 646 476 garites
689 410 744 459 et
792 402 1005 474 primus
1059 416 1436 457 scamarorum
1488 402 1623 473 (82)
1654 403 1888 459 effectus
1927 410 2035 467 est,
2064 406 2111 461 A
2137 404 2617 475 llippodromium,
2648 402 2825 475 sputis
2862 413 2919 460 et
2946 402 3180 475 'injuriis
3214 402 3284 459 ab
3318 404 3470 459 omni
3512 410 3728 476 populo

434 514 602 567 quem
640 496 786 566 apud
836 495 893 549 S.
941 494 1209 550 Thomam
1253 494 1509 550 manibus
1550 504 1609 549 et
1646 494 1881 567 pedibus
1924 492 2025 549 de-

438 598 762 644 truncantes
810 587 1161 642 adduxerunt
1204 586 1469 654 medicos,
1507 587 1602 657 qui
1649 588 1798 643 hunc
1835 587 2024 641 vivum

438 679 752 734 inciderent
784 694 816 733 a
857 679 1085 735 thorace
1126 679 1272 748 pube
1321 688 1483 734 tenus
1518 677 1587 733 ad
1638 678 1881 733 hominis
1926 693 2027 733 co-

436 771 808 842 gnoscendam
852 771 1185 841 positionem
1236 779 1401 841 atque
1447 780 1807 837 structuram,
1855 780 1911 826 et
1946 772 2027 827 sic

433 877 565 917 eum
616 860 971 917 tradiderunt
1031 863 1167 933 igni.
1216 863 1478 918 Actutum
1530 872 1795 933 praeterea
1850 863 2026 933 impe-

438 962 592 1008 rator
641 954 832 1009 exiens
882 953 953 1009 ab
997 955 1172 1021 urbe,
1220 970 1347 1009 cum
1399 955 1519 1010 sine
1567 955 1817 1010 custodia
1870 955 2029 1011 inve-

438 1046 614 1102 nisset
662 1048 735 1101 ob
780 1047 1391 1117 deceptoriamflpacem
1451 1048 1763 1111 clausuras,
1814 1048 2028 1119 ingres-

438 1155 536 1194 sus
595 1147 682 1195 est
744 1139 1059 1210 Vulgariam
1109 1155 1285 1209 usque
1340 1139 1407 1193 ad
1464 1139 1692 1205 Tzicas,
1745 1134 1804 1195 et
1859 1141 2029 1195 misso

442 1231 569 1299 igne
618 1230 679 1285 in
728 1231 989 1285 cohortes
1048 1246 1187 1300 quas
1245 1231 1474 1301 reperit,
1527 1246 1655 1286 cum
1705 1231 1903 1288 timore
1945 1247 2033 1288 re-

441 1337 636 1377 versus
663 1330 771 1385 est,
804 1338 930 1377 cum
958 1323 1097 1376 nihil
1126 1323 1268 1378 forte
1308 1332 1598 1393 patrasset.

511 1414 671 1468 Anno
726 1414 948 1485 imperii
989 1414 1075 1469 sui
1120 1414 1213 1479 95,
1256 1414 1326 1468 l2
1372 1415 1642 1472 Kalendas
1684 1416 2033 1472 Decembrias

445 1504 771 1561 indictionis
829 1515 1068 1576 quartae,
1136 1505 1349 1571 furens,
1401 1506 1604 1577 impius
1658 1517 1717 1564 et
1767 1509 2033 1565 scelestus

444 1598 746 1667 imperator
796 1598 1063 1653 adversus
1116 1612 1311 1654 omnes
1352 1598 1610 1655 timentes
1662 1601 1856 1669 Deum,
1914 1602 2036 1658 Ste-

2123 498 2454 551 cumulatos.
2504 495 2771 551 Similiter
2812 502 2868 548 et
2908 502 3104 549 octavo
3151 494 3422 550 Kalendas
3464 494 3732 566 Septem~

2124 589 2277 645 brias
2311 589 2463 644 ducti
2497 596 2628 644 sunt
2660 590 2726 643 ad
2768 588 2930 642 ludos
2966 586 3256 643 Circenses
3291 588 3538 659 insignes
3562 591 3730 660 prin—

2124 680 2278 751 cipes
2305 681 2494 736 decem
2522 689 2579 736 et
2616 693 2841 744 novem,
2874 686 2931 733 et
2960 679 3202 749 pompati
3231 688 3364 735 sunt
3390 682 3550 750 quasi
3579 682 3731 736 mala

2127 781 2319 828 contra
2370 773 2757 842 imperatorem
2799 769 3073 825 consiliati
3116 769 3356 834 fuerint.
3406 786 3518 826 non
3560 788 3732 827 vera-

2126 865 2268 920 citer
2313 864 2590 929 accusati,
2640 864 2736 919 sed
2787 863 2919 933 quia
2970 861 3253 917 invidebat
3309 862 3392 917 eis
3450 878 3517 918 eo
3569 866 3725 934 quod

2126 966 2313 1012 essent
2359 956 2585 1011 formosi
2632 966 2797 1025 atque
2844 954 3059 1008 robusti
3102 962 3157 1007 et
3194 953 3266 1006 ab
3304 953 3567 1008 omnibus
3608 954 3729 1011 col-

2130 1050 2377 1115 laudati,
2427 1049 2757 1120 quibusdam
2789 1062 2922 1102 vero
2952 1061 3021 1100 ex
3052 1046 3135 1101 eis
3177 1055 3235 1100 et
3264 1044 3336 1099 ob
3369 1046 3723 1116 religionem,

2129 1156 2198 1196 eo
2238 1140 2385 1210 quod
2434 1140 2501 1194 ad
2549 1138 2873 1209 praedictum
2926 1135 3237 1190 inclauSum
3285 1135 3455 1189 issent
3492 1147 3551 1190 et
3599 1151 3727 1205 pas—

2130 1235 2315 1289 siones
2340 1233 2459 1304 ejus
2479 1233 2700 1302 publice
2735 1230 3114 1301 divulgarent;
3152 1242 3292 1297 quos
3323 1233 3381 1280 et
3410 1226 3720 1283 interfecit.

2129 1325 2376 1393 Quorum
2423 1324 2689 1395 praecipui
2738 1330 2868 1377 sunt
2909 1318 3307 1377 Constantinus
3353 1319 3629 1388 patricius
3667 1332 3721 1375 et

2132 1416 2341 1471 dudum
2368 1416 2648 1486 logotheta
2675 1427 2893 1476 cursus,
2931 1411 3023 1467 cui
3067 1425 3270 1464 nomen
3302 1409 3571 1480 imposuit
3618 1410 3721 1465 Po-

2132 1508 2506 1579 dopagurum,
2554 1517 2611 1562 et
2652 1506 2821 1576 hujus
2859 1504 3032 1558 frater
3075 1501 3355 1572 Stategius
3403 1503 3721 1572 spatharius

2132 1607 2191 1654 et
2234 1598 2571 1655 domesticus
2616 1596 3037 1660 excubitorum,
3085 1592 3390 1649 Antiochus
3439 1594 3718 1662 logotheta

442 1687 692 1756 phanum
755 1702 958 1742 novum
1009 1697 1471 1761 protomartyrem
1523 1690 1769 1746 abstrahi
1830 1707 2035 1762 przece-
2064 1758 2093 1762 _
2135 1690 2311 1745 dromi
2354 1688 2535 1745 factus
2571 1698 2628 1745 et
2675 1698 2880 1759 praetor
2921 1686 3152 1749 Siciliae,
3191 1684 3363 1740 David
3404 1684 3719 1754 spatharius

442 1778 546 1846 pit,
597 1792 725 1833 cum
768 1787 917 1833 esset
959 1777 1239 1834 inclausus
1293 1758 1439 1849 apud
1485 1778 1542 1834 S.
1593 1758 1929 1835 Auxentium
1973 1781 2030 1836 in
2064 1758 2190 1837 Bet
2241 1796 2426 1837 comes
2473 1758 2776 1851 Obsequii,
2830 1778 3281 1849 Theophylactus
3332 1775 3722 1846 protOSpatha-

441 1868 697 1939 proximo
757 1878 943 1924 monte
1004 1870 1300 1942 Damatry;
1348 1886 1514 1940 quem
1557 1871 1648 1937 hi,
1700 1871 1797 1943 qui
1841 1871 2031 1928 erudi-

445 1960 613 2015 tionis
667 1960 790 2030 ejus
846 1960 1088 2014 fructum
1147 1960 1532 2032 percipiebant
1580 1971 1637 2018 et
1695 1964 1862 2019 unius
1904 1979 2031 2019 cum

442 2064 514 2104 eo
553 2065 624 2105 ac
669 2049 873 2104 similis
913 2058 1076 2105 erant
1126 2065 1343 2119 sensus,
1397 2053 1657 2108 scholarii
1704 2069 1926 2129 quoque
1968 2070 2035 2111 ac

442 2140 678 2211 reliquis
717 2141 1009 2196 ordinibus
1038 2140 1286 2211 deputati
1320 2144 1677 2215 accipientes,
1727 2145 2034 2217 pedemque

445 2232 620 2302 ipsius
660 2231 901 2287 rudente
945 2233 1204 2302 ligantes,
1247 2243 1534 2289 traxerunt
1580 2252 1613 2291 a
1651 2238 1908 2307 praetorio
1941 2253 2035 2293 us-

442 2339 555 2393 que
596 2324 664 2379 ad
699 2339 766 2378 ea
808 2340 933 2395 quae
967 2336 1098 2382 sunt
1144 2326 1371 2397 Pelagii,
1417 2327 1513 2382 ubi
1559 2336 1618 2382 et
1660 2328 2036 2399 discerpentes

441 2429 575 2469 eum
628 2417 985 2486 projecerunt
1045 2418 1392 2474 venerabiles
1456 2418 1605 2475 illius
1661 2421 1924 2491 reliquias
1979 2421 2037 2476 in

446 2507 901 2563 Biothanatorum
959 2509 1179 2576 lacum,
1246 2525 1314 2565 eo
1359 2511 1509 2582 quod
1562 2513 1765 2568 multos
1808 2522 2039 2569 monue-

447 2599 523 2654 rit
580 2608 639 2655 et
694 2600 987 2655 adduxerit
1048 2602 1119 2656 ad
1183 2604 1543 2658 monasticam
1604 2606 1803 2670 vitam,
1872 2614 2038 2675 atque

445 2696 806 2743 contemnere
850 2689 1028 2759 regias
1064 2689 1371 2760 dignitates
1402 2699 1569 2761 atque
1612 2692 1875 2761 pecunias
1911 2708 2039 2762 per-

442 2780 736 2835 suaserit:
790 2781 1131 2837 reverendus
1194 2783 1401 2853 quippe
1464 2783 1550 2837 vir
1608 2784 1869 2839 omnibus
1919 2792 2039 2839 erat

445 2890 550 2944 pro
590 2890 661 2929 eo
691 2875 839 2945 quod
878 2874 997 2931 fere
1039 2876 1322 2947 sexaginta
1353 2876 1549 2931 fecerit
1586 2892 1761 2931 annos
1796 2877 1852 2932 in
1881 2877 2038 2933 clau-

445 2966 579 3021 stris
629 2974 689 3021 et
738 2966 1037 3022 virtutibus
1091 2966 1280 3022 multis
1337 2966 1632 3023 effulserit.
1691 2968 1891 3024 Multos
1938 2984 2038 3024 au-

444 3065 560 3112 tem
604 3057 884 3129 principes
926 3074 995 3117 ac
1033 3059 1236 3115 milites
1290 3068 1596 3126 accusatos,
1646 3060 1795 3130 quod
1842 3061 2031 3132 imagi-

445 3166 547 3206 nes
576 3150 895 3217 adorarent,
936 3151 1171 3207 diversis
1213 3153 1392 3221 poenis
1423 3162 1482 3207 et
1515 3153 1880 3208 amarissimis
1908 3168 2033 3208 ver-

449 3242 681 3297 beribus
719 3242 984 3308 tradidit;
1027 3244 1413 3313 jusjurandum
1463 3244 1630 3298 etiam
1670 3244 1926 3315 generale
1965 3244 2035 3299 ab

449 3334 714 3391 omnibus
760 3334 866 3389 sub
914 3334 1148 3404 imperio
1194 3348 1296 3389 suo
1349 3334 1676 3404 degentibus
1722 3336 1925 3405 exegit,
1965 3351 2035 3390 ne

446 3426 747 3497 quisquam
780 3426 1042 3482 adoraret
1087 3427 1325 3483 iconam.
1376 3428 1513 3483 Cum
1550 3428 1755 3499 quibus
1796 3439 1854 3485 et
1888 3429 2035 3486 Con-

448 3517 755 3572 stantinum
809 3519 930 3573 falsi
982 3519 1224 3575 nominis
1277 3521 1643 3590 patriarcham
1697 3538 1868 3592 super
1920 3539 2037 3577 am-

450 3608 654 3664 bonem
704 3609 1013 3665 ascendere
1067 3620 1125 3666 et
1178 3612 1423 3667 exaltare
1478 3613 1720 3683 pretiosa
1779 3615 1927 3686 ligna
1982 3626 2039 3670 et

446 3699 641 3769 jurare
677 3698 832 3764 fecit,
868 3700 1032 3770 'quod
1068 3716 1183 3756 non
1220 3710 1372 3757 esset
1410 3717 1481 3757 ex
1512 3703 1599 3759 eis
1638 3705 1732 3775 qui
1774 3706 2038 3777 imagines

447 3792 793 3859 adorarent;
846 3794 937 3848 cui
1005 3809 1134 3849 mox
1184 3794 1462 3865 persuasit
1520 3804 1584 3852 ut
1645 3812 1715 3852 ex
1765 3799 2038 3853 monacho

456 3884 813 3955 Stephanites
859 3885 1203 3952 efﬁceretur,
1262 3895 1319 3942 et
1364 3887 1628 3943 carnibus
1697 3901 2035 3955 vesceretur,

454 3986 622 4046 atque
672 3978 1009 4035 citharuedos
1052 3978 1124 4035 ad
1169 3994 1416 4036 mensam
1446 3978 1664 4037 admitti
1705 3982 1911 4053 regiam
1943 3996 2038 4052 pa-

452 4078 687 4126 teretur.
763 4071 873 4127 Sed
931 4087 1044 4127 non
1100 4072 1163 4127 in
1225 4072 1451 4145 longum
1517 4073 1654 4129 ultio
1706 4074 2039 4131 homicidam

454 4161 606 4217 hunc
644 4162 876 4218 tradidit
923 4163 1119 4235 prauis.
1170 4164 1420 4234 Denique
1466 4164 1796 4223 duodecimo
1843 4167 2042 4223 Kalen-

452 4254 555 4308 das
599 4254 929 4310 Februarias
972 4265 1183 4326 quartte
1226 4257 1544 4319 indictionis
1575 4270 1758 4317 motus
1787 4270 1873 4318 est
1902 4277 2039 4318 con-

454 4356 539 4403 tra
568 4348 855 4419 Volgares,
887 4359 945 4406 et
987 4349 1191 4404 direxit
1235 4351 1307 4406 ad
1346 4352 1593 4409 Achelon
1637 4354 1781 4409 2600
1819 4356 2042 4412 chelan-

2132 1875 2252 1930 rius
2298 1884 2355 1931 et
2400 1884 2604 1947 praetor
2657 1872 2933 1937 Thraciae,
2986 1869 3434 1939 phristophorus
3494 1868 3726 1938 spatha-

2134 1968 2285 2032 rius,
2326 1965 2724 2022 Constantinus
2767 1963 3084 2034 spatharius
3118 1969 3174 2016 et
3215 1960 3425 2031 primus
3460 1960 3727 2029 imperia-

2132 2055 2265 2110 lium
2301 2063 2623 2116 stratorum,
2656 2052 2804 2107 ﬁlius
2834 2050 3058 2121 patricii
3098 2049 3387 2111 Bardanis,
3424 2048 3728 2119 Theophy-

2133 2146 2311 2203 lactus
2328 2145 2673 2208 candidatus,
2693 2152 2751 2200 et
2770 2143 2884 2198 alii.
2914 2142 3066 2209 Quos
3093 2157 3217 2196 cum
3251 2142 3306 2195 in
3336 2140 3720 2210 Hippodromii

2134 2241 2297 2295 ludos
2336 2240 2513 2311 palam
2543 2238 2758 2293 traduci
2786 2246 2844 2292 et
2884 2236 2955 2291 ab
2978 2234 3131 2290 omni
3172 2234 3379 2305 p0pulo
3404 2234 3638 2303 conspui
3665 2243 3721 2289 et

2134 2332 2389 2387 maledici
2434 2330 2683 2396 fecisset,
2732 2327 3069 2385 sententiam
3118 2325 3291 2382 dedit.
3332 2326 3401 2381 Et
3443 2326 3572 2380 illos
3603 2324 3722 2395 qui-

2133 2426 2259 2481 dem
2290 2426 2431 2481 duos
2474 2424 2711 2487 fratres,
2740 2420 3169 2478 Constantinum
3207 2420 3295 2474 aio
3325 2430 3497 2488 atque
3548 2417 3725 2472 State-

2134 2519 2309 2590 gium,
2334 2518 2481 2571 intra
2511 2514 2819 2570 venationis
2846 2520 3002 2583 septa
3032 2511 3231 2581 capitis
3245 2508 3727 2564 animadversione

2135 2610 2388 2680 punivit,
2444 2610 2619 2664 multo
2668 2623 2838 2677 super
2881 2621 2979 2661 eos
3025 2604 3172 2660 facto
3218 2603 3493 2659 universae
3549 2600 3730 2673 plebis

2134 2699 2397 2763 lamento,
2435 2698 2574 2753 adeo
2599 2706 2661 2751 ut
2683 2711 2809 2751 cum
2835 2696 2941 2751 hoc
2970 2693 3247 2749 didicisset
3276 2692 3617 2757 imperator,
3648 2692 3707 2746 in

2134 2792 2456 2864 dignaretur
2494 2800 2551 2846 et
2594 2789 2914 2861 praefectum
2963 2784 3285 2855 ProcOpium
3344 2781 3601 2837 caederet
3680 2791 3735 2838 et

2133 2886 2204 2942 ab
2267 2882 2745 2940 administratione
2811 2880 3108 2950 depelleret
3160 2885 3426 2946 tanquam
3482 2875 3545 2930 id
3609 2875 3729 2930 ﬁeri

2134 2976 2566 3048 permittentem.
2597 2972 2839 3029 Caeteros
2870 2980 3052 3025 autem
3096 2983 3291 3025 omnes
3328 2968 3513 3023 oculis
3546 2969 3732 3040 priva-

2136 3078 2223 3125 tos
2264 3070 2321 3124 in
2360 3068 2615 3124 exsilium
2663 3064 2994 3129 destinavit,
3042 3077 3185 3131 quos
3228 3070 3286 3116 et
3329 3076 3428 3131 per
3478 3062 3731 3132 singulos

2138 3162 2397 3227 mittens,
2444 3172 2569 3214 cum
2616 3164 2765 3212 esset
2812 3156 2967 3211 omni
3007 3153 3335 3209 crudelitate
3383 3152 3613 3223 plenus,
3659 3153 3731 3207 ad

2134 3254 2255 3309 loca
2297 3253 2355 3306 in
2396 3250 2599 3321 quibus
2623 3248 2927 3320 degebant,
2959 3244 3209 3302 centenis
3241 3243 3419 3314 ﬂagris
3454 3244 3735 3312 vapulare

2130 3344 2380 3417 jubebat.

2241 3434 2413 3489 Porro
2460 3432 2629 3487 tertio
2699 3428 2965 3488 kalendas
3037 3425 3402 3500 Septembrias
3460 3424 3736 3496 ejusdem

2135 3536 2347 3599 quartae
2390 3524 2714 3582 indictionis
2747 3523 3030 3579 insaniens
3063 3522 3211 3578 idem
3265 3519 3569 3574 malivocus
3625 3517 3744 3573 ad-

2134 3634 2333 3675 versus
2391 3616 2740 3689 aquivocum
2797 3614 2914 3685 (83)
2961 3629 3127 3669 suum
3186 3621 3243 3668 et
3289 3619 3741 3666 consentaneum

2135 3707 2532 3778 patriarcham,
2556 3714 2613 3761 et
2632 3705 2876 3759 inventis
2899 3703 3233 3773 quibusdam
3263 3700 3488 3757 clericis
3518 3708 3579 3755 et
3613 3716 3737 3754 mo-

2137 3798 2332 3854 nachis
2353 3797 2617 3853 instruxit
2644 3796 2770 3853 illos
2794 3806 2858 3852 ut
2879 3795 3131 3850 dicerent
3165 3810 3182 3847 :
3217 3794 3541 3848 Audiuimus
3564 3794 3743 3862 patri-

2138 3893 2358 3946 archam
2377 3904 2498 3944 cum
2530 3886 2888 3959 Podopaguro
2927 3888 3179 3941 adversus
3222 3886 3613 3955 imperatorem
3664 3883 3743 3935 ιο-

2137 3989 2401 4051 quentem,
2424 3987 2484 4037 et
2498 3979 2759 4034 misiteos
2785 3977 2855 4033 ad
2885 3976 3304 4047 patriarchium,
3340 3984 3403 4029 ut
3425 3984 3742 4046 arguerent

2138 4087 2289 4128 eum.
2324 4072 2576 4143 Cumque
2605 4071 2700 4126 ille
2725 4079 2973 4141 negaret,
3007 4067 3140 4124 fecit
3186 4067 3310 4123 illos
3356 4066 3428 4121 ad
3486 4066 3743 4136 pretiosa

2140 4164 2286 4237 ligna
2307 4165 2495 4236 iurare
2530 4162 2766 4217 fatentes
2801 4178 2817 4215 :
2856 4162 2897 4216 Α
2942 4161 3253 4232 patriarcha
3284 4158 3580 4213 maledicta
3623 4163 3743 4212 lucc

2149 4258 2472 4314 audivimus.
2506 4255 2658 4311 Inter
2686 4254 2805 4309 haec
2830 4268 2963 4325 ergo
2997 4254 3169 4317 misit,
3199 4262 3257 4308 et
3301 4251 3453 4306 bulla
3493 4250 3751 4322 signavit

2141 4350 2563 4424 patriarchium,
2596 4357 2654 4404 et
2682 4348 2833 4403 hunc
2861 4346 3060 4402 exsilio
3102 4345 3368 4417 relegavit
3392 4344 3547 4414 apud
3602 4343 3750 4399 Ηίθ-

454 4440 547 4495 dia
597 4451 962 4508 construens,
1026 4456 1092 4498 ea
1145 4450 1203 4498 et
1261 4457 1486 4500 armans
1535 4461 1605 4501 ex
1644 4447 1860 4504 cunctis
1913 4448 2039 4504 the-
2069 4466 2115 4525 ι)
2144 4443 2305 4504 riam.
2342 4449 2399 4495 et
2432 4454 2627 4495 rursus
2658 4437 2804 4508 apud
2834 4436 3148 4506 PrilICiPem
3178 4429 3393 4489 ὶηδιιιῖε·

456 4534 741 4601 matibus;
792 4550 917 4605 qua:
962 4549 1088 4590 cum
1129 4534 1188 4591 in
1230 4538 1366 4593 toris
1402 4537 1533 4610 (82‘)
1561 4541 1854 4597 stationem
1892 4542 2043 4598 fixis-

452 4618 603 4690 sent,
640 4624 807 4681 ﬂante
847 4627 1103 4697 aquilone
1122 4629 1359 4685 contrita
1390 4637 1520 4686 sunt
1558 4645 1700 4701 pene
1735 4634 1946 4701 omnia,
1982 4643 2041 4691 et

456 4726 687 4773 necatus
736 4728 822 4773 est
882 4719 1120 4791 populus
1176 4723 1414 4788 multus,
1485 4723 1564 4778 ita
1618 4732 1680 4778 ut
1743 4725 2042 4796 imperator

455 4808 758 4864 extendere
814 4809 952 4864 retia
1003 4819 1060 4864 et
1098 4810 1179 4867 sic
1211 4822 1464 4869 mortuos
1515 4815 1756 4872 educere
1787 4831 1853 4872 ac
1883 4832 2042 4889 sepe—

452 4896 560 4952 lire
604 4902 949 4968 praeceperit.
993 4901 1163 4957 Porro
1198 4902 1414 4960 decimo
1447 4916 1603 4963 sexto
1637 4907 1909 4964 Kalendas
1947 4908 2045 4966 Se-

455 4987 762 5057 ptembrias
794 4991 1041 5061 ejusdem
1069 5003 1282 5062 quarta:
1323 4996 1642 5053 indictionis
1676 4999 1899 5070 publice
1938 5001 2044 5057 dif-

457 5078 689 5134 famavit
732 5095 798 5135 ac
838 5082 1224 5140 dehonestavit
1261 5086 1509 5143 habitum
1546 5090 1939 5146 monachorum
1986 5093 2045 5149 in

456 5170 876 5243 Ilippodromio,
898 5174 1222 5246 praecipiens
1242 5194 1690 5252 unumquemque
1712 5183 2042 5239 monachum

458 5280 628 5319 manu
665 5275 854 5322 tenere
884 5269 1196 5335 mulierem,
1239 5278 1296 5325 et
1327 5271 1508 5328 taliter
1537 5288 1634 5329 eos
1668 5276 1901 5332 transire
1938 5293 2037 5348 per

2141 4570 2144 4576 λ
2213 4535 2373 4587 Anno
2408 4531 2631 4603 imperii
2667 4528 3020 4586 Constantini
3059 4529 3130 4584 26
3173 4526 3417 4582 Abdelas
3472 4525 3748 4581 Ibinali

2144 4637 2403 4684 mortuus
2436 4634 2541 4692 est,
2573 4634 2772 4680 ruente
2819 4638 2988 4695 super
3014 4638 3075 4679 se
3099 4630 3277 4686 turre,
3315 4620 3374 4675 in
3396 4635 3508 4690 qua
3540 4628 3752 4675 custo-

2143 4721 2423 4777 diebatur.
2464 4718 2704 4774 Abdelas
2732 4726 2917 4773 autem
2969 4730 3097 4772 cum
3118 4729 3352 4771 camerae
3403 4712 3753 4783 fungeretur

2146 4816 2377 4879 honore,
2412 4812 2586 4868 multa
2612 4811 2755 4867 mala
2778 4809 3113 4868 Christianis
3144 4808 3248 4865 sub
3286 4806 3614 4878 principatu
3642 4820 3751 4861 suo

2146 4907 2478 4979 degentibus
2520 4904 2945 4970 demonstravit,
2996 4902 3272 4974 siquidem
3299 4908 3356 4955 et
3391 4914 3604 4955 cruces
3652 4914 3752 4954 ec-

2146 5001 2442 5058 clesiarum
2474 4998 2727 5064 abstulit,
2756 5007 2815 5053 et
2838 4996 3056 5069 vigilias
3082 5006 3389 5052 nocturnas
3418 4995 3752 5061 celebrare,

2146 5094 2244 5151 sed
2266 5102 2324 5149 et
2350 5094 2568 5149 litteras
2599 5091 2818 5148 discere
2847 5091 3205 5163 prohibebat.
3241 5090 3310 5145 Hi
3335 5104 3471 5145 vero
3513 5089 3617 5159 qui
3654 5088 3747 5141 di-

2146 5196 2352 5243 cuntur
2401 5184 2547 5255 apud
2617 5185 2745 5240 illos
2808 5185 3070 5251 Aruritaa,
3130 5183 3280 5254 quod
3328 5183 3757 5252 interpretatur

2141 5279 2513 5342 mmulatores,
2547 5287 2739 5333 contra
2770 5278 3232 5350 Palmyretensem
3266 5288 3522 5331 eremum
3555 5275 3762 5328 insur-

1966 5370 2201 5430 ΝΟΤιΕ.

532 5452 645 5533 (βε)
676 5451 920 5533 §camari
965 5461 1094 5533 sunt
1126 5454 1431 5533 praedones,
1455 5464 1547 5533 _et_
1564 5472 1807 5533 scamara
1834 5456 2043 5533 deprae-

458 5523 632 5598 da_tio.
681 5523 995 5594 Stephanus
1040 5527 1076 5598 f2
1121 5523 1351 5597 epistola
1403 5528 1471 5582 ad
1519 5529 1774 5598 Pipinum
1824 5523 2041 5590 R.'F.:

470 5593 799 5665 gScamaras
828 5605 993 5665 atque
1028 5593 1464 5665 deprmdationes
1494 5593 1600 5654 scu'
1637 5601 2046 5660 devastationes

463 5662 871 5746 incivitatihus
906 5662 1141 5746 'et-locis
1169 5668 1228 5721 Β.
1264 5668 1413 5722 Petri
1452 5670 1632 5746 facere
1670 5688 1769 5727 sua
1811 5673 2045 5746 impera-

464 5737 618 5784 t‘tone
646 5746 752 5787 nec
778 5738 1016 5791 cessavit
1042 5752 1143 5792 nec
1171 5748 1372 5795 cessat.
1408 5760 1424 5789 ι
1460 5739 1619 5795 ιεἈυκ.

2240 5462 2350 5533 8⁴ὶ⁴)
2380 5462 2444 5533 In
2474 5461 2600 5515 oris.
2631 5461 2794 5516 FABR.
2882 5531 2893 5533 ξ
2977 5529 2989 5533 _
3143 5526 3172 5533 Α,

2248 5528 2341 5601 83)
2362 5532 2733 5603 Equivocum.
2780 5529 3094 5603 Ludovicus
3142 5528 3277 5600 imp.
3342 5528 3398 5583 in
3458 5538 3769 5603 praegepte

2153 5600 2391 5675 quodam
2410 5600 2553 5673 apud
2574 5603 2941 5679 Flodoardum
2960 5618 3019 5665 tt.
3041 5601 3134 5657 19;
3163 5620 3181 5650 σ
3204 5615 3334 5679 gens
3353 5610 3547 5679 nostra
3566 5600 3771 5679 Fran-

2156 5671 2348 5801 (ἐυτιιιιι
2378 5671 2502 5728 cum
2533 5673 2817 5743 aequivoco
2854 5682 3042 5728 nostro
3071 5688 3195 5743 rege
3220 5671 3467 5742 ejusdem
3499 5674 3707 5741 gentis
3745 5686 3767 5718 ι

2205 5762 2323 5799 san.

2205 5762 2323 5799 ABR.
