3960 6228
292 289 435 354 1335

1105 295 1473 360 HISTORIA
1511 297 2092 362 ECCLESIASTICA
2129 297 2235 360 EX
2256 247 2743 361 ΤΗΕΟΡΗᾸΝΕ.

3431 302 3568 366 1386

286 415 571 464 reseruat.
605 405 711 462 Sed
743 406 963 463 illorum
1007 409 1232 480 quidem
1269 412 1480 468 malitia
1509 413 1566 469 in
1595 412 1877 469 Ecelesias
1904 417 1950 472 A
1979 411 2272 477 ducentos,
2298 427 2330 467 a
2355 412 2568 469 Graecia
2597 427 2731 468 vero
2760 421 2817 468 et
2849 411 3047 467 insulis
3098 411 3415 468 testatarios
3448 413 3564 482 (86)

288 503 385 559 Dei
435 510 630 572 utpote
655 501 961 557 infidelium
1002 505 1289 561 manifesta
1323 506 1448 562 fuit.
1501 507 1752 562 lsautem
1787 506 1882 576 qui

287 594 642 660 Christianis,
691 594 1070 652 ineffabilibus
1115 596 1214 654 Dei
1259 597 1509 669 iudiciis,
1553 598 1880 668 imperabat,

287 686 542 744 fortassis
585 693 648 740 ut
685 686 854 742 Israel
913 688 1192 758 quondam
1239 689 1331 745 ille
1381 706 1615 746 vesanus
1668 691 1879 754 Achab,

291 777 468 833 multo
497 775 694 847 peiora
720 792 883 846 quam
917 777 1158 833 Arabum
1184 779 1256 833 sit
1281 779 1492 834 insania
1516 779 1619 834 sub
1647 781 1881 852 imperio

290 883 394 925 suo
415 867 611 939 positis
630 868 973 935 orthodoxis,
998 869 1275 941 episcopis
1303 871 1882 936 vidi-lieenmonaehis

286 969 345 1016 et
376 959 554 1024 laicis,
576 958 818 1029 praelatis
846 971 1018 1031 atque
1055 961 1322 1032 subjectis
1365 960 1632 1023 ostendit,
1671 962 1877 1034 ubique

291 1053 723 1110 intercessiones
759 1062 965 1111 saneta:
994 1054 1091 1110 Dei
1138 1054 1440 1111 Genitricis
1492 1069 1558 1110 ac
1618 1057 1874 1114 omnium

289 1152 612 1207 sanctorum
648 1143 703 1199 in
753 1145 974 1214 scriptis
1004 1155 1066 1200 ut
1107 1145 1333 1203 inutiles
1383 1156 1440 1204 et
1494 1150 1615 1206 sine
1667 1149 1876 1222 scripto

289 1237 586 1308 repellens,
615 1252 712 1308 per
746 1253 884 1308 quas
936 1238 1198 1295 videlicet
1243 1241 1409 1298 nobis
1448 1253 1667 1300 emanat
1710 1259 1875 1301 omne

289 1329 634 1401 suffragium,
686 1338 747 1386 et
793 1343 1012 1388 sanctas
1067 1333 1332 1404 reliquias
1392 1350 1585 1391 eorum
1643 1336 1874 1394 eﬂ'ossas

285 1422 512 1494 eiiciens
543 1431 602 1478 et
626 1423 834 1478 invisas
873 1425 1134 1492 reddens,
1167 1426 1345 1483 sicubi
1370 1429 1699 1500 cujusquam
1732 1430 1872 1486 insi-

285 1516 412 1588 gnis
428 1515 802 1572 audiebantur
829 1518 896 1572 ad
920 1519 1228 1574 animarum
1257 1521 1550 1578 sanitatem
1585 1533 1642 1579 et
1671 1539 1872 1595 corpo-

286 1626 408 1664 rum
443 1611 704 1681 reiacere,
743 1611 826 1666 vel
857 1611 1004 1667 sicut
1035 1613 1208 1670 moris
1237 1625 1343 1681 est,
1369 1631 1401 1671 a
1433 1617 1523 1687 pie
1576 1618 1871 1688 agentibus

285 1703 575 1758 honorari.
635 1703 759 1758 Mox
786 1718 919 1774 ergo
970 1713 1203 1760 mortem
1260 1706 1527 1763 adversus
1556 1707 1870 1779 huiusmodi

288 1806 553 1866 tanquam
609 1795 779 1867 impie
830 1772 1084 1868 gerentes
1141 1799 1474 1868 minabatur,
1515 1799 1602 1856 sin
1632 1772 1870 1867 tantem,
1899 1772 1946 1830 Β

283 1892 722 1964 proscriptiones
741 1908 807 1949 ac
827 1894 1019 1950 exsilia
1046 1904 1099 1950 et
1135 1903 1425 1952 tormenta.
1455 1898 1567 1954 Deo
1593 1914 1724 1954 vero
1749 1915 1870 1971 gra-

285 1985 560 2041 tissimum
589 1984 890 2056 lipsanum,
922 1994 1118 2058 utpote
1152 1987 1377 2058 quidam
1419 1989 1712 2046 thesaurus
1736 2005 1866 2061 pos—

285 2078 603 2133 sessoribus
641 2077 885 2143 habitus,
935 2078 1316 2148 auferebatur,
1351 2081 1590 2136 invisum
1639 2082 1755 2156 (84)
1799 2084 1869 2140 de

284 2179 488 2225 extero
517 2169 888 2226 efﬁciendum.
915 2171 1046 2228 Tale
1075 2173 1211 2244 quid
1233 2184 1290 2230 et
1313 2173 1370 2229 in
1397 2175 1866 2245 pretiosissimum

283 2261 582 2318 laudabilis
611 2263 873 2334 martyris
906 2263 1228 2334 Euphemiae
1257 2265 1525 2335 profanus
1552 2266 1643 2322 hic
1690 2268 1868 2338 impe-

291 2361 445 2408 rator
474 2353 750 2424 lipsanum
781 2355 978 2427 gessit,
1013 2357 1070 2412 in
1101 2357 1437 2429 profundum
1491 2359 1547 2416 id
1589 2376 1697 2416 una
1741 2377 1868 2417 cum

281 2447 465 2503 loculo
483 2448 717 2520 iaciens,
739 2465 850 2505 non
881 2449 1066 2507 ferens
1097 2451 1285 2507 videre
1304 2452 1577 2523 unguenti
1599 2453 1774 2509 etiam
1801 2470 1870 2508 cx

283 2553 344 2594 se
365 2554 532 2610 super
547 2555 768 2598 omnem
796 2542 1062 2614 populum
1088 2543 1420 2599 suavitatem
1445 2543 1792 2610 reddentem,
1813 2556 1871 2602 et

285 2641 605 2702 arguentem
633 2634 754 2705 eius
782 2634 1052 2691 adversus
1083 2635 1516 2692 intercessiones
1544 2647 1867 2694 sanctorum

285 2722 672 2781 deliramenta.
702 2725 810 2782 Sed
845 2727 1013 2793 Deus,
1048 2728 1146 2799 qui
1184 2728 1430 2784 custodit
1467 2745 1592 2786 ossa
1641 2731 1867 2802 placen-

285 2815 421 2871 tium
445 2817 752 2874 secundum
776 2819 967 2875 divina
995 2821 1240 2891 eloquia,
1279 2821 1514 2878 illaesum
1575 2822 1682 2878 hoc
1727 2839 1866 2879 con-

282 2909 547 2976 servavit,
578 2925 774 2966 rursus
814 2920 1146 2966 ostensurus
1201 2912 1340 2966 illud
1393 2914 1540 2982 apud
1596 2915 1868 2970 Lemnum

282 3001 521 3056 insulam
561 3018 575 3056 :
625 3015 725 3072 per
767 3011 1099 3059 nocturnam
1151 3001 1301 3056 enim
1347 3003 1621 3058 visionem
1673 3007 1866 3076 iacens

1987 498 2324 571 quingentos
2356 516 2373 567 ;
2400 516 2568 572 porro
2599 514 2666 556 ex
2691 500 2811 572 ipsa
2839 501 3056 556 Thrace
3087 502 3376 572 operarios
3399 502 3564 574 quin-

1929 596 1932 600 '
1984 605 2094 662 que
2125 592 2297 648 millia
2318 600 2376 648 et
2395 593 2606 664 tegulas
2650 593 2915 649 facientes
2945 593 3237 659 ducentos,
3269 603 3326 650 et
3351 610 3562 665 prapo-

1984 682 2095 738 suit
2128 683 2210 740 eis
2232 684 2516 756 principes
2537 694 2895 742 exsecutores
2921 700 3152 756 operum
3176 703 3244 743 ac
3269 688 3561 759 patricium

1983 792 2195 844 unum;
2248 778 2440 848 sicque
2469 794 2638 849 opere
2671 789 3057 836 consummato
3107 797 3251 851 aqua
3313 781 3564 837 introivit

1983 867 2038 923 in
2072 868 2290 924 urbem.
2319 868 2593 925 Caeterum
2622 869 2816 926 eadem
2847 871 3042 941 quinta
3074 871 3380 928 indictione
3429 889 3562 943 proe

1981 961 2134 1016 vehit
2159 961 2246 1016 sui
2276 976 2474 1017 sensus
2495 971 2767 1032 praetores
2785 972 2842 1018 et
2867 963 3155 1034 operarios
3178 964 3427 1035 nequitia
3459 980 3558 1020 sua

1978 1053 2299 1125 condignas,
2334 1054 2657 1110 Michaelem
2685 1055 2950 1113 videlicet
2980 1057 3329 1114 Melisscnum
3362 1059 3419 1114 in
3443 1059 3563 1115 the-

1979 1157 2124 1204 mate
2158 1147 2517 1204 Orientalium
2551 1157 2610 1204 et
2636 1149 2958 1206 Michaelem
2977 1150 3557 1209 Lachanadracontem

1978 1239 2032 1294 in
2060 1239 2399 1306 Thracesiis,
2428 1255 2600 1312 super
2625 1241 2990 1299 buccellarios
3011 1258 3143 1298 vero
3166 1243 3350 1298 Manin
3379 1260 3410 1299 a
3441 1261 3557 1300 ma-

1976 1333 2088 1394 nia,
2114 1330 2170 1386 id
2199 1339 2285 1387 est
2305 1331 2540 1400 insania,
2584 1334 2951 1390 nominatum.
2987 1334 3093 1391 Sed
3149 1337 3276 1407 quis
3324 1337 3563 1395 idoneus

1975 1423 2042 1478 ad
2078 1424 2392 1480 enarranda
2414 1426 2684 1482 scelerata
2713 1427 2912 1482 horum
2941 1427 3182 1499 piacula,
3217 1445 3339 1500 qua:
3360 1433 3562 1502 partim

1974 1517 2092 1572 suis
2117 1532 2148 1572 a
2186 1517 2348 1574 nobis
2371 1519 2799 1577 conscribentur
2835 1521 2890 1576 in
2939 1521 3074 1578 locis
3099 1523 3124 1576 ἲ
3149 1522 3348 1580 Omnia
3409 1527 3559 1581 enim

1973 1624 2072 1664 seu
2102 1610 2320 1682 singula
2354 1611 2554 1667 horum
2583 1629 2755 1684 opera
2788 1614 2835 1669 si
2887 1615 3404 1685 conscriberentur,
3437 1633 3561 1688 quae

1974 1703 2044 1759 ad
2074 1705 2422 1762 curationem
2447 1705 2772 1778 imperantis
2814 1708 3012 1765 effecta
3041 1720 3193 1776 sunt,
3223 1726 3327 1766 nec
3379 1712 3559 1783 ipsum

1973 1797 2237 1863 arbitror,
2298 1807 2361 1854 ut
2433 1799 2657 1870 proprie
2721 1815 2848 1855 cum
2917 1801 3254 1871 evangelista
3320 1802 3558 1869 dicatur,

1975 1891 2242 1946 mundum
2271 1907 2471 1963 capere
2498 1907 2595 1947 eos
2622 1892 2717 1963 qui
2752 1892 3035 1949 scribendi
3061 1903 3192 1950 sunt
3218 1894 3413 1951 libros.

2043 1983 2203 2039 Anno
2242 1983 2437 2040 mundi
2487 1983 2649 2049 6259,
2709 1984 2910 2041 divinte
2966 1985 3365 2042 incarnationis
3415 2003 3561 2044 anno

1973 2075 2095 2140 759,
2125 2090 2272 2130 anno
2322 2076 2544 2147 imperil
2596 2075 2947 2134 Constantini
2972 2079 3042 2133 27
3077 2078 3392 2152 Stephanus
3449 2081 3561 2136 Ro-

1971 2181 2148 2222 mana:
2181 2167 2330 2224 sedis
2352 2168 2592 2225 habetur
2635 2169 2891 2226 antistes.
2941 2168 3340 2228 Constantinus
3401 2189 3555 2236 vero.

1971 2259 2093 2315 falsi
2119 2261 2360 2316 nominis
2391 2262 2728 2332 patriarcha,
2752 2262 2955 2318 ductus
2974 2272 3061 2320 est
3098 2264 3269 2321 Nonis
3303 2266 3562 2322 Octobri-

1971 2350 2077 2406 bus
2105 2364 2273 2407 sextze
2305 2353 2626 2409 indictionis
2647 2370 2676 2409 a
2701 2354 2952 2426 principe
2983 2355 3040 2411 in
3075 2355 3311 2413 insulam
3336 2374 3352 2425 ;
3391 2374 3558 2429 quem

1970 2451 2026 2498 et
2051 2444 2251 2499 cecidit
2277 2455 2565 2518 tyrannus,
2593 2447 2741 2518 quod
2772 2447 2977 2504 vadere
3021 2462 3130 2504 non
3164 2450 3394 2506 valeret.
3427 2451 3558 2508 Jus-

1971 2536 2043 2590 sit
2071 2546 2254 2592 autem
2280 2553 2407 2592 eum
2443 2539 2497 2592 in
2523 2539 2725 2610 phorio
2763 2541 2996 2612 portari,
3023 2549 3081 2597 et
3099 2551 3323 2598 euntem
3364 2545 3558 2600 sedere

1971 2625 2026 2680 in
2052 2627 2264 2698 gremio
2291 2627 2541 2684 ecclesiae
2589 2629 2826 2700 Magnze;
2856 2638 3083 2702 eratque
3117 2633 3382 2690 asecretis
3429 2649 3557 2690 cum

1969 2733 2038 2772 eo
2072 2719 2260 2774 ferens
2300 2719 2507 2775 charta:
2538 2730 2770 2786 tomum,
2799 2722 2854 2776 in
2883 2737 2994 2793 quo
3023 2731 3186 2780 erant
3230 2725 3420 2797 scripti
3461 2726 3560 2781 huc

1965 2811 2056 2881 ius
2085 2825 2368 2868 excessus.
2405 2811 2566 2867 Omni
2608 2828 2742 2886 ergo
2773 2815 2980 2886 populo
3008 2816 3255 2874 civitatis
3301 2833 3369 2874 ex
3416 2836 3558 2891 pra:-

1971 2913 2133 2973 cepto
2163 2904 2321 2974 regio
2372 2904 2486 2959 illic
2520 2916 2852 2976 congregato
2899 2915 2956 2962 et
2996 2908 3219 2966 vidente
3272 2911 3559 2983 legebatur

1971 2994 2163 3050 charta
2189 2995 2245 3048 in
2273 2995 2620 3051 audientiam
2653 2998 2824 3053 totius
2845 2999 3056 3069 populi,
3105 3008 3163 3056 et
3207 3018 3307 3073 per
3342 3003 3556 3076 singula

280 3089 613 3146 elevandum
655 3091 920 3162 praecepit
948 3099 1006 3146 et
1057 3091 1519 3148 conservandum,
1565 3093 1681 3150 sub
1721 3095 1870 3152 con-
1896 3123 1942 3186 ο
1974 3085 2323 3156 percutiebat
2343 3089 2608 3144 asecretis
2635 3088 2830 3145 faciem
2857 3091 2997 3162 eius,
3022 3092 3212 3148 Niccta
3237 3096 3551 3165 patriarcha

282 3181 529 3238 stantino
557 3197 692 3239 vero
733 3192 791 3238 et
815 3181 1052 3238 Heirene
1078 3181 1186 3253 piis
1235 3182 1688 3253 imperatoribus,
1719 3184 1867 3240 indi-

284 3274 467 3330 ctione
499 3283 716 3345 quarta,
765 3288 892 3331 cum
953 3273 1172 3328 decenti
1217 3273 1644 3330 honorificentia
1701 3274 1867 3332 rediit

283 3367 353 3423 ad
377 3369 642 3439 templum
672 3384 859 3425 suum.
907 3367 1067 3435 Quod
1132 3368 1252 3440 ipse
1303 3368 1554 3440 quidem,
1602 3380 1864 3442 tanquam

281 3459 540 3517 inimicus
570 3461 964 3526 Ecclesiarum,
1003 3476 1300 3518 commune
1331 3463 1463 3519 fecit
1491 3472 1864 3520 armamenta-

281 3552 427 3609 rium
451 3552 979 3624 sterquiliniumque
1009 3552 1127 3609 fore
1155 3554 1425 3620 decrevit,
1458 3555 1536 3609 illi
1597 3571 1862 3628 repurga-

282 3654 399 3700 tum
439 3646 546 3701 hoc
595 3646 798 3700 iterum
855 3656 1238 3710 sacraverunt,
1297 3647 1363 3701 ad
1415 3647 1864 3718 redargutionem

281 3738 506 3809 quidem
536 3737 702 3807 huius
736 3737 1060 3808 impietatis,
1115 3739 1495 3794 ostensionem
1534 3749 1721 3795 autem
1759 3739 1866 3795 ho-

282 3845 405 3884 rum
437 3827 681 3900 pietatis.
711 3829 825 3884 Hoc
846 3837 1030 3883 autem
1047 3829 1118 3884 ob
1148 3828 1484 3898 stupendum
1505 3836 1562 3884 et
1583 3829 1863 3899 scriptura

282 3923 510 3994 dignum
545 3921 871 3977 miraculum
905 3929 1028 3992 post
1049 3921 1124 3975 22
1157 3935 1338 3976 annos
1369 3919 1547 3990 iniqui
1599 3919 1866 3991 principis

281 4017 499 4080 mortis,
537 4031 647 4070 una
670 4029 797 4070 cum
829 4013 1096 4085 piissimis
1119 4012 1554 4084 imperatoribus
1575 4021 1634 4068 et
1687 4013 1863 4069 Tara-

280 4107 365 4163 sio
396 4106 744 4164 sanctissimo
761 4106 1096 4178 patriarcha,
1126 4120 1230 4162 nos
1248 4115 1304 4161 et
1325 4104 1630 4162 vidimuset
1643 4121 1770 4162 cum
1782 4106 1865 4161 eis

281 4202 518 4272 amplexi
550 4201 777 4266 fuimus,
807 4200 938 4256 licet
964 4199 1176 4272 indigni
1198 4212 1450 4271 magnam
1473 4198 1703 4270 gratiam
1731 4213 1864 4269 pro-

282 4303 584 4352 merentes.
619 4295 794 4350 Porro
841 4292 1058 4348 decimo
1108 4302 1264 4349 sexto
1308 4291 1578 4348 Kalendas
1630 4291 1862 4348 Decem-

281 4386 452 4451 brias,
478 4385 724 4458 eiusdem
759 4385 966 4457 quinta:
995 4384 1335 4445 indictionis.
1363 4383 1588 4440 decreto
1622 4383 1862 4454 impera-

1973 3177 2030 3233 in
2051 3176 2397 3235 confessorio
2437 3179 2666 3236 sedente
2695 3196 2763 3236 ac
2795 3180 3066 3241 intuente.
3105 3185 3237 3242 Post
3263 3187 3379 3243 haec
3418 3205 3552 3245 vero

1969 3285 2094 3326 cum
2117 3271 2508 3343 imposuissent
2531 3287 2659 3328 eum
2693 3273 2751 3328 in
2775 3274 3067 3332 ambonem
3088 3285 3144 3334 et
3164 3290 3376 3335 rectum
3402 3290 3552 3338 stare

1968 3362 2250 3425 fecissent.
2275 3365 2488 3437 accepit
2508 3365 2730 3422 Nicetas
2761 3367 3015 3422 chartam
3047 3380 3103 3425 et
3143 3370 3298 3427 misit
3337 3372 3551 3443 episco-

1967 3454 2140 3525 pis.et
2174 3455 2358 3511 ablato
2379 3457 2824 3528 superhumerali
2858 3459 3010 3530 eius,
3041 3461 3553 3522 anathematizavc-

1967 3553 2098 3598 runt
2122 3559 2273 3609 eum,
2305 3553 2362 3600 et
2387 3544 2539 3600 hunc
2583 3545 2898 3619 Seotiopsin
2925 3552 3399 3620 cognominantes,
3427 3557 3554 3613 abs-

1967 3643 2255 3690 traxerunt
2340 3637 2410 3691 ab
2466 3637 2731 3703 ecclesia,
2791 3639 3132 3709 gradientem
3219 3652 3551 3715 retrorsum,

1967 3727 2190 3780 Postera
2221 3741 2353 3782 vero
2384 3726 2478 3782 die
2525 3742 2651 3782 cum
2710 3729 2829 3784 ludi
2885 3729 3182 3788 Circenses
3229 3745 3552 3804 agerentur,

1967 3826 2224 3872 raserunt
2275 3817 2468 3873 faciem
2521 3818 2666 3890 eius,
2713 3829 2771 3874 et
2828 3819 3057 3877 barbam
3098 3823 3546 3895 denudaverunt,

1969 3914 2167 3986 capitis
2200 3929 2264 3970 ac
2319 3912 2746 3986 superciliorum
2775 3917 2905 3987 pilis
2949 3917 3170 3986 ablatis,
3201 3930 3258 3978 et
3289 3923 3547 3980 indutum

1967 4007 2117 4062 hunc
2140 4006 2304 4062 laneo
2331 4006 2485 4063 brevi
2502 4014 2558 4063 et
2577 4007 2697 4065 sine
2718 4007 2950 4066 manicis
2969 4011 3325 4080 vestimento,
3352 4017 3549 4074 sedere

1966 4100 2222 4156 fecerunt
2248 4100 2472 4171 oblique
2502 4116 2673 4172 super
2702 4102 2920 4158 asinum
2950 4118 3136 4176 sagma
3173 4106 3467 4176 ferentem,
3493 4122 3551 4167 ct

1966 4194 2335 4265 ipsiustcnere
2349 4192 2598 4258 caudam,
2613 4193 2992 4250 eteduxerunt
3007 4211 3134 4252 eum
3157 4215 3255 4268 per
3268 4200 3350 4255 Dii
3359 4202 3548 4272 ppium

1968 4285 2448 4358 ilippodromium,
2502 4295 2704 4343 cuncto
2737 4287 2946 4359 populo
2975 4299 3028 4345 et
3066 4289 3229 4362 vulgo
3268 4294 3408 4348 mala
3448 4294 3548 4348 im-

1966 4389 2228 4451 precante
2255 4379 2336 4434 illi
2368 4387 2425 4435 et
2459 4387 2822 4450 conspuente.
2873 4380 3161 4439 Trahebat
3200 4394 3385 4441 autem
3441 4387 3551 4442 asi-

283 4479 418 4534 toris
475 4487 834 4548 promovetur
885 4476 1106 4532 Nicetas
1163 4475 1457 4532 eunuchus
1513 4491 1582 4530 ex
1651 4475 1864 4532 Sclavis
1897 4464 1938 4520 ῐ)
1968 4488 2099 4529 num
2123 4471 2519 4530 Constantinus
2543 4487 2716 4544 nepos
2743 4473 2939 4544 ipsius,
2964 4491 3100 4532 naso
3150 4477 3344 4534 reciso.
3379 4478 3550 4535 Cum-

281 4582 438 4628 ortus
498 4571 878 4643 irregulariter
931 4569 1247 4641 patriarcha
1279 4567 1859 4640 Constantinopoleos.

280 4665 349 4721 Et
379 4666 517 4722 facta
543 4673 630 4721 est
657 4664 898 4730 siccitas,
940 4663 1017 4719 ita
1049 4672 1113 4718 ut
1149 4677 1255 4719 nec
1285 4677 1380 4719 ros
1431 4662 1500 4718 de
1530 4663 1673 4718 caalo
1703 4662 1868 4718 cade-

279 4770 383 4825 ret,
415 4761 731 4831 defecitque
755 4762 978 4832 penitus
1021 4760 1091 4816 ab
1127 4759 1265 4816 urbe
1290 4774 1455 4830 aqua,
1478 4769 1534 4815 et
1561 4759 1754 4816 otiosa:
1777 4774 1868 4815 re-

277 4845 743 4911 nianserunt'tam
773 4855 1029 4909 cisterna:
1052 4869 1219 4924 quam
1243 4852 1479 4918 lavacra,
1515 4852 1650 4922 quin
1679 4852 1864 4922 potius

277 4958 331 5002 et
358 4945 562 5001 fluenta
591 4945 840 5008 fontalia.
885 4960 1008 5015 qua:
1066 4944 1223 5016 prius
1281 4943 1487 5016 iugiter
1540 4943 1859 5000 efllucbant.

279 5038 438 5106 Quod
477 5038 703 5094 intuens
727 5037 1030 5108 imperator
1077 5038 1245 5108 carpit
1291 5051 1560 5092 renovare
1599 5036 1862 5106 aquazdu-

276 5146 427 5189 ctum
462 5131 858 5194 Valentiniani,
898 5131 1145 5201 quicum
1191 5145 1368 5201 usque
1420 5129 1490 5184 ad
1541 5129 1858 5184 Hcraclium

274 5227 652 5298 perdurasset,
689 5224 758 5280 ab
789 5224 1066 5280 Avaribus
1115 5231 1200 5279 est
1253 5223 1591 5278 destructus.
1657 5222 1859 5277 Electis

274 5335 406 5390 ergo
427 5335 497 5376 ex
522 5319 761 5375 diversis
790 5317 929 5374 locis
977 5316 1287 5372 artificibus
1333 5315 1403 5370 ab
1455 5313 1583 5370 Asia
1632 5315 1856 5384 quidem

273 5413 434 5469 duxit
455 5423 512 5470 et
542 5412 717 5469 Ponto
745 5411 1114 5468 aedificatores
1144 5411 1295 5466 mille
1339 5423 1394 5466 et
1426 5409 1713 5466 liniatores
1742 5409 1856 5480 (85)

1961 4583 2070 4638 que
2086 4566 2326 4623 venisset
2342 4565 2411 4622 ad
2427 4566 2642 4638 vulgus,
2665 4565 3074 4624 descenderunt
3093 4578 3150 4624 et
3167 4581 3547 4641 conspuerunt

1961 4670 2017 4716 et
2043 4660 2329 4731 pulverem
2364 4660 2723 4732 proiecerunt
2749 4674 2918 4729 super
2957 4674 3107 4714 cum.
3167 4661 3236 4716 Et
3268 4677 3396 4717 cum
3445 4663 3544 4718 ad-

1965 4753 2256 4810 duxissent
2303 4768 2432 4808 eum
2489 4751 2560 4808 ad
2622 4751 3040 4816 consistorium,
3098 4753 3422 4826 deiecerunt
3475 4757 3546 4814 de

1964 4846 2140 4910 asino,
2173 4853 2230 4902 et
2255 4845 2538 4902 calcavere
2573 4845 2776 4900 collum
2815 4846 2956 4917 eius,
2988 4853 3045 4901 et
3078 4847 3381 4905 collocatus
3408 4866 3544 4906 con-

1964 4948 2043 4994 tra
2074 4938 2271 5010 vulgus
2298 4936 2560 4993 audiebat
2587 4937 2657 4991 ab
2686 4937 2794 4993 illis
2823 4938 3034 4995 ludicra
3069 4939 3242 4997 verba
3279 4957 3453 5014 usque
3475 4943 3542 5000 ad

1962 5031 2365 5088 absolutionem
2395 5029 2657 5084 ludorum
2684 5031 3049 5100 equestrium.

2035 5124 2241 5180 Eodem
2273 5137 2497 5193 quoque
2538 5139 2729 5179 mense
2758 5124 2942 5180 missis
2993 5125 3195 5196 impius
3243 5127 3542 5198 imperator

1959 5216 2211 5290 patriciis
2241 5214 2516 5286 significat
2563 5215 2614 5271 ei
2673 5215 2910 5272 dicens:
2953 5215 3092 5283 Quid
3143 5219 3271 5272 dicis
3331 5219 3394 5272 de
3436 5219 3542 5286 ﬁde

1967 5320 2150 5368 nostra
2176 5319 2226 5365 et
2274 5309 2515 5376 concilio,
2540 5311 2678 5381 quod
2711 5310 2930 5381 fecimus
2955 5312 2981 5365 ξ)
3012 5310 3116 5377 Qui
3169 5311 3424 5366 sensibus
3469 5311 3537 5365 ad

1965 5403 2265 5460 vanitatem
2303 5404 2586 5458 conversis
2624 5402 2910 5473 reSpondit
2942 5419 2957 5457 :
2987 5401 3148 5468 Bene,
3178 5401 3455 5473 inquiens,
3489 5413 3538 5458 et

1805 5569 2036 5629 ΝΟΤᾹΞ.

348 5706 462 5780 (8t)
497 5707 757 5780 Invisum.
784 5708 1053 5778 Apuleius
1082 5710 1115 5764 5
1147 5726 1160 5760 :
1201 5728 1218 5762 ‹
1253 5709 1382 5763 Post
1426 5707 1640 5780 opimas
1687 5707 1856 5780 dapes

268 5779 494 5851 quidam
525 5779 842 5835 introcessit
874 5790 930 5836 et
954 5781 1198 5836 cantavit
1245 5781 1475 5836 invisus.
1511 5798 1529 5832 ι
1574 5779 1733 5835 ΡΑΒιι.

597 5877 867 5938 ΡΑτῐωι..
916 5876 1032 5938 Gn.
1079 5877 1298 5940 CVlll.

2037 5705 2148 5773 (85)
2179 5705 2691 5762 Liniatores.Gloss.
2722 5706 2898 5776 χρίσις
2920 5705 3176 5762 liniatura
3199 5705 3422 5762 oblitus.
3458 5702 3536 5760 in.

2040 5777 2150 5848 (86)
2185 5776 2585 5834 Testaccarios.
2619 5777 2776 5832 Fann.

3115 5874 3187 5936 4~i
