3960 6228
418 253 552 317 I387

1506 243 1905 306 ANAS’I‘ASII
1952 240 2583 303 BIBLIOTIIECARII

3534 232 3677 298 1388

416 365 603 427 credis,
625 372 675 417 et
708 362 833 416 bene
862 358 1143 415 concilium
1174 367 1422 429 operatus
1466 375 1542 423 es,
1588 368 1789 427 putans
1836 372 1894 413 se
1922 356 1995 411 ob
2024 362 2066 419 Α
2096 356 2377 411 adhaerere
2409 363 2633 425 prop'er
2663 351 2911 407 luxurias
2943 364 3092 405 suas.
3120 348 3261 405 Cum
3315 356 3501 403 autem
3544 362 3682 401 sen-

418 460 524 512 hoc
543 458 695 511 illum
730 467 927 508 rursus
956 453 1196 522 placare.
1222 452 1290 505 At
1322 451 1399 504 illi
1433 450 1723 505 confestim
1759 464 1989 519 respon-

417 549 614 604 dentes
636 546 897 600 dixerunt
928 560 942 597 :
970 542 1078 597 Nos
1102 543 1211 597 haec
1258 543 1445 596 audire
1489 541 1735 595 nolumus
1784 541 1849 594 ab
1902 556 1993 594 ore

418 650 507 695 tuo
541 638 761 710 polluto.
791 636 876 690 Ea:
903 639 1000 691 hoc
1024 652 1149 707 ergo
1178 635 1308 691 vade
1332 636 1387 688 in
1432 634 1672 688 tenebras
1695 643 1742 688 et
1771 635 1826 687 in
1854 650 1994 686 ana-

414 734 615 787 thema.
652 731 720 785 Et
756 730 836 784 sic
865 739 1091 799 accepta
1120 727 1397 783 sententia
1423 726 1710 781 descendit
1743 726 1810 781 ad
1842 725 1995 779 clau-

416 835 533 880 stra
564 824 825 888 ferarum,
862 830 919 877 et
966 821 1272 876 decollatus
1320 830 1423 875 est.
1478 820 1547 873 Et
1580 828 1746 888 caput
1774 816 1995 887 quidem

419 917 543 987 ejus
575 931 677 984 per
704 929 867 969 aures
892 913 1125 983 ligentes
1175 910 1357 965 tribus
1389 910 1588 964 diebus
1611 910 1667 963 in
1698 909 1848 964 Milio
1879 923 2001 962 sus-

422 1006 736 1078 penderunt
770 1003 837 1058 ad
861 1003 1287 1059 ostentationem
1332 1002 1509 1073 plebis
1556 1018 1570 1055 :
1622 1016 1822 1071 corpus
1867 1015 2001 1055 vero

422 1101 543 1170 ejus
571 1096 710 1168 pede
745 1095 879 1151 resti
912 1094 1079 1165 ligato
1111 1103 1396 1149 traxerunt
1418 1110 1516 1163 per
1546 1094 1783 1163 plateam
1819 1106 1997 1161 usque

426 1191 493 1245 ad
523 1190 643 1244 loca
678 1187 908 1257 Pelagii,
937 1196 991 1241 et
1025 1186 1350 1241 sociandum
1383 1185 1720 1241 biothanatis
1763 1185 2003 1255 jactare-

426 1291 594 1349 runt;
629 1280 885 1336 similiter
916 1288 971 1334 et
997 1286 1164 1348 caput
1204 1280 1326 1349 ejus
1383 1288 1509 1347 post
1543 1287 1656 1332 tres
1708 1278 1827 1331 dies
1874 1277 2005 1330 illuc

426 1376 670 1429 delatum
704 1373 1080 1443 projecerunt.
1123 1369 1167 1426 Ο
1196 1369 1733 1425 irrationabilitatem
1783 1377 1841 1423 et
1874 1383 2004 1423 cru-

426 1468 709 1522 delitatem
736 1474 900 1534 atque
933 1462 1452 1519 immisericordiam
1484 1460 1867 1517 immitissimae
1912 1459 2009 1515 be-

429 1559 582 1614 stiae!
618 1557 737 1611 Non
765 1563 851 1610 est
898 1556 1111 1611 veritus
1170 1554 1339 1609 miser
1383 1553 1652 1608 sanctum'
1680 1552 1957 1607 lavacrum
1990 1567 2006 1604 :

429 1650 569 1704 duos
592 1648 739 1703 enim
768 1646 908 1701 ﬁlios
932 1647 1053 1717 ejus
1079 1660 1146 1700 ex
1185 1644 1346 1699 tertia
1377 1644 1612 1715 conjuge
1646 1643 1823 1713 ipsius
1850 1642 1904 1697 in
1928 1642 2009 1695 ul-

2095 449 2258 504 sisset
2292 464 2420 503 eum
2448 447 2678 501 moleste
2714 445 2905 500 tulisse
2930 440 3186 498 infandas
3217 442 3273 495 in
3316 440 3473 494 viros
3521 441 3679 493 insa-

2096 542 2216 597 nias
2247 557 2401 605 suas,
2427 550 2485 596 et
2510 540 2675 595 beato
2708 536 2994 607 Stephano
3038 534 3290 590 inclauso
3314 532 3374 587 S.
3413 532 3678 587 Auxentii

2095 633 2195 689 bas
2226 633 2543 689 manifestas
2572 631 2902 695 reddidisse,
2932 628 3240 700 salutisque
3272 626 3522 682 remedia
3556 642 3681 681 sus-

2097 727 2331 797 cepisse,
2389 724 2540 779 hunc
2569 723 2727 794 quasi
2763 722 3145 777 insidiatnrem
3178 736 3342 776 suum
3383 718 3683 775 diﬂ‘amans

2098 836 2208 875 una
2266 834 2390 875 cum
2428 819 2695 880 inclauso,
2726 826 2789 872 ut
2832 815 3160 887 prmdictum
3216 822 3324 876 est,
3373 812 3680 867 interfecit.

2099 911 2251 965 Fecit
2280 919 2464 964 autem
2495 907 2784 962 abundare
2830 906 3008 960 horno
3028 903 3244 975 species
3275 902 3334 956 in
3357 902 3497 958 urbe
3527 919 3543 955 :
3575 917 3682 955 no-

2099 1018 2200 1057 vus
2230 1001 2377 1056 enim
2404 999 2577 1054 Midas
2598 998 2776 1053 factus
2822 1010 3016 1051 aurum
3045 992 3394 1050 coacervavit
3437 1001 3491 1047 et
3538 994 3687 1063 agri-

2101 1093 2251 1149 colas
2306 1090 2641 1149 denudavit.
2697 1098 2755 1145 et
2804 1089 2877 1144 ob
2930 1087 3271 1143 tributorum
3333 1084 3686 1140 exactionem

2104 1183 2444 1254 cogebantur
2465 1181 2721 1238 homines
2743 1181 2927 1251 largas
2954 1179 3049 1234 Dei
3079 1177 3426 1249 geniminum
3458 1176 3689 1232 muniﬁ-

2104 1275 2313 1330 centias
2346 1273 2507 1329 facile
2537 1290 2633 1331 seu
2664 1274 2760 1329 vili
2785 1272 2965 1343 pretio
2987 1271 3328 1326 venundare.

2174 1365 2496 1436 Eodemque
2528 1380 2675 1420 anno
2718 1365 2938 1421 Nicetas
2961 1363 3081 1418 falsi
3100 1361 3344 1417 nominis
3370 1360 3691 1431 patriarcha

2107 1456 2294 1512 iconas
2324 1472 2393 1511 ex
2421 1456 2601 1511 musio
2633 1455 2828 1520 factas,
2865 1470 2989 1525 quas
3022 1455 3078 1508 in
3104 1453 3445 1524 patriarchio
3470 1452 3689 1509 Secreti

2108 1551 2337 1606 minoris
2364 1559 2547 1617 erant,
2574 1550 2761 1616 erasit,
2813 1560 2869 1606 et
2922 1549 3190 1620 imagines
3230 1549 3414 1620 magni
3450 1548 3690 1612 Secreti,

2109 1657 2232 1712 quae
2254 1644 2485 1713 sculpta:
2512 1643 2569 1697 in
2595 1644 2746 1714 ligno
2767 1650 2946 1706 erant,
2971 1642 3251 1711 deposuit,
3273 1652 3331 1696 et
3360 1650 3697 1697 exterarum

430 1756 530 1795 nas
556 1754 684 1795 suas
713 1744 1053 1807 susceperat,
1086 1734 1358 1805 siquidem
1414 1750 1631 1805 semper
1659 1733 1847 1788 feralis
1889 1747 2010 1787 mo-
2042 1743 2083 1799 Β
2114 1733 2412 1801 imaginum
2477 1732 2645 1788 facies
2700 1731 2975 1788 delinivit.
3049 1730 3160 1787 Sed
3211 1739 3270 1787 et
3317 1730 3378 1787 in
3425 1730 3698 1787 Abramio

431 1834 586 1889 ribus
613 1844 671 1889 et
698 1833 1099 1887 immansuetus
1120 1845 1242 1885 esse
1267 1830 1555 1899 probatur.
1585 1828 1668 1883 Ab
1696 1828 1801 1883 hoc
1821 1836 2006 1883 autem

431 1941 580 1982 anno
608 1923 863 1994 ampliori
902 1922 1115 1977 insania
1146 1937 1280 1977 usus
1319 1930 1403 1975 cst
1463 1937 1477 1974 :
1530 1921 1759 1976 mittens
1807 1918 2010 1988 quippe

432 2016 691 2087 deposuit
750 2014 973 2069 Petrum
1016 2012 1261 2066 nobilem
1293 2012 1532 2083 stylitem
1557 2026 1588 2064 a
1618 2018 1793 2080 petra,
1846 2023 2010 2079 quem

433 2111 640 2172 vivum,
670 2121 796 2161 eum
830 2104 1183 2175 dogmatibus
1209 2103 1328 2174 ejus
1378 2104 1579 2159 cedere
1610 2102 1910 2167 renuisset,
1944 2102 2011 2155 li-

433 2198 575 2269 gatis
605 2196 843 2267 pedibus
865 2196 987 2266 ejus
1019 2196 1074 2248 in
1114 2194 1439 2264 praedictum
1477 2192 1680 2263 Pelagii
1711 2192 1916 2256 locum,
1954 2200 2013 2248 et

435 2290 584 2343 hunc
614 2302 834 2359 quoque
869 2302 966 2356 per
1018 2287 1251 2355 plateam
1306 2293 1540 2340 tractum
1593 2284 1791 2354 projici
1827 2282 2011 2356 jussit.

435 2382 586 2437 Alios
615 2380 783 2435 etiam
821 2380 877 2434 in
910 2378 1086 2435 saccis
1113 2378 1366 2432 vinciens
1415 2390 1471 2432 et
1496 2377 1778 2447 lapidibus
1825 2391 2017 2446 aggra-

436 2488 570 2527 vans
600 2472 653 2525 in
688 2471 913 2543 pelagus
931 2470 1128 2541 jactari
1161 2469 1535 2539 praecipiebat,
1567 2470 1756 2525 oculos
1790 2484 2015 2534 eruens,

435 2579 599 2618 nares
630 2563 985 2625 abscindens,
1005 2561 1233 2631 ﬂagellis
1254 2563 1563 2626 cxcorians,
1580 2571 1636 2617 et
1661 2577 1880 2617 omnem
1906 2570 2019 2616 tor-

437 2653 606 2708 menti
637 2652 877 2721 speciem
908 2651 1176 2706 adversus
1201 2666 1297 2706 eos
1335 2652 1429 2721 qui
1465 2653 1555 2721 pie
1595 2652 1825 2723 agebant
1851 2668 2017 2707 exco-

435 2747 638 2818 gitans.
665 2744 733 2799 Et
775 2744 829 2798 in
858 2744 1050 2797 urbem
1077 2742 1299 2813 quidem
1331 2759 1431 2813 per
1474 2760 1532 2799 se
1588 2744 1768 2813 ipsum
1811 2743 1929 2799 hac
1964 2750 2021 2798 et

436 2844 841 2894 consentaneos
913 2849 1067 2898 suos,
1125 2835 1427 2890 Antonium
1495 2837 1584 2891 aio
1634 2836 1925 2906 patricium
1965 2845 2021 2891 et

436 2931 749 2987 scholarum
773 2929 1159 2989 domesticum.
1198 2945 1263 2984 ac
1297 2931 1520 2984 Petrum
1558 2930 1904 3000 magistrum,
1935 2937 2019 2984 at-

438 3040 547 3093 que
588 3037 686 3093 per
729 3022 991 3092 pupulum
1022 3021 1362 3093 singulorum
1412 3022 1692 3086 ordinum,
1751 3022 1847 3092 qui
1894 3038 1925 3077 a
1962 3038 2021 3078 se

2111 1824 2370 1880 similiter
2408 1824 2561 1880 fecit.

2181 1920 2341 1973 Anno
2367 1918 2585 1988 imperii
2628 1918 2715 1973 sui
2748 1916 2819 1973 28
2843 1916 3130 1972 coronavit
3172 1916 3474 1987 imperator
3500 1917 3699 1973 Eudo-

2112 2011 2250 2066 ciam
2287 2027 2514 2067 uxorem
2569 2027 2748 2077 suam,
2788 2027 2913 2067 cum
2963 2021 3112 2069 esset
3162 2014 3431 2084 trigamus
3482 2024 3537 2069 et
3578 2016 3704 2071 hac

2111 2113 2259 2160 esset
2285 2104 2447 2160 tertia
2479 2105 2703 2173 conjux,
2737 2104 2792 2158 in
2836 2104 3143 2160 tribunalio
3180 2104 3373 2161 decem
3409 2114 3468 2161 et
3492 2121 3699 2162 novem

2113 2195 2470 2249 accubituum
2526 2195 2787 2250 Kalendis
2819 2195 3109 2265 Aprilibus
3142 2213 3157 2249 :
3193 2195 3339 2252 filios
3382 2212 3517 2253 vero
3565 2213 3700 2253 suos

2106 2301 2181 2356 lex
2212 2286 2328 2356 ipsa
2357 2296 2679 2357 procreatos
2698 2327 2713 2351 ,
2758 2286 3225 2358 ChristOphorum
3260 2289 3478 2346 scilicet
3508 2300 3571 2344 et
3601 2291 3703 2346 Ni-

2115 2378 2449 2447 cephorum,
2494 2387 2716 2449 postera
2756 2379 2867 2445 die,
2904 2396 3014 2450 qua
3066 2390 3320 2437 sanctum
3354 2382 3706 2438 celebratum

2115 2478 2201 2525 est
2254 2470 2485 2535 Pascha,
2531 2470 2776 2525 Caesares
2807 2471 3111 2536 ordinavit,
3143 2472 3462 2543 patriarcha
3489 2473 3712 2528 oratio-

2117 2576 2240 2616 nem
2270 2561 2529 2627 faciente,
2556 2570 2611 2617 et
2644 2562 3080 2633 imperatoribus
3115 2580 3283 2634 super
3312 2579 3412 2619 eos
3438 2565 3710 2636 chlamy-

2118 2654 2217 2709 des
2244 2663 2301 2709 et
2324 2653 2644 2710 Ctesaricias
2688 2654 3100 2725 imponentibus
3121 2656 3318 2726 galeas.
3349 2656 3480 2710 Pari
3524 2658 3717 2714 modo

2116 2758 2174 2804 et
2216 2749 2487 2814 Nicelam,
2535 2748 2899 2804 novissimum
2934 2748 3148 2802 fratrem
3188 2763 3409 2813 eorum,
3451 2747 3718 2804 nobilis-

2119 2842 2258 2897 simo
2310 2842 2475 2907 facto,
2526 2843 2882 2913 superposuit
2910 2842 2961 2898 ei
2988 2843 3326 2914 chlamydem
3370 2857 3611 2898 auream
3655 2853 3714 2898 et

2120 2949 2416 3001 coronam;
2444 2944 2502 2991 et
2535 2936 2610 2993 ita
2640 2945 3052 3004 processerunt,
3084 2934 3430 3007 iactantibus
3459 2933 3709 3004 impera-

2124 3024 2337 3081 toribus
2375 3025 2650 3096 hypatiam
2696 3026 2928 3082 trimisia
2966 3027 3082 3096 (87)
3140 3034 3199 3080 et
3240 3025 3466 3083 semisia
3492 3033 3549 3080 et
3598 3041 3712 3080 nu-

440 3087 620 3167 f-uera-t
647 3087 886 3167 aii-talia
911 3087 1187 3177 eruditus,
1247 3112 1465 3182 agebat.
1528 3114 1588 3167 ln
1636 3087 1843 3169 exteris
1889 3130 2021 3170 vero
2046 3087 2089 3149 C
2123 3117 2378 3172 mismata
2405 3087 2567 3184 nova,
2596 3134 2771 3188 usque
2805 3119 2874 3174 ad
2906 3087 3159 3191 magnam
3186 3118 3493 3174 ecclesiam.

442 3206 778 3261 thematibus
808 3221 904 3274 per
932 3205 1045 3275 jam
1078 3204 1255 3259 dictos
1283 3214 1571 3273 praztores.
1616 3206 1737 3275 Ipse
1783 3222 2021 3277 namque

439 3297 667 3351 cithara:
690 3295 874 3350 sonitu
917 3294 1294 3348 delectabatur
1324 3305 1487 3364 atque
1521 3298 1810 3363 conviviis,
1845 3300 2022 3369 turpi-

440 3390 545 3443 bus
578 3386 932 3442 sermonibus
957 3394 1014 3439 et
1036 3386 1424 3443 saltationibus
1448 3402 1548 3442 eos
1578 3388 1673 3458 qui
1702 3389 1803 3445 sibi
1831 3390 2019 3446 adhae-

441 3479 639 3533 rebant
669 3476 1010 3531 incessanter
1053 3475 1349 3541 erudiens,
1395 3486 1453 3531 et
1500 3476 1679 3532 sicubi
1731 3478 2019 3549 quisquam

440 3583 703 3627 corruens
724 3569 807 3622 vel
832 3569 1027 3623 dolens
1049 3569 1265 3624 solitam
1294 3569 1625 3625 Christianis
1645 3586 1835 3627 vocem
1857 3572 2021 3628 emit-

438 3668 582 3717 teret
616 3660 847 3715 dicens:
897 3659 991 3713 Dei
1014 3660 1276 3727 Geuitrix,
1302 3662 1460 3731 juva,
1483 3670 1578 3717 aut
1610 3662 1828 3733 vigilias
1856 3677 2022 3734 agens

439 3752 952 3823 deprehenderetur
994 3760 1088 3806 aut
1141 3752 1402 3807 Ecclesiis
1455 3764 1711 3809 assuetus
1763 3764 2021 3811 autcum

438 3843 708 3915 religione
754 3842 948 3896 vivens
972 3850 1069 3896 aut
1100 3858 1211 3897 non
1272 3844 1477 3913 passim
1535 3844 1871 3915 iuramentis
1921 3845 2020 3900 ab-

436 3946 624 4002 utens,
660 3945 719 3991 ut
745 3934 1001 3989 inimicus
1047 3934 1397 4002 imperatoris
1429 3936 1795 3991 damnabatur
1824 3946 1879 3991 et
1917 3937 2020 3991 im-

440 4029 814 4084 memorabilis
868 4029 1278 4084 nominabatur.
1331 4030 1661 4084 Mouasteria
1711 4044 1862 4095 vero,
1900 4045 2022 4100 qua

440 4119 495 4173 in
526 4119 758 4190 gloriam
788 4117 884 4173 Dei
920 4126 976 4173 et
1005 4118 1216 4190 refugia
1240 4120 1631 4175 salvandorum
1652 4119 1847 4177 eﬂecta
1868 4129 2018 4190 sunt,

443 4208 634 4263 domos
677 4206 794 4262 fore
840 4221 1162 4263 communes
1210 4208 1524 4265 fautoribus
1586 4210 1703 4267 suis
1754 4210 2022 4266 militibus

436 4299 700 4356 faciebat.
749 4298 995 4369 Denique
1018 4300 1335 4355 coenobium
1374 4301 1653 4366 Dalmatii,
1686 4302 1833 4374 quod
1874 4303 2020 4358 inter

2190 3212 2349 3263 Anno
2379 3209 2595 3280 imperii
2624 3210 2973 3266 Constantini
2999 3212 3070 3265 29
3118 3210 3357 3280 ingressa
3385 3216 3468 3263 est
3494 3208 3707 3263 urbem

2123 3299 2358 3357 Heirene
2391 3301 2461 3355 ab
2482 3302 2714 3358 Athenis
2739 3303 2971 3358 veniens
3001 3301 3355 3359 dromouibus
3384 3309 3439 3355 et
3458 3298 3701 3354 cbelan-

2123 3391 2227 3446 diis
2264 3392 2540 3461 plurimis,
2596 3393 2887 3449 adornatis
2914 3394 3113 3450 sericis
3137 3393 3334 3464 palliis,
3360 3402 3414 3447 et
3448 3393 3700 3461 proceri-

2122 3483 2227 3539 bus
2278 3485 2436 3539 urbis
2461 3501 2589 3541 cum
2625 3488 2896 3543 uxoribus
2924 3487 3150 3543 obviam
3184 3485 3610 3542 occurrentibus
3646 3494 3713 3540 et

2122 3578 2562 3648 pmcedentibus
2610 3595 2754 3634 eam.
2807 3578 3059 3650 Cumque
3102 3578 3416 3649 patriarcha
3455 3578 3717 3634 venisset

2123 3670 2192 3725 ad
2258 3672 2521 3740 palatium
2574 3672 2631 3727 in
2670 3673 2963 3730 ecclesiam
3017 3672 3209 3738 Phari,
3268 3670 3411 3726 facta
3456 3680 3595 3724 sunt
3644 3670 3717 3726 ad

2123 3764 2373 3820 eamdem
2421 3763 2715 3820 Heircnem
2748 3764 2950 3821 Leonis
2999 3762 3355 3834 imperatoris
3406 3762 3715 3832 sponsalia,

2123 3866 2181 3910 et
2213 3856 2428 3911 decimo
2447 3864 2602 3911 sexto
2630 3857 2901 3913 Kalendas
2921 3856 3217 3912 Ianuarias
3242 3862 3513 3911 coronata
3540 3864 3635 3909 est
3659 3856 3715 3910 in

2125 3946 2365 4002 triclinio
2386 3949 2643 4015 Augustae
2682 3949 3006 4020 imperatrix
3035 3948 3299 4005 lleirene.
3323 3947 3459 4016 Quae
3485 3964 3621 4005 cum
3647 3950 3715 4003 ad

2123 4041 2425 4095 oratorium
2459 4040 2515 4097 S.
2549 4040 2818 4112 Stephani
2850 4041 3016 4096 situm
3061 4040 3118 4095 in
3178 4040 3407 4110 Daphne
3455 4040 3716 4104 abiisset,

2122 4132 2336 4202 accepit
2362 4134 2680 4203 nuptiarum
2707 4148 2967 4189 coronam
2994 4150 3103 4188 una
3138 4149 3264 4188 cum
3296 4132 3410 4187 ﬁlio
3427 4132 3720 4188 Constan-

2123 4220 2259 4284 tini,
2323 4223 2548 4292 praelato
2607 4224 2867 4280 videlicet
2924 4224 3261 4295 imperatore
3312 4224 3529 4279 Leone.
3598 4224 3721 4279 Hoc

2121 4315 2289 4371 etiam
2330 4331 2476 4371 anno
2501 4315 2642 4372 facta
2672 4328 2759 4373 est
2780 4317 3141 4375 commutatio
3197 4317 3250 4372 in
3298 4316 3458 4388 Syria
3494 4317 3610 4371 viri
3649 4317 3719 4371 ad

439 4391 651 4489 0min”
680 4391 925 4489 Βγῑεξιηίί
960 4400 1081 4447 εἶναι
1100 4392 1371 4489 mamma:
1405 4395 1678 4489 militibus
1717 4396 1771 4450 in
1802 4395 2018 4451 habila'
2052 4432 2096 4489 ι)
2122 4408 2307 4464 virum
2329 4417 2385 4463 et
2407 4408 2627 4473 feminae
2665 4409 2733 4465 ad
2766 4409 3028 4466 feminam
3061 4418 3119 4466 et
3148 4410 3305 4480 pueri
3337 4410 3607 4465 similiter
3648 4408 3723 4463 ad

440 4486 625 4541 culum
659 4485 886 4552 tribuit;
914 4500 977 4541 ea
1008 4501 1131 4556 quae
1154 4485 1418 4542 dicuntur
1443 4486 1743 4545 Callistrati
1763 4498 1818 4544 et
1842 4489 1925 4544 Dii
1957 4503 2022 4543 ac
2052 4485 2083 4489 ⁷
2123 4516 2378 4571 puerum,
2415 4501 2484 4556 Ει
2506 4502 2770 4572 praecepi;
2800 4502 3043 4558 Abdelas
3089 4502 3207 4557 ηαξ
3249 4502 3455 4557 barbas
3488 4517 3721 4567 eorum,

440 4577 719 4633 Maximini
740 4580 1100 4641 monasteria,
1132 4595 1349 4635 necnon
1378 4588 1435 4636 et
1478 4581 1617 4637 alias
1662 4597 1849 4638 sacras
1897 4598 2020 4637 mo~

437 4674 738 4727 nacharum
766 4688 830 4728 ac
857 4672 1135 4744 virginum
1178 4672 1392 4738 domos,
1418 4690 1449 4728 a
1500 4672 1873 4731 fundamentis
1919 4674 2018 4730 de-
2073 4688 2082 4703 ‘

437 4765 659 4819 struxit.
697 4766 805 4821 Eos
838 4780 972 4820 vero
997 4767 1093 4836 qui
1136 4768 1499 4823 monasticam
1543 4768 1730 4824 subire
1757 4768 1926 4823 vitam
1951 4784 2020 4823 ex

438 4853 749 4924 insignibus
777 4856 1053 4911 militibus
1077 4858 1165 4913 vel
1195 4858 1551 4914 senatoribus
1579 4859 1929 4923 studuerant,
1962 4868 2021 4914 et

434 4944 675 4999 maxime
699 4945 822 5000 illos
844 4947 939 5015 qui
968 4948 1073 5002 sibi
1101 4949 1451 5005 adhaeserant
1474 4957 1530 5005 et
1554 4950 1861 5020 compliccs
1890 4950 2020 5005 libi—

438 5036 586 5091 dinis
616 5052 729 5093 suae
775 5054 839 5093 ac
866 5039 1234 5097 nefandorum
1281 5051 1504 5099 actuum
1552 5043 1795 5109 fuerant,
1855 5043 2021 5098 morti

437 5126 729 5194 subdehat,
750 5131 1031 5199 suspectui
1061 5131 1271 5189 habens
1319 5134 1726 5201 confusionem,
1757 5150 1880 5205 quae
1912 5133 2019 5188 sibi

436 5236 503 5277 ex
536 5220 1088 5291 pronuntiationibus
1132 5222 1289 5280 fieret
1320 5226 1730 5296 propalantium
1750 5241 1829 5281 se.
1862 5225 2018 5282 Unde

435 5320 491 5366 et
523 5311 859 5383 Strategium
882 5312 1229 5385 Podopaguri
1259 5314 1512 5381 fratrem,
1548 5331 1676 5371 cum
1722 5323 1872 5372 esset
1920 5332 2014 5369 ur-

436 5403 617 5459 banus
668 5405 878 5475 specie,
938 5406 1288 5477 assumpsit:
1332 5408 1552 5463 amabat
1604 5410 1751 5464 enim
1814 5408 2016 5463 talibus

2120 4600 2177 4649 et
2200 4591 2321 4648 fieri
2345 4592 2691 4649 calamaucos
2722 4594 2894 4649 cubiti
2927 4595 3093 4650 unius
3119 4605 3177 4650 et
3203 4594 3393 4650 semis.

2200 4683 2362 4738 Anno
2421 4684 2643 4754 imperii
2696 4683 3045 4739 Constantini
3098 4683 3168 4739 50
3222 4683 3508 4738 Adrianus
3560 4681 3722 4736 sedis

2121 4775 2435 4845 apostolicae
2490 4776 2693 4845 praesul
2744 4776 3000 4831 habetur.
3060 4772 3271 4831 Eodem
3324 4790 3474 4829 anno
3536 4774 3725 4829 movit

2120 4864 2428 4920 exercitum
2473 4864 2715 4921 Banacas
2748 4877 2943 4922 contra
3002 4866 3354 4928 Romaniam,
3402 4873 3463 4919 et
3503 4865 3722 4919 multos

2121 4957 2368 5027 captivos
2397 4956 2664 5023 abduxit,
2711 4965 2767 5012 et
2800 4957 3034 5012 Romani
3078 4966 3332 5029 quartam
3382 4957 3723 5012 Armeniam

2122 5049 2355 5120 ingressi
2417 5049 2874 5120 despoliaverunt
2933 5066 3078 5107 eam.
3129 5050 3403 5105 Praeterea
3466 5050 3721 5103 moritur

2122 5139 2342 5222 Salech,
2405 5150 2462 5196 et
2526 5142 2792 5197 translata
2851 5150 2935 5197 est
3002 5140 3351 5197 Germanicia
3414 5141 3474 5195 in
3538 5141 3725 5197 Palae-

2122 5232 2345 5288 stinam.

2193 5323 2404 5380 Eodem
2436 5340 2567 5382 vero
2595 5341 2741 5382 anno
2772 5326 3023 5382 imitatus
3048 5325 3489 5382 Lachanodraco
3539 5328 3727 5397 magi—

2124 5426 2297 5470 strum
2326 5433 2510 5481 suum.
2550 5434 2769 5474 omnem
2804 5420 3135 5475 monachum
3184 5429 3238 5476 et
3287 5419 3639 5475 monacham
3673 5421 3731 5475 in

1906 5526 2134 5588 ΝΟΤᾸΞ.

507 5617 619 5684 (87)
643 5616 910 5672 Trimisia.
941 5619 1127 5674 Anast.
1161 5619 1216 5674 iu
1257 5620 1452 5674 exsilio
1480 5619 1537 5675 S.
1568 5619 1724 5674 Mart.
1758 5637 1773 5674 :

440 5682 783 5757 V.Scaliger
810 5688 887 5741 De
909 5706 963 5743 re
996 5706 1197 5744 numm.
1220 5700 1275 5745 et
1298 5690 1529 5748 Salntas.
1562 5691 1629 5747 ad
1654 5690 1716 5747 ll.
1747 5692 1810 5746 A.
1842 5682 2000 5750 Fami.

1816 5621 2049 5703 cnllsque
2095 5627 2161 5682 ad
2205 5646 2376 5686 unum
2416 5631 2705 5687 trimisium
2738 5630 3077 5688 frumentum
3124 5631 3275 5703 potui
3307 5647 3678 5699 comparare.
3711 5652 3739 5686 ι
