3978 6212
399 304 537 406 13δέ

1204 314 1571 404 ΙΠΞΤΟΗΪΑ
1606 336 2181 404 ECCLES’IASTICA
2213 345 2317 405 EX
2348 314 2829 408 THEOPHANE.

3504 321 3647 408 iano

393 462 636 516 themate
669 422 1097 511 Thracesiorum
1141 464 1547 512 commorantes
1595 457 1740 529 apud
1776 457 1961 528 Ephe-
1991 463 2034 519 Α
2063 454 2266 513 derunt
2319 475 2386 513 ex
2448 458 2722 515 Arabibus
2773 461 2941 515 mille.
2994 461 3093 515 Ast
3150 457 3384 515 Abdelas
3444 456 3640 512 abiens

393 565 514 607 sum
564 548 934 619 congregavit,
988 557 1045 603 et
1101 547 1320 603 eductis
1353 549 1433 604 eis
1458 548 1513 602 in
1540 564 1792 619 campum
1827 549 1965 604 dixit

389 644 456 699 ad
492 657 627 698 eos:
660 639 762 707 Qui
804 638 917 695 vult
943 641 1253 711 imperatori
1278 656 1340 693 ac
1368 640 1514 694 nobis
1566 639 1794 707 obedire,
1842 639 1965 694 alba

387 734 649 789 induatur
696 740 835 786 ueste
866 739 916 784 et
964 733 1018 785 in
1075 732 1174 785 hac
1220 731 1350 785 hora
1379 740 1555 785 sumat
1590 746 1805 785 uxorem
1830 746 1849 785 :
1885 738 1966 785 ast

389 828 481 898 qui
520 827 616 879 hoc
648 823 821 895 facere
864 823 1015 894 parvi
1043 823 1342 893 penderint,
1370 825 1565 894 privati
1600 822 1881 877 luminibus
1911 825 1968 878 in

391 918 567 991 Cypro
589 915 771 971 exsilio
791 916 1209 970 damnabantur.
1229 914 1480 986 Tumque
1498 931 1636 986 opus
1658 930 1784 970 cum
1797 916 1968 971 verbo

392 1010 599 1083 pariter
645 1016 1086 1065 consummatum
1143 1016 1264 1073 est,
1319 1017 1376 1063 et
1423 1008 1580 1061 multi
1625 1006 1819 1062 eodem
1878 1006 1968 1063 dic

393 1114 662 1174 martyres
706 1108 836 1156 sunt
870 1100 1102 1168 ostensi,
1158 1101 1318 1155 multi
1356 1115 1489 1155 vero
1542 1098 1864 1156 deﬁcientes
1913 1107 1969 1155 et

390 1191 639 1248 enervati
666 1192 975 1263 perierunt,
1038 1205 1179 1260 quos
1218 1200 1274 1245 et
1317 1190 1618 1246 familiares
1655 1190 1762 1245 sibi
1792 1191 1970 1246 Draco

391 1276 650 1337 faciebat.
682 1282 955 1335 Praeterea
986 1278 1288 1336 indictione
1330 1294 1474 1334 nona
1503 1320 1517 1342 ,
1551 1294 1740 1334 mense
1766 1278 1971 1335 Janua-

392 1374 501 1440 rio,
544 1380 708 1427 natus
739 1382 824 1428 est
858 1370 1181 1442 imperatori
1226 1370 1399 1426 Leoni
1431 1378 1487 1425 et
1517 1368 1770 1426 l-leirenat
1801 1368 1967 1435 ﬁlius,

392 1467 485 1538 qui
517 1465 838 1521 nominatus
880 1473 966 1519 est
992 1462 1409 1531 Constantinus,
1442 1463 1573 1519 dum
1607 1461 1791 1518 adhuc
1815 1460 1970 1517 vive-

395 1570 479 1615 rct
510 1558 906 1614 Constantinus
932 1572 1069 1612 avus
1100 1558 1242 1628 ejus.

462 1650 623 1703 Anno
678 1647 896 1717 imperii
945 1645 1296 1702 Constantini
1349 1645 1411 1702 5i
1449 1645 1625 1703 movit
1665 1646 1972 1702 exercitum

392 1743 635 1798 Bauacas
659 1747 853 1796 contra
884 1739 1229 1807 Romaniam,
1265 1747 1323 1796 et
1354 1756 1478 1795 cum
1502 1739 1876 1796 descendisset
1901 1737 1970 1793 ab

2069 547 2501 621 Hierosolymam
2520 549 2810 621 jejunavit,
2844 560 2901 607 ct
2935 551 3195 622 praecepit
3221 548 3448 605 inscribi
3482 548 3647 603 Chri-

2068 639 2277 694 stianos
2307 650 2362 694 et
2389 640 2649 695 Hebraeos
2684 640 2739 694 in
2775 641 3065 709 manibus;
3119 649 3177 696 et
3218 640 3429 695 idcirco
3476 638 3640 695 multi

2067 728 2506 786 Christianorum
2561 746 2661 802 per
2717 747 2869 788 mare
2929 732 2986 788 in
3058 731 3387 789 Romaniam
3445 729 3647 787 confu-

2069 832 2287 895 gerunt.

2140 915 2298 970 Anno
2328 915 2544 986 imperii
2589 915 2675 971 sui
2708 917 2777 973 53
2809 915 2980 971 movit
3007 915 3426 982 Constantinus,
3453 930 3642 971 mense

2069 1007 2211 1064 Maio
2242 1007 2584 1067 duodecimae
2614 1008 2955 1074 indictionis,
2980 1009 3183 1065 stolum
3217 1008 3639 1065 chelandiorum

2073 1098 2159 1154 bis
2187 1098 2421 1154 millium
2447 1111 2639 1156 contra
2665 1099 3004 1172 Vulgariam.
3039 1101 3107 1154 Et
3134 1100 3415 1171 ingressus
3445 1100 3565 1170 ipse
3584 1099 3645 1154 in

2073 1191 2241 1247 rubea
2270 1192 2559 1249 chelandia
2578 1203 2761 1249 motus
2783 1202 2867 1249 est
2891 1197 2959 1248 ad
2982 1191 3298 1248 intrandum
3327 1190 3640 1246 Danubium

2072 1298 2310 1349 amnem,
2340 1284 2622 1341 derelictis
2656 1301 2874 1356 quoque
2912 1284 3242 1356 praetoribus
3298 1283 3643 1354 equestrium

2075 1376 2377 1431 thematum
2417 1391 2569 1432 extra
2599 1376 2903 1441 clausuras,
2933 1379 2979 1431 si
3017 1375 3155 1431 forte
3189 1384 3415 1446 possent
3440 1375 3645 1446 Vulga-

2072 1466 2228 1524 ribus
2274 1468 2330 1523 in
2368 1485 2428 1525 se
2468 1469 2730 1524 intuitum
2771 1468 3068 1540 figenti’ous
3094 1468 3324 1524 introire
3356 1467 3411 1522 in
3442 1468 3646 1539 Vulga-

2072 1560 2231 1615 riam.
2274 1559 2411 1617 Cum
2455 1570 2639 1617 autem
2669 1562 2911 1617 venisset
2944 1577 3117 1631 usque
3153 1559 3220 1616 ad
3252 1560 3460 1615 Barnas
3484 1599 3498 1623 ,
3535 1557 3649 1613 for-

2074 1650 2321 1719 midavit,
2375 1662 2432 1709 et
2471 1654 2656 1710 redire
2700 1654 3089 1710 meditabatur.
3133 1653 3240 1709 Sed
3287 1661 3345 1708 et
3381 1653 3648 1724 Volgares

2073 1743 2347 1810 videntes,
2390 1761 2455 1801 ac
2505 1745 2673 1802 simili
2716 1761 2922 1817 pavore
2974 1753 3316 1810 metuentes,
3375 1744 3648 1799 miserunt

392 1833 650 1892 Ilisauria
706 1833 763 1887 in
809 1841 1054 1888 castrum
1119 1831 1294 1896 Sices,
1342 1831 1562 1887 obsedit
1602 1831 1760 1886 illud.
1812 1829 1970 1898 Quod

2082 1836 2281 1891 Boilam
2312 1846 2368 1894 et
2391 1837 2656 1909 Tzigaten
2697 1816 2951 1909 petentes
2988 1852 3198 1908 pacem.
3231 1835 3381 1902 Quos
3406 1850 3532 1891 cum
3561 1835 3648 1889 vi-

393 1943 521 1984 cum
573 1924 821 1980 audisset
866 1924 1191 1993 imperator,
1241 1921 1464 1993 scripsit
1529 1921 1598 1977 ad
1648 1920 1969 1977 Michaclem

392 2029 686 2094 praetorem
716 2015 1081 2071 Orientalium
1105 2022 1160 2070 et
1192 2012 1259 2069 ad
1293 2013 1477 2068 Manin
1500 2012 1970 2069 Buccellariorum

391 2120 450 2165 et
484 2107 715 2163 Bardam
752 2104 1208 2161 Armeniacorum
1252 2111 1545 2174 praetores;
1588 2102 1683 2173 qui
1717 2099 1974 2157 cum've-

391 2199 625 2262 nissent,
641 2202 940 2251 tenuerunt
963 2207 1247 2266 egressum
1279 2207 1497 2257 eorum,
1519 2191 1615 2263 qui
1657 2197 1779 2247 erat
1813 2190 1973 2246 clau-

392 2304 521 2346 sura
549 2286 709 2341 valde
732 2284 969 2340 difﬁcilis
990 2284 1057 2340 ad
1081 2283 1400 2340 meandum.
1429 2281 1617 2337 Stolns
1663 2288 1848 2335 autem
1878 2278 1969 2332 Ci-

392 2379 834 2453 byrrbteotorum
869 2390 997 2431 cum
1038 2376 1286 2430 Praetona
1308 2372 1587 2444 spathario
1606 2378 1840 2442 praetore
1873 2383 1975 2425 suo

393 2472 621 2527 veniens
644 2469 907 2540 applicuit
922 2468 979 2522 in
1003 2476 1169 2538 portu
1194 2466 1439 2537 praedicti
1463 2464 1652 2520 castri.
1669 2462 1825 2530 Quod
1847 2475 1974 2517 cum

394 2563 636 2618 Banacas
678 2561 926 2621 vidisset,
985 2558 1073 2613 sui
1112 2558 1442 2628 desperatus
1475 2553 1733 2609 ﬁduciam
1781 2565 1975 2607 rursus

395 2654 647 2717 assumit,
691 2665 932 2722 suosque
971 2648 1408 2712 alacres‘reddit,
1461 2656 1519 2703 et
1561 2644 1872 2700 ascendens
1903 2641 1974 2697 ad

394 2755 682 2816 equestres
709 2743 986 2799 exercitus
1031 2739 1246 2812 magnis
1296 2746 1353 2794 et
1405 2735 1714 2807 repentinis
1742 2732 1977 2790 vocibus

397 2850 526 2891 cum
559 2834 819 2889 omnibus
866 2831 982 2889 suis
1034 2829 1331 2885 clamorem
1378 2827 1556 2893 dedit,
1602 2826 1796 2896 sicque
1850 2823 1979 2879 illos

398 2926 628 2983 territos
666 2925 848 2997 fugat,
903 2922 1205 2991 multisque
1259 2919 1567 2991 peremptis
1627 2914 1977 2986 depraedatus

344 3026 347 3027 ⁷
397 3031 489 3078 est
510 3018 694 3076 omnia
710 3017 857 3073 circa
897 3014 1154 3088 regiones
1168 3012 1314 3077 illas,
1338 3020 1397 3067 et
1423 3025 1551 3067 eum
1572 3008 1768 3079 spoliis
1789 3003 1980 3060 multis

358 3146 359 3151 η
398 3126 661 3172 reversus
684 3119 789 3168 εει.

472 3169 678 3262 Eodem
703 3216 926 3275 quoque
956 3214 1102 3257 anno
1133 3199 1303 3255 misso
1326 3195 1752 3252 Thracesiorum
1777 3198 1977 3263 praetor
2004 3169 2047 3229 (ἶ

400 3299 833 3371 Lachanodraco
876 3295 1063 3351 Leone
1095 3290 1313 3347 notario
1338 3304 1440 3345 suo
1471 3299 1528 3343 et
1570 3285 1756 3341 Leone
1788 3297 1980 3338 exmo.

398 3394 582 3450 nacho
610 3388 957 3447 venundavit
987 3384 1173 3450 omnia
1206 3380 1564 3443 monasteria,
1593 3378 1849 3432 virorum
1874 3373 1983 3430 sci-

401 3477 538 3543 licet
563 3494 620 3541 et
644 3483 997 3546 feminarum,
1022 3487 1079 3534 et
1104 3477 1288 3532 omnia
1319 3489 1449 3529 vasa
1481 3480 1697 3529 sacrata
1729 3477 1783 3525 et
1808 3468 1982 3523 libros

401 3586 461 3634 et
492 3590 718 3648 pecora,
746 3579 803 3629 et
822 3585 1055 3642 qumque
1085 3567 1548 3640 patrimoniorum
1577 3577 1771 3618 eorum
1801 3569 1981 3624 erant,

404 3681 465 3729 et
491 3672 688 3726 horum
719 3665 898 3739 pretia
948 3663 1187 3736 principi
1213 3660 1432 3716 detulit.
1485 3657 1768 3726 Quotquot
1796 3662 1982 3708 autem

404 3764 712 3820 monachos
743 3769 800 3817 et
832 3768 1094 3832 paternos
1149 3756 1324 3811 libros
1375 3751 1604 3822 reperit,
1656 3750 1783 3819 igne
1837 3759 1988 3802 com-

392 3855 618 3920 bussit;
667 3860 725 3908 et
764 3850 945 3908 sicubi
967 3849 1245 3919 lipsanum
1276 3843 1453 3900 sancti
1487 3840 1611 3912 quis
1644 3838 1855 3893 habens
1884 3851 1981 3906 ap-

404 3949 688 4023 paruisset
728 3945 799 4011 ad
829 3943 1161 4006 custodiam,
1190 3948 1248 3994 et
1280 3938 1387 3992 hoc
1430 3947 1655 4006 quoque
1703 3929 1988 3986 nihilomi-

401 4057 515 4099 nus
545 4039 657 4114 igni
684 4037 971 4103 tradebat,
1001 4049 1130 4090 eum
1172 4046 1309 4088 vero
1336 4028 1431 4100 qui
1468 4027 1709 4083 habebat
1743 4024 1901 4088 illud,
1924 4031 1988 4077 ut

403 4135 580 4206 impie
605 4138 856 4205 agentem
882 4126 1168 4201 puniebat.
1202 4124 1273 4179 Et
1302 4122 1505 4176 multos
1531 4117 1757 4189 quidem
1789 4130 1987 4172 mona-

403 4227 640 4283 chorum
663 4220 989 4278 verberibus
1031 4214 1332 4279 interfecit,
1375 4211 1642 4284 quosdam
1671 4208 1839 4265 etiam
1869 4208 1985 4278 gla-

402 4316 503 4375 dio
557 4310 872 4370 trucidavit.
909 4310 1184 4365 Praeterea
1215 4301 1652 4359 innumerabiles
1697 4298 1984 4355 oculorum

400 4408 620 4466 visibus
657 4403 975 4467 exorbavit;
1024 4410 1083 4455 et
1111 4395 1482 4469 quorumdam
1511 4393 1737 4465 quidem
1780 4389 1986 4446 barbas

2072 1928 2245 1984 disset
2288 1929 2610 1999 imperator,
2639 1930 2858 2001 gavisus
2881 1938 2965 1985 est
2992 1940 3047 1985 et
3093 1944 3284 2000 pacem
3315 1927 3468 1993 fecit,
3506 1942 3652 1998 pra:-

2072 2020 2202 2076 Stito
2227 2018 2469 2076 vicissim
2501 2021 2860 2092 jurejurando
2883 2029 3155 2092 quatenus
3184 2036 3365 2091 neque
3384 2018 3652 2090 Vulgares

2072 2113 2288 2168 exirent
2312 2121 2504 2168 contra
2519 2113 2845 2168 Romaniam
2872 2127 3054 2183 neque
3080 2113 3378 2183 imperator
3401 2110 3653 2166 studeret

2074 2204 2449 2275 inVulgariam
2479 2205 2705 2260 intrare.
2723 2203 2792 2259 Et
2818 2203 2980 2259 factis
3002 2218 3171 2273 super
3196 2203 3303 2258 hoc
3323 2218 3389 2258 ex
3417 2211 3655 2271 utraque

2073 2302 2231 2366 parte
2256 2289 2553 2366 scripturis
2574 2294 2642 2350 ad
2670 2295 2911 2350 invicem
2939 2308 3196 2350 reversus
3229 2300 3315 2349 est
3350 2292 3653 2362 imperator

2074 2394 2132 2443 et
2162 2387 2358 2443 urbem
2399 2387 2554 2453 adit,
2589 2388 2788 2443 taxatis
2819 2386 3100 2443 derelictis
3146 2402 3215 2442 ex
3246 2386 3505 2442 omnibus
3535 2384 3658 2441 the-

2076 2477 2320 2534 matibus
2365 2477 2422 2534 in
2486 2478 2685 2534 castris
2729 2495 2851 2550 quae
2898 2477 3169 2535 condidit.
3218 2476 3484 2535 Octobrio
3521 2490 3660 2532 vero

2076 2585 2267 2626 mense
2328 2571 2635 2627 undecimae
2673 2569 3000 2626 indictionis
3033 2568 3294 2624 nuntium
3343 2567 3590 2636 suscepit
3624 2581 3658 2623 ει

2079 2660 2337 2733 Vulgaria
2373 2662 2442 2717 ab
2493 2661 2729 2717 occultis
2761 2661 2959 2717 amicis
3014 2661 3151 2724 suis,
3209 2659 3355 2729 quod
3412 2659 3661 2714 mitteret

2077 2753 2338 2811 dominus
2386 2755 2662 2828 Vulgariae
2690 2754 2986 2810 duodecim
3040 2753 3216 2809 millia
3253 2760 3321 2809 ex
3368 2751 3575 2823 populo
3603 2758 3662 2806 et

2081 2847 2331 2903 Boilades
2365 2847 2433 2903 ad
2461 2849 2849 2919 captivandum
2870 2847 3160 2903 Verzitiam
3187 2854 3244 2903 et
3271 2843 3661 2909 abducendum

2077 2954 2174 2994 eos
2201 2940 2252 2994 in
2286 2939 2623 3012 Vulgariam.
2662 2939 2766 3006 Qui
2799 2955 2869 2994 ne
2891 2939 3269 2994 innotesceret
3296 2937 3444 3009 quod
3467 2940 3663 2993 contra

2079 3026 2347 3099 Vulgares
2385 3040 2702 3084 moveretur
2728 3030 3026 3100 (venerant
3050 3028 3197 3084 enim
3244 3027 3313 3082 ad
3344 3042 3472 3083 eum
3494 3025 3663 3099 legati

2081 3119 2291 3175 domini
2321 3118 2611 3191 Vulgariie)
2640 3134 2767 3175 cum
2817 3119 3000 3174 adhuc
3021 3118 3060 3173 ii
3082 3126 3272 3174 essent
3307 3118 3366 3173 in
3395 3117 3556 3184 urbe,
3588 3117 3664 3173 si-

2081 3211 2310 3266 mulavit
2338 3226 2398 3266 se
2421 3210 2688 3267 adversus
2718 3210 2929 3267 Arabes
2973 3226 3200 3267 movere
3225 3252 3240 3275 ,
3272 3218 3328 3266 et
3354 3219 3665 3266 transmea-

2081 3313 2213 3359 runt
2238 3313 2348 3359 tam
2372 3303 2570 3360 vexilla
2599 3320 2762 3374 quam
2795 3304 3169 3375 supellectiles
3195 3302 3494 3358 ministerii
3523 3301 3663 3373 regii

2080 3403 2400 3465 apparatus.
2459 3393 2595 3449 Cum
2646 3403 2833 3450 autem
2883 3392 3277 3465 apocrisiarius
3333 3392 3658 3458 dimisisset,

2078 3480 2184 3558 'per
2211 3487 2594 3557 exploratores
2624 3495 2913 3558 comperto
2950 3502 3145 3543 eorum
3182 3502 3430 3559 egressu,
3450 3500 3666 3543 assum-

2081 3588 2177 3648 pto
2207 3578 2452 3634 exercitu
2507 3577 2744 3634 festinus
2769 3579 2874 3633 iter
2904 3579 3162 3649 arripuit,
3216 3588 3273 3635 et
3326 3578 3667 3635 coacervatis

2085 3670 2391 3724 thematum
2423 3669 2624 3724 taxatis
2650 3677 2705 3724 et
2734 3668 3125 3726 Thracesianis
3156 3678 3213 3724 et
3245 3671 3416 3726 unitis
3454 3672 3668 3726 ordini-

2082 3759 2192 3817 bus
2220 3759 2585 3830 optimatibus
2615 3757 2742 3814 fecit
2774 3772 2871 3814 eos
2913 3754 2983 3813 80
3008 3759 3200 3814 millia.
3235 3760 3305 3814 Et
3336 3774 3573 3830 pergens
3608 3762 3664 3816 in

2086 3853 2271 3909 locum
2298 3852 2394 3924 qui
2412 3850 2618 3907 dicitur
2639 3850 2977 3917 Lithosoria,
3004 3851 3214 3907 nullius
3242 3852 3387 3907 tubae
3408 3851 3667 3922 clangore

2086 3952 2339 4008 sonante.
2366 3943 2656 4000 irruerunt
2696 3958 2862 4015 super
2892 3943 3036 4009 illos,
3064 3952 3122 3999 et
3159 3952 3383 4000 vertens
3411 3957 3509 4000 eos
3538 3942 3670 4001 fecit

2086 4037 2377 4095 victoriam
2421 4053 2698 4109 magnam,
2748 4047 2806 4093 et
2852 4051 2979 4092 cum
3010 4035 3201 4091 multis
3236 4034 3453 4092 exuviis
3487 4045 3544 4093 et
3575 4051 3668 4091 ca-

2087 4128 2254 4200 ptivis
2280 4143 2537 4185 reversus
2576 4136 2661 4184 est
2688 4170 2704 4195 ,
2750 4125 3018 4199 triumphi
3067 4126 3151 4182 sui
3207 4126 3451 4197 tropbtea
3499 4141 3669 4198 penes

2089 4222 2286 4276 urbem
2337 4229 2647 4285 ostentans,
2696 4228 2749 4275 et
2787 4218 3071 4289 obsequiis
3108 4216 3453 4288 constipatus
3510 4218 3667 4273 ince-

2089 4313 2248 4383 dens,
2280 4310 2601 4383 bellumque
2640 4312 2746 4368 hoc
2799 4311 2985 4368 nobile
3036 4325 3387 4382 nuncupans,
3420 4325 3488 4367 eo
3516 4310 3665 4381 quod

2087 4420 2253 4460 nemo
2281 4403 2387 4461 sibi
2422 4402 2709 4471 restiterit,
2743 4417 2847 4458 nec
2875 4401 3134 4457 mactatio
3172 4400 3227 4456 in
3262 4401 3369 4457 hoc
3396 4408 3492 4456 aut
3521 4400 3668 4456 etfu-

401 4517 537 4558 cera
566 4508 624 4555 et
653 4498 779 4555 oleo
809 4506 1125 4566 perungens
1174 4485 1547 4547 succendcbat
1580 4485 1785 4556 ignem,
1813 4490 1872 4537 et
1910 4480 1984 4535 ita

2090 4495 2173 4552 sio
2200 4495 2503 4552 Christiani
2536 4492 2680 4551 facta
2708 4494 2878 4550 fuerit
2903 4493 3207 4564 sanguinis.

402 4602 522 4651 tam
547 4591 714 4649 facies
744 4602 939 4647 eorum
967 4600 1131 4657 quam
1161 4583 1340 4653 capita
1373 4579 1786 4637 concremabat.
1811 4577 1985 4632 Porro

401 4685 546 4742 alios
577 4690 701 4755 post
729 4681 934 4736 multos
983 4675 1267 4734 cruciatus
1291 4672 1507 4729 exsiliis
1555 4669 1897 4728 destinabat,
1929 4673 1988 4722 et

400 4785 687 4851 postremo
737 4788 849 4828 non
874 4768 1122 4827 deseruit
1170 4768 1228 4822 in
1264 4774 1381 4821 toto
1429 4764 1675 4820 themate
1720 4761 1828 4817 sibi
1854 4759 1987 4815 sub-

396 4868 549 4940 jecto
572 4863 853 4918 hominem
888 4874 1058 4914 unum
1093 4856 1402 4912 monastico
1427 4855 1709 4911 schemate
1740 4852 1984 4907 circum-

398 4956 691 5015 amictum.
723 4953 878 5021 Quod
922 4967 1050 5008 cum
1092 4952 1394 5020 imperator
1438 4947 1752 5005 didicisset.
1779 4945 1985 5001 bonum

398 5063 626 5119 semper
659 5060 887 5103 exosum
922 5043 1156 5107 habens,
1194 5039 1417 5108 scripsit
1440 5037 1491 5093 ei
1521 5037 1727 5109 gratias
1750 5035 1982 5090 dicens:

397 5141 589 5200 Inveni
614 5147 662 5193 te
698 5138 873 5193 virum
896 5134 1185 5191 secundum
1206 5147 1300 5187 car
1321 5147 1512 5193 meum,
1539 5130 1631 5199 qui
1654 5128 1784 5199 facis
1806 5141 1987 5181 omnes

396 5233 708 5290 voluntates
741 5240 906 5287 meas.
951 5229 1111 5286 Hune
1136 5242 1270 5299 ergo
1298 5226 1582 5282 imitantes
1604 5234 1661 5282 et
1687 5224 1874 5282 caeteri
1908 5223 1985 5279 si-

378 5329 556 5385 .milia
588 5327 1004 5399 perpetrabant.

475 5423 636 5479 Anno
675 5421 893 5493 imperii
934 5416 1280 5477 Constantini
1326 5416 1396 5471 3‘2
1438 5414 1590 5470 misit
1635 5412 1876 5469 Abdelas
1929 5411 1985 5468 in

397 5513 642 5571 Africam
681 5510 1039 5567 Mualahitum
1083 5523 1209 5563 cum
1253 5506 1500 5563 exercitu
1546 5505 1747 5574 multo,
1792 5514 1851 5560 et
1898 5504 1985 5560 in-

399 5620 628 5680 gressus
653 5610 738 5659 est
761 5602 1029 5674 Alphadal
1055 5599 1298 5657 Badinar
1321 5600 1378 5654 in
1413 5598 1737 5653 Romaniam
1759 5641 1773 5664 ,
1810 5606 1865 5653 et
1890 5612 1984 5653 ce-

397 5700 484 5773 pit
518 5698 768 5769 captivos
791 5695 1146 5767 quingentos.
1178 5691 1650 5762 Mopsuestienses
1677 5701 1862 5746 autem
1885 5691 1987 5746 ob-

396 5792 550 5851 viam
591 5791 674 5847 eis
700 5799 1062 5846 occurrentes
1097 5793 1154 5843 et
1201 5785 1411 5842 bellum
1449 5784 1792 5857 exagitantes
1828 5783 1981 5841 occi-

2158 4587 2320 4644 Anno
2365 4587 2583 4658 imperii
2635 4585 2720 4642 sui
2752 4586 2823 4642 54
2859 4584 3257 4641 Constantinus
3286 4583 3510 4640 solvens
3534 4583 3667 4642 Vul-

2088 4694 2281 4751 garum
2316 4694 2508 4749 pacem
2544 4675 2855 4732 construxit
2904 4675 3102 4730 iterum
3155 4675 3359 4730 stolum
3403 4675 3662 4737 multum.

2088 4780 2146 4827 et
2185 4771 2526 4826 intromissis
2553 4768 2609 4823 in
2635 4783 2764 4824 cum
2809 4767 3059 4838 equitum
3090 4766 3157 4821 12
3191 4765 3438 4822 millibus
3463 4766 3666 4824 direxit

2087 4874 2351 4935 prmtores
2379 4863 2636 4921 classium
2683 4875 2877 4916 omnes
2916 4859 2972 4914 in
3009 4859 3125 4924 illo,
3153 4858 3271 4930 ipse
3297 4874 3430 4915 vero
3466 4858 3667 4915 timens

2089 4952 2292 5007 mansit
2331 4967 2459 5007 cum
2508 4948 2753 5022 equestri
2803 4947 3019 5004 militia.
3066 4947 3204 5004 Cum
3252 4961 3438 5006 autem
3486 4963 3665 5015 usque

2087 5042 2468 5100 Mesembriam
2516 5043 2802 5099 venissent
2841 5051 2899 5098 et
2937 5042 3079 5099 hanc
3124 5042 3374 5100 fuissent
3409 5042 3662 5114 ingressi,

2087 5138 2339 5193 valenter
2380 5134 2639 5206 aquilone
2672 5144 2837 5192 vento
2865 5135 3107 5206 spirante
3133 5136 3319 5191 omnia
3350 5148 3491 5206 pene
3526 5147 3663 5190 con-

2091 5228 2220 5285 trita
2246 5234 2454 5282 suntet
2481 5227 2640 5282 multi
2666 5226 2977 5298 perierunt,
3027 5235 3084 5282 et
3129 5226 3314 5290 rediit,
3351 5239 3478 5280 cum
3522 5222 3662 5278 nihil

2088 5321 2348 5377 utilitatis
2378 5321 2673 5376 attulisset.
2707 5320 2882 5376 Porro
2929 5319 3215 5389 Telerigus
3249 5315 3505 5371 dominus
3533 5314 3665 5370 Vulo

2089 5415 2255 5488 gariae
2276 5420 2563 5484 comperto
2590 5412 2737 5483 quod
2769 5427 2868 5483 per
2892 5410 3192 5466 familiares
3217 5424 3348 5464 suos
3366 5408 3664 5479 imperator

2088 5504 2322 5561 consilia
2349 5518 2448 5558 sua
2477 5509 2856 5574 cognosceret,
2916 5500 3109 5555 scribit
3142 5500 3192 5557 ei
3219 5499 3439 5555 dicens:
3470 5496 3665 5553 Vellem

2088 5598 2313 5669 effugere
2342 5604 2391 5650 et
2414 5596 2590 5649 uenire
2613 5595 2683 5648 ad
2709 5601 2777 5648 te.
2806 5593 3124 5648 Transmitte
3142 5609 3265 5664 ergo
3300 5590 3428 5647 mihi
3454 5588 3664 5645 uerbum

2089 5690 2389 5745 securitatis
2421 5703 2571 5753 mea',
2608 5696 2656 5741 et
2687 5702 2815 5758 quos
2845 5685 3003 5740 habes
3039 5686 3120 5740 hic
3147 5686 3363 5751 amicos,
3390 5692 3447 5739 ut
3474 5686 3568 5740 hoc
3592 5685 3665 5739 eis

2089 5783 2303 5839 credam
2349 5790 2396 5837 et
2434 5796 2634 5836 mecum
2689 5784 2991 5834 occurrant.
3029 5777 3099 5833 At
3143 5777 3234 5834 ille
3276 5776 3500 5833 levitate
3532 5784 3667 5830 usus
