3978 6212
430 285 569 355 1391

1530 281 1928 345 ANASTASII
1975 281 2601 346 BIBLIOTHECARII

3535 283 3648 351 1392

433 399 666 472 scripsit
699 396 773 453 ei.
823 394 1079 465 Quicum
1111 394 1231 451 haec
1259 392 1567 458 didicisset,
1616 410 1716 465 per
1765 395 2008 450 medium
2036 405 2088 463 Α
2112 395 2358 451 stantino
2382 411 2445 452 ac
2483 395 2694 452 semine
2738 395 3006 467 ipsorum.
3043 394 3114 451 Et
3157 395 3407 453 fecerunt
3453 401 3643 471 scripta,

429 507 623 551 omnes
673 489 890 546 recidit.
951 487 1110 555 Quod
1164 487 1397 544 audiens
1450 485 1850 544 Constantinus
1902 487 2004 542 ali-

409 585 674 656 ‘quandiu
712 597 879 637 canos
913 596 1044 637 suos
1075 580 1297 636 evulsit.

498 676 658 729 Anno
687 673 905 743 imperii
933 672 1020 728 sui
1052 672 1120 728 55
1162 672 1484 742 imperator.
1531 689 1718 729 mense
1758 673 2005 744 Augusto

429 765 658 820 decimae
684 765 860 820 tertize
903 764 1244 830 indictionis,
1277 764 1450 820 exivit
1486 776 1683 820 contra
1721 764 2004 835 Vulgares.

427 856 532 924 Qui
565 855 830 912 atrociter
887 856 944 911 in
995 857 1252 912 cruribus
1296 857 1564 913 divinitus
1592 867 1678 912 est
1711 872 2007 928 percussus

428 951 586 1020 plaga
617 965 740 1019 qua:
764 947 949 1003 Graece
972 949 1206 1003 anthrax
1241 941 1571 1020 appellatur,
1603 957 1659 1004 et
1694 950 1822 1004 hinc
1852 947 2006 1005 febre

428 1042 766 1099 validissima
797 1053 854 1096 ct
884 1042 1116 1097 medicis
1161 1052 1388 1113 propter
1426 1043 1656 1097 nimium
1688 1042 2004 1096 incendium

430 1135 617 1205 ignota
666 1134 924 1189 detentus
967 1134 1378 1205 Arcadiopolim
1427 1135 1614 1200 rediit,
1663 1149 1694 1187 a
1743 1135 2007 1205 subjectis

429 1243 596 1297 super
621 1227 884 1281 humeros
914 1227 970 1281 in
996 1227 1142 1283 lecto
1181 1228 1396 1282 delatus
1415 1269 1428 1295 ,
1454 1237 1510 1282 et
1539 1229 1768 1284 veniens
1795 1226 2006 1296 Selym-

427 1319 606 1374 briam
636 1318 821 1373 navim
859 1318 1142 1388 ingressus
1168 1328 1273 1374 est.
1329 1318 1580 1389 Cumque
1612 1319 1679 1374 ad
1707 1317 2006 1374 rotundum

429 1408 774 1477 pervenisset
822 1409 1134 1474 castellum,
1179 1410 1569 1465 miserabiliter
1609 1411 1664 1465 in
1714 1409 2007 1465 chelandio

429 1499 686 1564 moritur,
714 1499 956 1554 clamans
989 1508 1045 1555 et
1069 1499 1300 1556 dicens:
1340 1501 1522 1556 Vivens
1547 1503 1718 1557 adhuc
1756 1502 1868 1572 igni
1891 1518 2008 1556 sum

429 1595 848 1667 inexstinguibili
873 1596 1125 1663 traditus,
1156 1607 1512 1668 sanctamque
1535 1599 1812 1669 Virginem
1839 1608 1894 1654 et
1912 1596 2008 1652 Dei

429 1683 762 1742 Genitricem
812 1685 1024 1740 laudari
1057 1689 1433 1757 expostulans,
1465 1703 1591 1742 cum
1632 1687 1750 1742 sine
1801 1687 2009 1742 fmdere

2106 486 2569 558 quemadmodum
2600 487 2950 558 iuraverunt,
2984 487 3227 558 prepriae
3261 504 3472 546 manus.
3518 493 3571 547 Ε·
3602 495 3643 548 in

2105 579 2426 645 crastinum,
2451 579 2692 634 Sabbato
2710 579 2924 634 scilicet
2951 589 3164 646 sancto,
3197 581 3371 637 exivit
3387 582 3671 654 imperator'

2107 671 2164 726 in
2210 671 2570 726 tribunalium
2619 670 2811 726 decem
2857 679 2916 726 et
2969 687 3169 726 novem
3201 673 3564 740 accubituum,
3603 688 3650 732 et

2105 763 2355 833 provexit
2384 761 2792 818 nobilissimum
2833 763 3202 819 Eudocimum
3246 764 3466 822 fratrem
3513 783 3646 824 suum

2109 853 2254 924 (nam
2283 853 2602 908 Anthimum
2639 852 2837 909 vivens
2876 861 3036 923 pater
3063 854 3186 924 ejus
3211 858 3563 929 provexerat),
3602 867 3648 930 et

2108 945 2375 1015 processit
2439 945 2740 1014 imperator
2802 959 2929 999 cum
2989 944 3223 1015 reliquis
3283 945 3567 1003 Caesaribus
3601 957 3648 1004 et

2109 1039 2285 1093 tribus
2306 1036 2670 1093 nobilissimis
2703 1051 2768 1091 ac
2796 1052 2942 1092 novo
2961 1036 3334 1093 Constantino
3355 1039 3416 1094 ad
3437 1040 3643 1111 Magnam

2111 1132 2423 1196 ecclesiam,
2453 1139 2510 1186 et
2535 1140 2748 1188 mutato
2789 1130 3140 1197 indumento,
3163 1131 3312 1186 sicut
3346 1132 3643 1204 imperatori-

2108 1223 2213 1278 bus
2243 1224 2413 1278 moris
2455 1233 2561 1289 est,
2627 1223 2920 1278 ambonem
2957 1223 3214 1278 ascendit
3248 1240 3362 1278 eum
3409 1225 3509 1278 ﬁlio
3549 1241 3638 1279 suo

2107 1316 2271 1371 simul
2321 1326 2377 1371 et
2405 1315 2739 1386 patriarcha,
2795 1325 2853 1371 et
2884 1315 3173 1387 ingressus
3222 1316 3383 1372 omnis
3427 1317 3632 1386 populus

2107 1414 2411 1475 posuerunt
2442 1405 2648 1475 scripta
2677 1421 2772 1460 sua
2799 1406 2853 1458 in
2892 1413 3086 1460 sancta
3126 1421 3332 1471 mensa,
3354 1415 3401 1461 et
3427 1407 3625 1477 impera-

2111 1505 2197 1551 tor
2227 1497 2449 1552 locutus
2466 1505 2552 1552 est
2578 1497 2659 1552 sic
2692 1514 2708 1551 :
2743 1497 2827 1552 En
2865 1498 3082 1568 fratres,
3134 1500 3421 1570 petitionem
3441 1508 3628 1552 vestram

2111 1588 2394 1659 adimpleo,
2420 1597 2470 1644 et
2491 1589 2626 1644 dono
2646 1591 2788 1645 vobis
2811 1590 2982 1660 [ilium
3009 1607 3183 1644 meum
3205 1593 3260 1646 in
3288 1593 3638 1662 imperatorem.

2113 1681 2246 1736 Ecce
2274 1682 2350 1735 ab'
2368 1681 2607 1737 Ecclesia
2649 1691 2701 1737 et
2732 1683 2795 1738 de
2828 1700 2991 1737 manu
3025 1682 3227 1738 Christi
3257 1700 3376 1738 eum
3395 1686 3637 1754 suscipitis.

430 1777 606 1847 ipsius
639 1777 811 1833 fuerit
841 1747 1430 1851 inimicusiRegnaviti
1463 1788 1645 1835 autem
1704 1747 2084 1849 imperatorB
2110 1774 2276 1829 Atilii
2299 1789 2494 1846 magna
2514 1791 2651 1831 voce
2675 1776 3058 1831 clamaverunt
3076 1776 3331 1832 dicentes
3350 1795 3363 1831 :
3381 1747 3648 1847 Fidejitssor

431 1877 555 1938 post
588 1870 761 1938 patris
787 1869 874 1924 sui
905 1878 1138 1925 mortem
1165 1871 1325 1925 annis
1354 1871 1442 1936 '54,
1485 1871 1772 1926 mensibus
1790 1871 1846 1935 2,
1885 1869 2007 1924 die-

429 1961 536 2016 bus
567 1961 658 2028 26,
710 1970 767 2017 et
806 1962 881 2018 ita
912 1963 1080 2017 vitam
1138 1961 1392 2016 dissolvit
1424 1963 1787 2032 sanguinibus
1817 1961 2009 2018 multis

429 2053 668 2110 infectus
687 2065 742 2110 et
776 2054 1088 2110 daemonum
1135 2054 1581 2110 invocationibus
1611 2069 1676 2110 ac
1701 2055 2007 2122 sacriﬁciis,

427 2146 913 2218 persecutionibus
971 2163 1192 2219 quoque
1252 2157 1567 2203 sanctarum
1633 2148 2007 2204 Ecclesiarum

429 2248 706 2311 rectaeque
736 2255 802 2296 ac
849 2241 1216 2297 immaculata:
1255 2241 1406 2307 ﬁdei,
1432 2256 1537 2296 nec
1564 2257 1676 2297 non
1717 2248 1776 2296 et
1820 2257 2012 2296 mona-

429 2333 662 2389 chorum
696 2334 1174 2406 peremptionibus
1223 2343 1280 2390 et
1305 2334 1696 2389 violationibus
1727 2340 2009 2389 monaste-

429 2424 664 2498 riorum.
697 2424 966 2494 malisque
1007 2423 1179 2479 variis
1215 2438 1660 2494 supercrescens,
1685 2437 1798 2477 non
1825 2422 2011 2477 minus

429 2530 596 2584 quam
625 2515 1000 2572 Diocletianus
1043 2524 1101 2570 et
1148 2515 1366 2585 antiqui
1425 2515 1667 2588 tyranni.
1734 2515 2008 2570 Praeterea

426 2607 626 2663 eodem
661 2622 808 2664 anno
837 2615 894 2663 et
913 2607 1109 2663 eodem
1160 2623 1349 2664 mense
1395 2607 1635 2663 moritur
1676 2616 1733 2662 et
1771 2606 2009 2661 Abdelas

427 2698 672 2754 Arabum
708 2697 840 2752 dux.
867 2697 1006 2752 Cum
1036 2697 1184 2752 enim
1238 2697 1296 2751 hi
1336 2696 1500 2752 ambo
1546 2697 1699 2752 velut
1723 2695 2008 2750 acerrima:

426 2789 618 2846 bestia:
647 2789 928 2846 diuturnis
957 2788 1298 2860 temporibus
1332 2803 1397 2844 ac
1427 2787 1682 2844 similiter
1704 2787 2007 2842 humanum

425 2903 604 2958 genus
628 2886 844 2958 depasti
881 2894 1030 2952 sunt,
1061 2885 1267 2942 mortui
1318 2891 1447 2941 sunt
1486 2881 1832 2955 providentia
1884 2882 2005 2938 Dei.

427 2979 496 3034 Et
529 2977 785 3034 obtinent
816 2977 1192 3049 principatum
1221 2975 1332 3032 Leo
1375 2984 1432 3031 et
1475 2975 1617 3030 Madi
1662 2975 1761 3030 ﬁlii
1788 2989 2002 3030 eorum.

2111 1876 2290 1922 noster
2313 1876 2444 1929 esto,
2475 1867 2576 1922 Fili
2627 1867 2740 1932 Dei,
2771 1869 2900 1939 quia
2930 1869 2994 1923 de
3041 1887 3208 1924 manu
3257 1879 3348 1924 tua
3371 1871 3650 1941 suscipimus

2109 1959 2382 2014 dominum
2426 1958 2844 2015 Constantinum
2872 1961 3256 2030 imperatorem
3283 1963 3354 2016 ad
3376 1961 3654 2016 custodien-

2108 2057 2236 2111 dum
2297 2074 2415 2111 cum
2466 2066 2517 2112 et
2566 2057 2899 2113 moriendum
2926 2073 3022 2128 pro
3073 2073 3157 2112 eo.
3185 2058 3256 2114 Et
3285 2059 3338 2112 in
3359 2056 3651 2123 crastinum,

2107 2151 2329 2221 quando
2357 2151 2616 2207 videlicet
2636 2167 2874 2223 magnus
2900 2160 2958 2206 et
2977 2151 3302 2207 Dominicus
3328 2151 3534 2207 Pascha:
3550 2151 3659 2208 dies

2107 2243 2422 2300 celebratus
2449 2252 2553 2310 est,
2589 2243 2806 2301 decimo
2861 2254 3058 2300 octavo
3083 2245 3205 2300 Kal.
3257 2245 3421 2302 Maias
3452 2243 3656 2300 decima:

2108 2345 2318 2406 quarta:
2349 2336 2688 2402 indictionis,
2729 2351 2944 2392 aurorae
2977 2336 3308 2405 crepusculo
3333 2336 3517 2392 exiens
3563 2333 3661 2389 im-

2109 2438 2332 2499 perator
2357 2446 2467 2486 una
2488 2445 2615 2484 cum
2642 2430 2961 2501 patriarcha
2988 2429 3044 2484 in
3067 2429 3542 2501 Hippodromium,
3572 2427 3663 2482 de-

2109 2523 2222 2579 lato
2248 2525 2466 2589 altario,
2494 2525 2644 2580 omni
2669 2525 2875 2596 populo
2917 2526 3341 2594 contemplante,
3373 2521 3668 2594 patriarcha

2109 2615 2589 2683 fecit'orationem,
2608 2626 2665 2674 et
2680 2617 2965 2674 coronavit
2983 2618 3278 2688 imperator
3295 2618 3458 2671 ﬁlium
3475 2630 3633 2671 suum
3651 2632 3666 2681 ;

2107 2718 2163 2764 et
2225 2709 2303 2764 ita
2350 2709 2621 2780 processit
2684 2709 2754 2764 ad
2804 2709 3047 2782 Magnam
3093 2709 3369 2765 ecclesiam
3407 2715 3660 2776 uterque

2110 2799 2410 2870 imperator
2430 2816 2558 2857 cum
2575 2801 2796 2857 duobus
2817 2801 3119 2858 Caesaribus
3148 2810 3205 2856 et
3234 2800 3407 2854 tribus
3431 2798 3667 2854 nobilis-

2110 2888 2282 2944 simis.
2308 2890 2585 2945 Processit
2615 2899 2798 2947 autem
2825 2899 2883 2946 et
2922 2891 3238 2961 imperatrix
3261 2888 3519 2953 Heirene,
3549 2901 3673 2943 cum

2110 2983 2522 3053 praecessissent
2561 2983 2944 3053 imperatores,
2975 2982 3210 3053 sceptris
3249 2982 3674 3052 obsequentibus

425 3069 601 3127 Porro
632 3069 828 3126 eodem
881 3085 1026 3125 anno
1050 3068 1544 3140 Longobardorum
1582 3084 1677 3124 rex
1701 3067 1768 3122 ad
1800 3067 2007 3138 regiam
2037 3096 2082 3157 ο
2111 3089 2213 3144 per
2263 3074 2482 3129 scholas
2510 3074 2786 3141 antelatis,
2819 3083 2877 3130 et
2925 3073 3361 3130 ascendentibus
3393 3087 3490 3143 per
3518 3085 3672 3128 cum

425 3162 658 3218 veniens
684 3162 880 3217 urbem
905 3162 1229 3232 imperatori
1257 3177 1317 3216 se
1341 3161 1606 3231 profugus
1632 3160 1888 3216 contulit.

495 3254 685 3310 Mundi
713 3254 874 3318 6668,
897 3254 1098 3309 divinze
1121 3254 1518 3309 incarnationis
1541 3269 1686 3308 anno
1714 3254 1838 3318 768,
1862 3266 2008 3308 anno

422 3361 559 3402 vero
579 3345 798 3416 imperii
825 3344 1031 3400 Leonis
1051 3344 1255 3414 primo,
1287 3344 1436 3399 Madi
1467 3345 1580 3399 dux
1601 3344 1842 3400 habetur
1865 3347 2007 3400 Ara-

424 3435 580 3499 bum,
609 3433 706 3504 qui
732 3434 765 3492 9
797 3433 886 3488 bis
917 3431 1138 3503 praefuit
1182 3433 1363 3488 annis.
1401 3433 1514 3488 Leo
1542 3433 2009 3504 vero‘imperator

423 3525 595 3596 cepit
614 3523 853 3595 expandi
883 3513 938 3579 in
963 3523 1248 3595 pecunias,
1271 3540 1393 3596 quae
1419 3525 1523 3581 sibi
1546 3525 1765 3581 fuerant
1789 3542 1819 3581 a
1847 3535 2004 3597 patre

426 3616 691 3684 dimissae,
720 3616 1038 3688 placuitque
1061 3625 1168 3672 tam
1193 3617 1557 3688 optimatibus
1587 3633 1752 3689 quam
1780 3620 2005 3690 populo,

425 3719 482 3765 et
512 3709 668 3766 visus
699 3709 878 3765 estad
910 3709 1077 3764 breve
1114 3719 1332 3780 tempus
1366 3710 1493 3780 pius
1511 3725 1656 3777 esse,
1693 3719 2007 3783 sanctasque

421 3800 525 3858 Dei
573 3800 872 3857 Genitricis
924 3815 991 3856 ac
1039 3799 1443 3856 monachorum
1478 3801 1712 3857 amicus.
1756 3802 1914 3859 Unde
1949 3809 2008 3858 et

425 3892 885 3964 metropolitanos
939 3907 1007 3948 ex
1058 3892 1344 3948 monachis
1407 3893 1460 3947 in
1524 3894 2007 3964 primis—sedibus

425 3983 737 4051 collocavit,
764 3984 1105 4055 militiasque
1138 4000 1238 4055 per
1260 3984 1504 4040 themata
1539 3985 1672 4041 fecit
1697 3987 1919 4056 multas,
1950 3997 2007 4044 et

424 4075 650 4132 ordines
687 4076 747 4131 in
769 4076 904 4131 urbe
966 4076 1344 4148 ampliﬁcavit.
1380 4077 1751 4144 Quamobrem
1787 4079 2002 4135 thema-

424 4177 543 4224 tum
565 4167 844 4238 principes
871 4167 1004 4223 moti
1040 4167 1274 4239 ingressi
1322 4177 1453 4224 sunt
1477 4184 1672 4225 omnes
1703 4187 1828 4226 cum
1859 4172 2003 4227 mul-

425 4260 663 4316 titudine
721 4260 911 4331 p0puli
959 4261 1220 4331 copiosa,
1280 4270 1533 4331 petentes
1577 4261 2002 4320 Constantinum

425 4350 602 4418 ﬁlium
630 4352 753 4424 ejus
780 4351 842 4406 in
891 4351 1307 4420 imperatorem.
1357 4354 1426 4407 At
1456 4353 1568 4421 ille,
1603 4364 1665 4411 ut
1707 4355 1878 4412 moris
1918 4367 2004 4414 est

2112 3174 2286 3236 porta:
2322 3181 2611 3222 ascensum
2666 3167 2722 3221 in
2759 3165 3195 3222 Catechumenia
3255 3164 3510 3228 ecclesiae,
3566 3177 3672 3218 non

2109 3259 2300 3314 exiens
2316 3259 2370 3312 in
2391 3258 2624 3328 plateam
2643 3259 3084 3317 EmboliJMense
3113 3274 3252 3314 vero
3268 3259 3400 3314 Maio
3423 3256 3656 3329 ejusdem

2110 3351 2431 3407 indictionis
2460 3360 2752 3408 accusatus
2782 3363 2868 3408 est
2899 3351 3250 3425 Nicephorus
3289 3351 3457 3409 Caesar
3481 3359 3532 3406 et
3558 3349 3664 3406 fra-

2110 3453 2198 3500 ter
2225 3445 2598 3516 imperatoris,
2625 3447 2770 3516 quod
2795 3447 3027 3503 insidias
3049 3447 3456 3502 construxisset
3483 3443 3668 3499 adver-

2110 3551 2205 3592 sus
2233 3552 2361 3593 eum
2388 3553 2514 3594 cum
2545 3538 2846 3609 spathariis
2873 3538 3210 3609 quibusdam
3247 3547 3421 3610 atque
3439 3536 3676 3593 stratori-

2109 3628 2214 3684 hus
2241 3630 2473 3702 aliisque
2505 3631 2826 3687 hominibus
2874 3633 3077 3703 regiis;
3113 3639 3169 3687 et
3221 3631 3376 3688 facto
3401 3633 3681 3701 imperator

2109 3720 2330 3776 silentio
2357 3721 2502 3792 apud
2554 3722 2905 3793 Magnauram
2937 3723 3194 3794 exposuit
3231 3724 3448 3794 papulo
3478 3738 3595 3794 quae
3624 3721 3685 3775 de

2106 3828 2167 3869 se
2201 3813 2600 3870 fuerantdicta.
2637 3815 2742 3882 Qui
2777 3816 3116 3872 unanimiter
3147 3815 3608 3871 exclamaverunt
3633 3819 3687 3867 ut

2110 3913 2344 3976 uterque
2371 3906 2657 3962 recederet
2685 3907 2754 3962 de
2783 3907 2992 3972 medio,
3010 3922 3122 3962 non
3146 3916 3535 3963 memorantes
3554 3921 3690 3962 sem-

2107 4012 2208 4068 per
2232 3997 2441 4068 perjuri
2467 4013 2526 4052 se
2558 3997 2697 4068 patri
2727 4013 2920 4053 eorum
2961 3999 3175 4069 jurasse
3206 4013 3329 4053 non
3358 3998 3687 4053 admissuros

2107 4098 2233 4160 post
2259 4098 2492 4146 mortem
2524 4090 2645 4160 ejus
2698 4090 2954 4160 injuriam
2999 4089 3114 4161 pati
3167 4097 3340 4146 natos
3381 4090 3578 4160 ipsius.
3604 4089 3694 4143 Ast

2106 4180 2404 4252 imperator
2419 4183 2652 4240 rebelles
2676 4197 2846 4238 caesos
2857 4192 2915 4238 et
2937 4190 3126 4237 tensos
3139 4183 3349 4239 exsilio
3360 4182 3511 4254 apud
3533 4183 3690 4237 Cher-

2097 4283 2295 4329 ‘sonem
2344 4272 2664 4344 deportatos
2689 4275 2806 4330 fore
2835 4273 3103 4337 decrevit,
3137 4283 3195 4330 et
3221 4275 3461 4331 climata
3492 4273 3585 4330 illa
3605 4271 3696 4328 sub

2105 4367 2354 4421 custodia
2375 4376 2432 4422 et
2455 4367 2765 4423 munimine
2788 4367 3192 4423 conservanda:

423 4421 795 4510 principibus.
830 4439 1172 4494 renuntiavit
1229 4439 1328 4495 eis.
1364 4439 1556 4507 Filius,
1607 4442 1811 4513 inquit,
1859 4461 2006 4502 meus
2039 4454 2083 4509 Ι)
2177 4458 2336 4512 Anno
2367 4421 2811 4528 imperiiLeonis
2832 4421 3374 4532 confugit
3421 4421 3698 4531 Telerigus

423 4536 609 4590 unicus
633 4544 724 4591 ‘est
747 4537 894 4592 mihi.
943 4535 1148 4590 Idcirco
1195 4552 1376 4590 vereor
1403 4536 1501 4590 hoc
1538 4536 1734 4606 facere,
1769 4555 1834 4592 ne
1868 4540 2004 4610 forte

423 4626 695 4699 contingat
729 4629 856 4682 mihi
894 4628 1034 4699 quod
1059 4628 1353 4681 humanum
1381 4636 1480 4694 est,
1513 4637 1563 4682 et
1593 4644 1713 4682 cum
1740 4629 1912 4685 adhuc
1935 4633 2004 4686 sit

421 4714 701 4788 parvulus,
728 4719 887 4772 morti
929 4733 1050 4772 eum
1082 4718 1396 4782 tradatis,et
1425 4716 1591 4772 alium
1629 4723 2000 4790 promoveatis.

419 4809 492 4864 At
523 4809 602 4864 illi
634 4825 760 4864 cum
787 4809 1120 4880 juramentis
1151 4809 1562 4880 proﬁtebantur
1599 4825 1658 4865 se
1713 4811 1886 4866 ullum
1915 4828 2002 4868 sa-

419 4899 740 4956 tisfacturos
773 4900 1006 4956 minime
1041 4909 1398 4972 regnaturum
1425 4911 1626 4972 prater
1650 4902 1823 4958 ﬁlium
1857 4905 1998 4977 ejus,

416 4989 636 5048 etiamsi
702 5005 828 5044 eum
889 4991 1031 5046 mori
1066 4992 1212 5048 Deus
1241 4991 1527 5048 voluisset.
1581 4993 1696 5050 Hoc
1749 5003 1934 5050 autem
1967 5011 1999 5052 a

415 5081 702 5140 Dominica
745 5081 837 5139 die
881 5098 990 5154 qua
1051 5083 1362 5139 Palmarum
1417 5084 1736 5141 solemnitas
1785 5087 1996 5158 agitur,

417 5193 594 5250 usque
622 5177 690 5232 ad
727 5176 926 5232 feriam
951 5175 1202 5247 quintam
1233 5175 1594 5233 hebdomadas
1619 5178 1862 5250 majoris,
1896 5195 1997 5250 po-

414 5271 546 5341 pulo
603 5270 658 5326 in
693 5268 1093 5342 Hippodromio
1131 5275 1457 5324 coacervata
1507 5277 1752 5340 petente,
1805 5279 1996 5327 sancta

415 5363 721 5422 Parasceve
748 5364 916 5436 jussit
939 5364 1130 5436 jurare
1169 5361 1316 5426 illos,
1370 5369 1426 5416 et
1449 5363 1660 5432 juravit
1689 5364 1870 5420 omnis
1894 5380 1996 5435 po-

413 5456 578 5524 pulus
607 5455 662 5510 in
689 5456 1031 5514 honorandis
1072 5464 1130 5512 et
1157 5454 1396 5511 vivificis
1428 5455 1611 5526 lignis,
1643 5465 1752 5511 tam
1782 5457 1995 5513 scilicet

412 5560 482 5601 ex
516 5547 852 5606 thematibus
879 5559 937 5607 et
973 5560 1171 5607 senatu
1214 5565 1381 5621 quam
1411 5565 1477 5604 ex
1512 5549 1866 5606 interioribus
1898 5566 1994 5606 or-

413 5635 639 5692 dinibus
663 5649 721 5694 et
752 5642 969 5698 civibus
1016 5643 1281 5699 omnibus
1309 5650 1365 5698 et
1402 5641 1846 5712 hergasteriacis,
1883 5644 1990 5698 im-

410 5733 723 5801 peratorem
746 5745 856 5786 non
878 5731 1205 5790 admittendi
1235 5730 1482 5801 exceptis
1506 5730 1690 5788 Leone
1717 5747 1816 5788 seu
1848 5731 1992 5789 Con-

2113 4548 2404 4618 Vulgarum
2434 4549 2693 4606 dominus
2713 4550 2781 4605 ad
2828 4551 3240 4621 imperatorem,
3268 4553 3382 4622 qui
3421 4553 3553 4609 fecit
3575 4563 3691 4605 eum

2112 4641 2428 4710 patricium,
2455 4642 2692 4713 jungens
2723 4641 2799 4696 illi
2819 4651 2877 4697 et
2907 4641 3092 4697 uxoris
3120 4656 3233 4696 suae
3266 4641 3543 4700 Heirenaa
3569 4655 3697 4698 con-

2111 4731 2414 4787 sobrinam.
2454 4731 2591 4788 Cum
2631 4742 2816 4789 autem
2860 4731 3198 4804 baptizatum
3241 4748 3388 4789 eum
3423 4751 3494 4790 ex
3523 4741 3698 4790 sancta

2110 4840 2331 4895 quoque
2387 4825 2596 4896 piscina
2648 4825 3004 4896 suscepisset,
3054 4825 3357 4896 magniﬁce
3415 4823 3703 4884 honoravit

2109 4913 2318 4984 pariter
2337 4923 2398 4969 et
2416 4914 2637 4970 amavit.

2179 5007 2340 5063 Anno
2367 5008 2583 5079 imperii
2606 5008 2808 5064 Leonis
2839 5010 3006 5066 tertio
3031 5009 3175 5066 sedit
3202 5010 3547 5067 lthimamas
3565 5007 3702 5082 apud

2108 5094 2386 5162 Dabccon,
2423 5106 2481 5152 et
2521 5096 2850 5152 seditionem
2879 5100 3195 5154 commovit.
3223 5099 3342 5155 Leo
3372 5109 3577 5157 autem
3607 5101 3702 5155 im-

2109 5195 2330 5258 perator
2382 5188 2608 5243 militias
2647 5188 3025 5244 Romanorum
3075 5185 3300 5258 direxit,
3361 5203 3429 5248 et
3473 5191 3702 5265 ingressi

2107 5287 2238 5334 sunt
2287 5278 2502 5350 Syriam
2557 5287 2780 5334 centum
2808 5281 3001 5348 millia,
3053 5281 3260 5352 quibus
3311 5283 3513 5340 duces
3557 5289 3704 5340 erant

2106 5370 2340 5426 Michael
2373 5371 2802 5428 Lachanodraco
2820 5373 3269 5440 Thracesiorum,
3303 5375 3701 5432 Artahuasdus

2103 5463 2398 5518 Armenius
2459 5463 2844 5528 Orientalium,
2901 5464 3159 5521 Tatzates
3206 5465 3702 5530 Bueellariorum,

2103 5551 2449 5608 Basteratzes
2475 5555 2951 5621 Armeniacorum,
2983 5566 3035 5612 et
3091 5556 3407 5627 Gregorius
3447 5560 3699 5616 Obsicia-

2103 5645 2354 5700 nensium
2386 5655 2691 5716 praetores;
2723 5656 2778 5702 et
2800 5648 3211 5704 circumdavere
3245 5649 3700 5715 Germaniciam,

2101 5735 2197 5792 ubi
2229 5743 2349 5792 erat
2392 5735 2829 5796 llisbahalithius
2878 5738 3043 5809 Medi,
3095 5750 3153 5797 et
3189 5742 3701 5812 apprehenderunt
