  <div class='ocr_page' id='page_1' title='image "/cluster/home/n/w/nwhite01/storage/ocr_20150623/108/hvd.32044073502320/702.png"; bbox 0 0 3978 6212; ppageno 0'>
   <div class='ocr_carea' id='block_1_1' title="bbox 375 291 512 356">
    <p class='ocr_par' dir='ltr' id='par_1_1' title="bbox 375 291 512 356">
     <span class='ocr_line' id='line_1_1' title="bbox 375 291 512 356; baseline 0 -2"><span class='ocrx_word' id='word_1_1' title='bbox 375 291 512 356; x_wconf 73' lang='lat'><strong>1393</strong></span> 
     </span>
    </p>
   </div>
   <div class='ocr_carea' id='block_1_2' title="bbox 1188 291 2845 357">
    <p class='ocr_par' dir='ltr' id='par_1_2' title="bbox 1188 291 2845 357">
     <span class='ocr_line' id='line_1_2' title="bbox 1188 291 2845 357; baseline 0.002 -3"><span class='ocrx_word' id='word_1_2' title='bbox 1188 291 1556 355; x_wconf 84' lang='lat' dir='ltr'><strong>HISTORIA</strong></span> <span class='ocrx_word' id='word_1_3' title='bbox 1595 291 2179 355; x_wconf 81' lang='lat' dir='ltr'><strong>ECCLESIASTICA</strong></span> <span class='ocrx_word' id='word_1_4' title='bbox 2221 293 2325 353; x_wconf 81' lang='lat' dir='ltr'><strong>EX</strong></span> <span class='ocrx_word' id='word_1_5' title='bbox 2361 293 2845 357; x_wconf 83' lang='lat' dir='ltr'><strong>THEOPHANE.</strong></span> 
     </span>
    </p>
   </div>
   <div class='ocr_carea' id='block_1_3' title="bbox 3498 297 3635 362">
    <p class='ocr_par' dir='ltr' id='par_1_3' title="bbox 3498 297 3635 362">
     <span class='ocr_line' id='line_1_3' title="bbox 3498 297 3635 362; baseline -0.015 0"><span class='ocrx_word' id='word_1_6' title='bbox 3498 297 3635 362; x_wconf 62' lang='grc'><strong>1394</strong></span> 
     </span>
    </p>
   </div>
   <div class='ocr_carea' id='block_1_4' title="bbox 371 401 3639 483">
    <p class='ocr_par' dir='ltr' id='par_1_4' title="bbox 371 401 3639 483">
     <span class='ocr_line' id='line_1_4' title="bbox 371 401 3639 483; baseline 0.003 -28"><span class='ocrx_word' id='word_1_7' title='bbox 371 416 568 457; x_wconf 87' lang='lat' dir='ltr'><strong>omnes</strong></span> <span class='ocrx_word' id='word_1_8' title='bbox 599 401 840 457; x_wconf 81' lang='lat' dir='ltr'><strong>camelos</strong></span> <span class='ocrx_word' id='word_1_9' title='bbox 863 402 1006 474; x_wconf 86' lang='lat' dir='ltr'><strong>eius,</strong></span> <span class='ocrx_word' id='word_1_10' title='bbox 1039 411 1097 460; x_wconf 88' lang='lat' dir='ltr'><strong>et</strong></span> <span class='ocrx_word' id='word_1_11' title='bbox 1139 403 1388 460; x_wconf 87' lang='lat' dir='ltr'><strong>futurum</strong></span> <span class='ocrx_word' id='word_1_12' title='bbox 1413 414 1534 461; x_wconf 91' lang='lat' dir='ltr'><strong>erat</strong></span> <span class='ocrx_word' id='word_1_13' title='bbox 1577 416 1638 462; x_wconf 93' lang='lat' dir='ltr'><strong>ut</strong></span> <span class='ocrx_word' id='word_1_14' title='bbox 1688 413 1952 477; x_wconf 89' lang='lat' dir='ltr'><strong>caperent</strong></span> <span class='ocrx_word' id='word_1_15' title='bbox 1979 410 2026 465; x_wconf 77' lang='grc' dir='ltr'><strong>Δ</strong></span> <span class='ocrx_word' id='word_1_16' title='bbox 2054 406 2283 472; x_wconf 90' lang='lat' dir='ltr'><strong>tionem,</strong></span> <span class='ocrx_word' id='word_1_17' title='bbox 2317 407 2371 461; x_wconf 94' lang='lat' dir='ltr'><strong>vi</strong></span> <span class='ocrx_word' id='word_1_18' title='bbox 2401 406 2574 462; x_wconf 89' lang='lat' dir='ltr'><strong>multa</strong></span> <span class='ocrx_word' id='word_1_19' title='bbox 2605 408 2972 479; x_wconf 88' lang='lat' dir='ltr'><strong>compellente</strong></span> <span class='ocrx_word' id='word_1_20' title='bbox 3002 417 3360 465; x_wconf 88' lang='lat' dir='ltr'><strong>consecratur</strong></span> <span class='ocrx_word' id='word_1_21' title='bbox 3395 414 3639 483; x_wconf 87' lang='lat' dir='ltr'><strong>patriar-</strong></span> 
     </span>
    </p>
   </div>
   <div class='ocr_carea' id='block_1_5' title="bbox 369 493 1950 569">
    <p class='ocr_par' dir='ltr' id='par_1_5' title="bbox 369 493 1950 569">
     <span class='ocr_line' id='line_1_5' title="bbox 369 493 1950 569; baseline 0.003 -20"><span class='ocrx_word' id='word_1_22' title='bbox 369 495 535 549; x_wconf 83' lang='lat' dir='ltr'><strong>etiam</strong></span> <span class='ocrx_word' id='word_1_23' title='bbox 576 493 1008 561; x_wconf 82' lang='lat' dir='ltr'><strong>Germaniciam,</strong></span> <span class='ocrx_word' id='word_1_24' title='bbox 1052 495 1159 551; x_wconf 85' lang='lat' dir='ltr'><strong>nisi</strong></span> <span class='ocrx_word' id='word_1_25' title='bbox 1207 497 1531 554; x_wconf 85' lang='lat' dir='ltr'><strong>muneribus</strong></span> <span class='ocrx_word' id='word_1_26' title='bbox 1580 498 1950 569; x_wconf 65' lang='lat' dir='ltr'><strong>persuasisset</strong></span> 
     </span>
    </p>
   </div>
   <div class='ocr_carea' id='block_1_6' title="bbox 371 583 1948 650">
    <p class='ocr_par' dir='ltr' id='par_1_6' title="bbox 371 583 1948 650">
     <span class='ocr_line' id='line_1_6' title="bbox 371 583 1948 650; baseline 0.004 -12"><span class='ocrx_word' id='word_1_27' title='bbox 371 583 861 640; x_wconf 87' lang='lat' dir='ltr'><strong>Lachanodraconi</strong></span> <span class='ocrx_word' id='word_1_28' title='bbox 887 584 1170 650; x_wconf 84' lang='lat' dir='ltr'><strong>Hishahal.</strong></span> <span class='ocrx_word' id='word_1_29' title='bbox 1199 595 1260 642; x_wconf 91' lang='lat' dir='ltr'><strong>et</strong></span> <span class='ocrx_word' id='word_1_30' title='bbox 1301 589 1623 645; x_wconf 77' lang='lat' dir='ltr'><strong>recessisset</strong></span> <span class='ocrx_word' id='word_1_31' title='bbox 1671 605 1703 645; x_wconf 90' lang='lat' dir='ltr'><strong>a</strong></span> <span class='ocrx_word' id='word_1_32' title='bbox 1742 598 1948 646; x_wconf 90' lang='lat' dir='ltr'><strong>castro.</strong></span> 
     </span>
    </p>
   </div>
   <div class='ocr_carea' id='block_1_7' title="bbox 371 677 1953 752">
    <p class='ocr_par' dir='ltr' id='par_1_7' title="bbox 371 677 1953 752">
     <span class='ocr_line' id='line_1_7' title="bbox 371 677 1953 752; baseline 0.003 -20"><span class='ocrx_word' id='word_1_33' title='bbox 371 678 438 732; x_wconf 87' lang='lat' dir='ltr'><strong>Et</strong></span> <span class='ocrx_word' id='word_1_34' title='bbox 465 677 636 732; x_wconf 79' lang='lat' dir='ltr'><strong>exivit</strong></span> <span class='ocrx_word' id='word_1_35' title='bbox 669 678 728 732; x_wconf 92' lang='lat' dir='ltr'><strong>in</strong></span> <span class='ocrx_word' id='word_1_36' title='bbox 755 677 994 749; x_wconf 66' lang='lat' dir='ltr'><strong>praedam</strong></span> <span class='ocrx_word' id='word_1_37' title='bbox 1023 678 1286 751; x_wconf 76' lang='lat' dir='ltr'><strong>regionis,</strong></span> <span class='ocrx_word' id='word_1_38' title='bbox 1313 688 1370 737; x_wconf 92' lang='lat' dir='ltr'><strong>et</strong></span> <span class='ocrx_word' id='word_1_39' title='bbox 1396 681 1689 752; x_wconf 83' lang='lat' dir='ltr'><strong>captivatis</strong></span> <span class='ocrx_word' id='word_1_40' title='bbox 1732 682 1953 739; x_wconf 84' lang='lat' dir='ltr'><strong>hareti-</strong></span> 
     </span>
    </p>
   </div>
   <div class='ocr_carea' id='block_1_8' title="bbox 371 770 1948 843">
    <p class='ocr_par' dir='ltr' id='par_1_8' title="bbox 371 770 1948 843">
     <span class='ocr_line' id='line_1_8' title="bbox 371 770 1948 843; baseline 0.004 -17"><span class='ocrx_word' id='word_1_41' title='bbox 371 770 452 826; x_wconf 89' lang='lat' dir='ltr'><strong>cis</strong></span> <span class='ocrx_word' id='word_1_42' title='bbox 480 770 747 826; x_wconf 83' lang='lat' dir='ltr'><strong>Jacobitis</strong></span> <span class='ocrx_word' id='word_1_43' title='bbox 777 771 932 843; x_wconf 79' lang='lat' dir='ltr'><strong>Syris</strong></span> <span class='ocrx_word' id='word_1_44' title='bbox 957 771 1158 827; x_wconf 84' lang='lat' dir='ltr'><strong>iterum</strong></span> <span class='ocrx_word' id='word_1_45' title='bbox 1182 772 1249 827; x_wconf 87' lang='lat' dir='ltr'><strong>ad</strong></span> <span class='ocrx_word' id='word_1_46' title='bbox 1284 782 1524 829; x_wconf 87' lang='lat' dir='ltr'><strong>castrum</strong></span> <span class='ocrx_word' id='word_1_47' title='bbox 1559 790 1818 832; x_wconf 80' lang='lat' dir='ltr'><strong>reversus</strong></span> <span class='ocrx_word' id='word_1_48' title='bbox 1842 783 1948 832; x_wconf 87' lang='lat' dir='ltr'><strong>est.</strong></span> 
     </span>
    </p>
   </div>
   <div class='ocr_carea' id='block_1_9' title="bbox 374 861 1954 924">
    <p class='ocr_par' dir='ltr' id='par_1_9' title="bbox 374 861 1954 924">
     <span class='ocr_line' id='line_1_9' title="bbox 374 861 1954 924; baseline 0.005 -8"><span class='ocrx_word' id='word_1_49' title='bbox 374 863 444 917; x_wconf 84' lang='lat' dir='ltr'><strong>Et</strong></span> <span class='ocrx_word' id='word_1_50' title='bbox 470 861 640 918; x_wconf 88' lang='lat' dir='ltr'><strong>misso</strong></span> <span class='ocrx_word' id='word_1_51' title='bbox 669 861 988 918; x_wconf 88' lang='lat' dir='ltr'><strong>lthimamas</strong></span> <span class='ocrx_word' id='word_1_52' title='bbox 1012 861 1261 920; x_wconf 78' lang='lat' dir='ltr'><strong>exercitu</strong></span> <span class='ocrx_word' id='word_1_53' title='bbox 1291 879 1322 919; x_wconf 89' lang='lat' dir='ltr'><strong>a</strong></span> <span class='ocrx_word' id='word_1_54' title='bbox 1351 865 1571 921; x_wconf 90' lang='lat' dir='ltr'><strong>Dabeco</strong></span> <span class='ocrx_word' id='word_1_55' title='bbox 1604 876 1662 922; x_wconf 91' lang='lat' dir='ltr'><strong>et</strong></span> <span class='ocrx_word' id='word_1_56' title='bbox 1689 866 1954 924; x_wconf 83' lang='lat' dir='ltr'><strong>amiradi-</strong></span> 
     </span>
    </p>
   </div>
   <div class='ocr_carea' id='block_1_10' title="bbox 376 954 1956 1022">
    <p class='ocr_par' dir='ltr' id='par_1_10' title="bbox 376 954 1956 1022">
     <span class='ocr_line' id='line_1_10' title="bbox 376 954 1956 1022; baseline 0.003 -11"><span class='ocrx_word' id='word_1_57' title='bbox 376 956 480 1011; x_wconf 86' lang='lat' dir='ltr'><strong>bus</strong></span> <span class='ocrx_word' id='word_1_58' title='bbox 511 954 718 1010; x_wconf 90' lang='lat' dir='ltr'><strong>bellum</strong></span> <span class='ocrx_word' id='word_1_59' title='bbox 763 970 888 1010; x_wconf 91' lang='lat' dir='ltr'><strong>cum</strong></span> <span class='ocrx_word' id='word_1_60' title='bbox 933 954 1196 1012; x_wconf 81' lang='lat' dir='ltr'><strong>Romanis</strong></span> <span class='ocrx_word' id='word_1_61' title='bbox 1244 955 1518 1022; x_wconf 88' lang='lat' dir='ltr'><strong>fecerunt,</strong></span> <span class='ocrx_word' id='word_1_62' title='bbox 1552 966 1609 1014; x_wconf 90' lang='lat' dir='ltr'><strong>et</strong></span> <span class='ocrx_word' id='word_1_63' title='bbox 1633 957 1956 1015; x_wconf 86' lang='lat' dir='ltr'><strong>ceciderunt</strong></span> 
     </span>
    </p>
   </div>
   <div class='ocr_carea' id='block_1_11' title="bbox 374 1046 1952 1118">
    <p class='ocr_par' dir='ltr' id='par_1_11' title="bbox 374 1046 1952 1118">
     <span class='ocr_line' id='line_1_11' title="bbox 374 1046 1952 1118; baseline 0.003 -17"><span class='ocrx_word' id='word_1_64' title='bbox 374 1047 656 1102; x_wconf 88' lang='lat' dir='ltr'><strong>amirades</strong></span> <span class='ocrx_word' id='word_1_65' title='bbox 687 1046 932 1118; x_wconf 89' lang='lat' dir='ltr'><strong>quinque</strong></span> <span class='ocrx_word' id='word_1_66' title='bbox 952 1057 1009 1102; x_wconf 92' lang='lat' dir='ltr'><strong>et</strong></span> <span class='ocrx_word' id='word_1_67' title='bbox 1031 1046 1273 1102; x_wconf 81' lang='lat' dir='ltr'><strong>Arabum</strong></span> <span class='ocrx_word' id='word_1_68' title='bbox 1297 1063 1393 1103; x_wconf 90' lang='lat' dir='ltr'><strong>sex</strong></span> <span class='ocrx_word' id='word_1_69' title='bbox 1415 1049 1606 1116; x_wconf 79' lang='lat' dir='ltr'><strong>millia,</strong></span> <span class='ocrx_word' id='word_1_70' title='bbox 1639 1058 1704 1106; x_wconf 88' lang='lat' dir='ltr'><strong>ut</strong></span> <span class='ocrx_word' id='word_1_71' title='bbox 1745 1050 1952 1106; x_wconf 89' lang='lat' dir='ltr'><strong>ferunt.</strong></span> 
     </span>
    </p>
   </div>
   <div class='ocr_carea' id='block_1_12' title="bbox 378 1138 1957 1212">
    <p class='ocr_par' dir='ltr' id='par_1_12' title="bbox 378 1138 1957 1212">
     <span class='ocr_line' id='line_1_12' title="bbox 378 1138 1957 1212; baseline 0.003 -17"><span class='ocrx_word' id='word_1_72' title='bbox 378 1141 450 1195; x_wconf 86' lang='lat' dir='ltr'><strong>Et</strong></span> <span class='ocrx_word' id='word_1_73' title='bbox 505 1148 654 1196; x_wconf 89' lang='lat' dir='ltr'><strong>sexta</strong></span> <span class='ocrx_word' id='word_1_74' title='bbox 703 1138 837 1194; x_wconf 90' lang='lat' dir='ltr'><strong>feria</strong></span> <span class='ocrx_word' id='word_1_75' title='bbox 887 1138 1222 1194; x_wconf 85' lang='lat' dir='ltr'><strong>redierunt:</strong></span> <span class='ocrx_word' id='word_1_76' title='bbox 1267 1139 1501 1212; x_wconf 86' lang='lat' dir='ltr'><strong>ingressi</strong></span> <span class='ocrx_word' id='word_1_77' title='bbox 1541 1141 1690 1197; x_wconf 85' lang='lat' dir='ltr'><strong>enim</strong></span> <span class='ocrx_word' id='word_1_78' title='bbox 1737 1141 1957 1199; x_wconf 79' lang='lat' dir='ltr'><strong>fuerant</strong></span> 
     </span>
    </p>
   </div>
   <div class='ocr_carea' id='block_1_13' title="bbox 380 1228 1957 1303">
    <p class='ocr_par' dir='ltr' id='par_1_13' title="bbox 380 1228 1957 1303">
     <span class='ocr_line' id='line_1_13' title="bbox 380 1228 1957 1303; baseline 0.004 -21"><span class='ocrx_word' id='word_1_79' title='bbox 380 1229 666 1284; x_wconf 89' lang='lat' dir='ltr'><strong>Dominica</strong></span> <span class='ocrx_word' id='word_1_80' title='bbox 693 1228 804 1283; x_wconf 90' lang='lat' dir='ltr'><strong>die.</strong></span> <span class='ocrx_word' id='word_1_81' title='bbox 831 1229 1102 1283; x_wconf 62' lang='lat' dir='ltr'><strong>Praeterea</strong></span> <span class='ocrx_word' id='word_1_82' title='bbox 1135 1229 1435 1300; x_wconf 74' lang='lat' dir='ltr'><strong>imperator</strong></span> <span class='ocrx_word' id='word_1_83' title='bbox 1473 1231 1614 1287; x_wconf 78' lang='lat' dir='ltr'><strong>facta</strong></span> <span class='ocrx_word' id='word_1_84' title='bbox 1646 1233 1878 1303; x_wconf 84' lang='lat' dir='ltr'><strong>maioma</strong></span> <span class='ocrx_word' id='word_1_85' title='bbox 1899 1232 1957 1288; x_wconf 90' lang='lat' dir='ltr'><strong>in</strong></span> 
     </span>
    </p>
   </div>
   <div class='ocr_carea' id='block_1_14' title="bbox 377 1320 1958 1391">
    <p class='ocr_par' dir='ltr' id='par_1_14' title="bbox 377 1320 1958 1391">
     <span class='ocr_line' id='line_1_14' title="bbox 377 1320 1958 1391; baseline 0.001 -13"><span class='ocrx_word' id='word_1_86' title='bbox 377 1320 675 1390; x_wconf 83' lang='lat' dir='ltr'><strong>Sophianis</strong></span> <span class='ocrx_word' id='word_1_87' title='bbox 703 1321 910 1376; x_wconf 82' lang='lat' dir='ltr'><strong>insedit</strong></span> <span class='ocrx_word' id='word_1_88' title='bbox 944 1321 1001 1375; x_wconf 92' lang='lat' dir='ltr'><strong>in</strong></span> <span class='ocrx_word' id='word_1_89' title='bbox 1029 1321 1170 1377; x_wconf 85' lang='lat' dir='ltr'><strong>solio</strong></span> <span class='ocrx_word' id='word_1_90' title='bbox 1198 1336 1326 1376; x_wconf 87' lang='lat' dir='ltr'><strong>cum</strong></span> <span class='ocrx_word' id='word_1_91' title='bbox 1380 1321 1496 1378; x_wconf 91' lang='lat' dir='ltr'><strong>ﬁlio</strong></span> <span class='ocrx_word' id='word_1_92' title='bbox 1521 1338 1646 1391; x_wconf 92' lang='lat' dir='ltr'><strong>suo,</strong></span> <span class='ocrx_word' id='word_1_93' title='bbox 1677 1331 1734 1379; x_wconf 89' lang='lat' dir='ltr'><strong>et</strong></span> <span class='ocrx_word' id='word_1_94' title='bbox 1760 1325 1838 1381; x_wconf 88' lang='lat' dir='ltr'><strong>ita</strong></span> <span class='ocrx_word' id='word_1_95' title='bbox 1870 1325 1958 1380; x_wconf 92' lang='lat' dir='ltr'><strong>di-</strong></span> 
     </span>
    </p>
   </div>
   <div class='ocr_carea' id='block_1_15' title="bbox 379 1414 1954 1489">
    <p class='ocr_par' dir='ltr' id='par_1_15' title="bbox 379 1414 1954 1489">
     <span class='ocr_line' id='line_1_15' title="bbox 379 1414 1954 1489; baseline 0.004 -22"><span class='ocrx_word' id='word_1_96' title='bbox 379 1414 678 1484; x_wconf 81' lang='lat' dir='ltr'><strong>vulgarunt</strong></span> <span class='ocrx_word' id='word_1_97' title='bbox 731 1423 996 1484; x_wconf 86' lang='lat' dir='ltr'><strong>pratores</strong></span> <span class='ocrx_word' id='word_1_98' title='bbox 1031 1415 1344 1485; x_wconf 89' lang='lat' dir='ltr'><strong>triumphos</strong></span> <span class='ocrx_word' id='word_1_99' title='bbox 1393 1431 1535 1486; x_wconf 92' lang='lat' dir='ltr'><strong>quos</strong></span> <span class='ocrx_word' id='word_1_100' title='bbox 1583 1426 1954 1489; x_wconf 84' lang='lat' dir='ltr'><strong>sumpserant.</strong></span> 
     </span>
    </p>
   </div>
   <div class='ocr_carea' id='block_1_16' title="bbox 379 1505 1958 1582">
    <p class='ocr_par' dir='ltr' id='par_1_16' title="bbox 379 1505 1958 1582">
     <span class='ocr_line' id='line_1_16' title="bbox 379 1505 1958 1582; baseline 0.004 -23"><span class='ocrx_word' id='word_1_101' title='bbox 379 1505 689 1561; x_wconf 83' lang='lat' dir='ltr'><strong>Transtulit</strong></span> <span class='ocrx_word' id='word_1_102' title='bbox 720 1512 908 1582; x_wconf 75' lang='lat' dir='ltr'><strong>autem</strong></span> <span class='ocrx_word' id='word_1_103' title='bbox 943 1506 1235 1564; x_wconf 82' lang='lat' dir='ltr'><strong>hareticos</strong></span> <span class='ocrx_word' id='word_1_104' title='bbox 1294 1506 1465 1580; x_wconf 83' lang='lat' dir='ltr'><strong>Syros</strong></span> <span class='ocrx_word' id='word_1_105' title='bbox 1497 1508 1553 1564; x_wconf 90' lang='lat' dir='ltr'><strong>in</strong></span> <span class='ocrx_word' id='word_1_106' title='bbox 1581 1509 1872 1578; x_wconf 88' lang='lat' dir='ltr'><strong>Thracem,</strong></span> <span class='ocrx_word' id='word_1_107' title='bbox 1901 1518 1958 1568; x_wconf 93' lang='lat' dir='ltr'><strong>et</strong></span> 
     </span>
    </p>
   </div>
   <div class='ocr_carea' id='block_1_17' title="bbox 378 1597 868 1654">
    <p class='ocr_par' dir='ltr' id='par_1_17' title="bbox 378 1597 868 1654">
     <span class='ocr_line' id='line_1_17' title="bbox 378 1597 868 1654; baseline 0.004 -2"><span class='ocrx_word' id='word_1_108' title='bbox 378 1598 586 1654; x_wconf 82' lang='lat' dir='ltr'><strong>locavit</strong></span> <span class='ocrx_word' id='word_1_109' title='bbox 606 1612 706 1654; x_wconf 91' lang='lat' dir='ltr'><strong>eos</strong></span> <span class='ocrx_word' id='word_1_110' title='bbox 732 1597 868 1654; x_wconf 84' lang='lat' dir='ltr'><strong>illic.</strong></span> 
     </span>
    </p>
   </div>
   <div class='ocr_carea' id='block_1_18' title="bbox 451 1690 1957 1764">
    <p class='ocr_par' dir='ltr' id='par_1_18' title="bbox 451 1690 1957 1764">
     <span class='ocr_line' id='line_1_18' title="bbox 451 1690 1957 1764; baseline 0.007 -20"><span class='ocrx_word' id='word_1_111' title='bbox 451 1690 612 1746; x_wconf 81' lang='lat' dir='ltr'><strong>Anno</strong></span> <span class='ocrx_word' id='word_1_112' title='bbox 642 1705 772 1746; x_wconf 82' lang='lat' dir='ltr'><strong>vero</strong></span> <span class='ocrx_word' id='word_1_113' title='bbox 807 1691 1024 1762; x_wconf 90' lang='lat' dir='ltr'><strong>imperii</strong></span> <span class='ocrx_word' id='word_1_114' title='bbox 1055 1691 1259 1749; x_wconf 83' lang='lat' dir='ltr'><strong>Leonis</strong></span> <span class='ocrx_word' id='word_1_115' title='bbox 1299 1702 1496 1764; x_wconf 90' lang='lat' dir='ltr'><strong>quarto</strong></span> <span class='ocrx_word' id='word_1_116' title='bbox 1521 1694 1712 1753; x_wconf 91' lang='lat' dir='ltr'><strong>furore</strong></span> <span class='ocrx_word' id='word_1_117' title='bbox 1757 1711 1957 1754; x_wconf 88' lang='lat' dir='ltr'><strong>accen-</strong></span> 
     </span>
    </p>
   </div>
   <div class='ocr_carea' id='block_1_19' title="bbox 379 1755 2034 1844">
    <p class='ocr_par' dir='ltr' id='par_1_19' title="bbox 379 1755 2034 1844">
     <span class='ocr_line' id='line_1_19' title="bbox 379 1755 2034 1844; baseline 0.004 -7"><span class='ocrx_word' id='word_1_118' title='bbox 379 1796 478 1837; x_wconf 91' lang='lat' dir='ltr'><strong>sus</strong></span> <span class='ocrx_word' id='word_1_119' title='bbox 506 1780 648 1836; x_wconf 74' lang='lat' dir='ltr'><strong>ladi</strong></span> <span class='ocrx_word' id='word_1_120' title='bbox 703 1755 946 1837; x_wconf 74' lang='lat' dir='ltr'><strong>Arabum</strong></span> <span class='ocrx_word' id='word_1_121' title='bbox 976 1781 1090 1837; x_wconf 88' lang='lat' dir='ltr'><strong>dux</strong></span> <span class='ocrx_word' id='word_1_122' title='bbox 1150 1755 1333 1838; x_wconf 45' lang='lat' dir='ltr'><strong>mittit-</strong></span> <span class='ocrx_word' id='word_1_123' title='bbox 1377 1785 1548 1841; x_wconf 83' lang='lat' dir='ltr'><strong>llisan</strong></span> <span class='ocrx_word' id='word_1_124' title='bbox 1590 1801 1718 1842; x_wconf 89' lang='lat' dir='ltr'><strong>cum</strong></span> <span class='ocrx_word' id='word_1_125' title='bbox 1750 1788 1960 1844; x_wconf 88' lang='lat' dir='ltr'><strong>virtute</strong></span> <span class='ocrx_word' id='word_1_126' title='bbox 1991 1755 2034 1816; x_wconf 70' lang='grc' dir='ltr'><strong>Β</strong></span> 
     </span>
    </p>
   </div>
   <div class='ocr_carea' id='block_1_20' title="bbox 380 1873 1961 1949">
    <p class='ocr_par' dir='ltr' id='par_1_20' title="bbox 380 1873 1961 1949">
     <span class='ocr_line' id='line_1_20' title="bbox 380 1873 1961 1949; baseline 0.004 -20"><span class='ocrx_word' id='word_1_127' title='bbox 380 1874 576 1938; x_wconf 87' lang='lat' dir='ltr'><strong>multa,</strong></span> <span class='ocrx_word' id='word_1_128' title='bbox 607 1873 1033 1944; x_wconf 76' lang='lat' dir='ltr'><strong>Maurophorum</strong></span> <span class='ocrx_word' id='word_1_129' title='bbox 1067 1873 1280 1930; x_wconf 89' lang='lat' dir='ltr'><strong>scilicet</strong></span> <span class='ocrx_word' id='word_1_130' title='bbox 1323 1874 1498 1947; x_wconf 84' lang='lat' dir='ltr'><strong>Syria</strong></span> <span class='ocrx_word' id='word_1_131' title='bbox 1540 1892 1606 1933; x_wconf 90' lang='lat' dir='ltr'><strong>ac</strong></span> <span class='ocrx_word' id='word_1_132' title='bbox 1650 1877 1961 1949; x_wconf 88' lang='lat' dir='ltr'><strong>Mesopota-</strong></span> 
     </span>
    </p>
   </div>
   <div class='ocr_carea' id='block_1_21' title="bbox 382 1964 1961 2040">
    <p class='ocr_par' dir='ltr' id='par_1_21' title="bbox 382 1964 1961 2040">
     <span class='ocr_line' id='line_1_21' title="bbox 382 1964 1961 2040; baseline 0.001 -18"><span class='ocrx_word' id='word_1_133' title='bbox 382 1966 525 2028; x_wconf 82' lang='lat' dir='ltr'><strong>mia,</strong></span> <span class='ocrx_word' id='word_1_134' title='bbox 577 1975 636 2021; x_wconf 90' lang='lat' dir='ltr'><strong>et</strong></span> <span class='ocrx_word' id='word_1_135' title='bbox 657 1964 947 2021; x_wconf 82' lang='lat' dir='ltr'><strong>descendit</strong></span> <span class='ocrx_word' id='word_1_136' title='bbox 979 1980 1154 2035; x_wconf 87' lang='lat' dir='ltr'><strong>usque</strong></span> <span class='ocrx_word' id='word_1_137' title='bbox 1186 1965 1517 2039; x_wconf 84' lang='lat' dir='ltr'><strong>Dorylaum.</strong></span> <span class='ocrx_word' id='word_1_138' title='bbox 1551 1968 1758 2025; x_wconf 80' lang='lat' dir='ltr'><strong>Verum</strong></span> <span class='ocrx_word' id='word_1_139' title='bbox 1781 1969 1961 2040; x_wconf 89' lang='lat' dir='ltr'><strong>impe-</strong></span> 
     </span>
    </p>
   </div>
   <div class='ocr_carea' id='block_1_22' title="bbox 382 2056 1962 2129">
    <p class='ocr_par' dir='ltr' id='par_1_22' title="bbox 382 2056 1962 2129">
     <span class='ocr_line' id='line_1_22' title="bbox 382 2056 1962 2129; baseline 0.002 -15"><span class='ocrx_word' id='word_1_140' title='bbox 382 2068 535 2115; x_wconf 89' lang='lat' dir='ltr'><strong>rator</strong></span> <span class='ocrx_word' id='word_1_141' title='bbox 599 2056 864 2129; x_wconf 76' lang='lat' dir='ltr'><strong>praecepit</strong></span> <span class='ocrx_word' id='word_1_142' title='bbox 919 2057 1253 2127; x_wconf 70' lang='lat' dir='ltr'><strong>praetoribus</strong></span> <span class='ocrx_word' id='word_1_143' title='bbox 1316 2074 1388 2114; x_wconf 89' lang='lat' dir='ltr'><strong>ne</strong></span> <span class='ocrx_word' id='word_1_144' title='bbox 1453 2059 1798 2116; x_wconf 88' lang='lat' dir='ltr'><strong>debellarent</strong></span> <span class='ocrx_word' id='word_1_145' title='bbox 1865 2076 1962 2117; x_wconf 91' lang='lat' dir='ltr'><strong>eos</strong></span> 
     </span>
    </p>
   </div>
   <div class='ocr_carea' id='block_1_23' title="bbox 383 2149 1962 2224">
    <p class='ocr_par' dir='ltr' id='par_1_23' title="bbox 383 2149 1962 2224">
     <span class='ocr_line' id='line_1_23' title="bbox 383 2149 1962 2224; baseline 0.001 -18"><span class='ocrx_word' id='word_1_146' title='bbox 383 2150 610 2223; x_wconf 90' lang='lat' dir='ltr'><strong>publico</strong></span> <span class='ocrx_word' id='word_1_147' title='bbox 664 2150 832 2216; x_wconf 90' lang='lat' dir='ltr'><strong>bello,</strong></span> <span class='ocrx_word' id='word_1_148' title='bbox 877 2149 972 2206; x_wconf 91' lang='lat' dir='ltr'><strong>sed</strong></span> <span class='ocrx_word' id='word_1_149' title='bbox 1005 2150 1289 2206; x_wconf 89' lang='lat' dir='ltr'><strong>munirent</strong></span> <span class='ocrx_word' id='word_1_150' title='bbox 1319 2151 1574 2208; x_wconf 81' lang='lat' dir='ltr'><strong>civitates</strong></span> <span class='ocrx_word' id='word_1_151' title='bbox 1611 2161 1669 2210; x_wconf 86' lang='lat' dir='ltr'><strong>et</strong></span> <span class='ocrx_word' id='word_1_152' title='bbox 1697 2154 1962 2224; x_wconf 89' lang='lat' dir='ltr'><strong>populum</strong></span> 
     </span>
    </p>
   </div>
   <div class='ocr_carea' id='block_1_24' title="bbox 385 2242 1965 2310">
    <p class='ocr_par' dir='ltr' id='par_1_24' title="bbox 385 2242 1965 2310">
     <span class='ocr_line' id='line_1_24' title="bbox 385 2242 1965 2310; baseline 0.003 -12"><span class='ocrx_word' id='word_1_153' title='bbox 385 2243 802 2300; x_wconf 89' lang='lat' dir='ltr'><strong>introducerent</strong></span> <span class='ocrx_word' id='word_1_154' title='bbox 845 2242 914 2298; x_wconf 92' lang='lat' dir='ltr'><strong>ad</strong></span> <span class='ocrx_word' id='word_1_155' title='bbox 969 2257 1160 2298; x_wconf 87' lang='lat' dir='ltr'><strong>earum</strong></span> <span class='ocrx_word' id='word_1_156' title='bbox 1207 2243 1537 2310; x_wconf 81' lang='lat' dir='ltr'><strong>custodiam,</strong></span> <span class='ocrx_word' id='word_1_157' title='bbox 1593 2243 1884 2301; x_wconf 85' lang='lat' dir='ltr'><strong>destinatis</strong></span> <span class='ocrx_word' id='word_1_158' title='bbox 1907 2254 1965 2302; x_wconf 92' lang='lat' dir='ltr'><strong>et</strong></span> 
     </span>
    </p>
   </div>
   <div class='ocr_carea' id='block_1_25' title="bbox 385 2334 1964 2407">
    <p class='ocr_par' dir='ltr' id='par_1_25' title="bbox 385 2334 1964 2407">
     <span class='ocr_line' id='line_1_25' title="bbox 385 2334 1964 2407; baseline 0.001 -17"><span class='ocrx_word' id='word_1_159' title='bbox 385 2335 733 2407; x_wconf 87' lang='lat' dir='ltr'><strong>principibus</strong></span> <span class='ocrx_word' id='word_1_160' title='bbox 759 2334 973 2406; x_wconf 88' lang='lat' dir='ltr'><strong>magnis</strong></span> <span class='ocrx_word' id='word_1_161' title='bbox 1006 2350 1106 2406; x_wconf 91' lang='lat' dir='ltr'><strong>per</strong></span> <span class='ocrx_word' id='word_1_162' title='bbox 1129 2335 1379 2407; x_wconf 84' lang='lat' dir='ltr'><strong>singulas</strong></span> <span class='ocrx_word' id='word_1_163' title='bbox 1422 2335 1699 2399; x_wconf 89' lang='lat' dir='ltr'><strong>civitates,</strong></span> <span class='ocrx_word' id='word_1_164' title='bbox 1747 2335 1964 2407; x_wconf 88' lang='lat' dir='ltr'><strong>ipsique</strong></span> 
     </span>
    </p>
   </div>
   <div class='ocr_carea' id='block_1_26' title="bbox 387 2431 1965 2498">
    <p class='ocr_par' dir='ltr' id='par_1_26' title="bbox 387 2431 1965 2498">
     <span class='ocr_line' id='line_1_26' title="bbox 387 2431 1965 2498; baseline -0.001 -10"><span class='ocrx_word' id='word_1_165' title='bbox 387 2441 673 2488; x_wconf 88' lang='lat' dir='ltr'><strong>sumerent</strong></span> <span class='ocrx_word' id='word_1_166' title='bbox 723 2433 1031 2489; x_wconf 85' lang='lat' dir='ltr'><strong>electorum</strong></span> <span class='ocrx_word' id='word_1_167' title='bbox 1092 2432 1329 2486; x_wconf 90' lang='lat' dir='ltr'><strong>militum</strong></span> <span class='ocrx_word' id='word_1_168' title='bbox 1359 2441 1516 2488; x_wconf 87' lang='lat' dir='ltr'><strong>terna</strong></span> <span class='ocrx_word' id='word_1_169' title='bbox 1564 2432 1760 2498; x_wconf 86' lang='lat' dir='ltr'><strong>millia,</strong></span> <span class='ocrx_word' id='word_1_170' title='bbox 1792 2441 1850 2488; x_wconf 90' lang='lat' dir='ltr'><strong>et</strong></span> <span class='ocrx_word' id='word_1_171' title='bbox 1875 2431 1965 2486; x_wconf 88' lang='lat' dir='ltr'><strong>in-</strong></span> 
     </span>
    </p>
   </div>
   <div class='ocr_carea' id='block_1_27' title="bbox 387 2523 1967 2595">
    <p class='ocr_par' dir='ltr' id='par_1_27' title="bbox 387 2523 1967 2595">
     <span class='ocr_line' id='line_1_27' title="bbox 387 2523 1967 2595; baseline -0.001 -15"><span class='ocrx_word' id='word_1_172' title='bbox 387 2532 757 2595; x_wconf 89' lang='lat' dir='ltr'><strong>sequerentur</strong></span> <span class='ocrx_word' id='word_1_173' title='bbox 783 2539 904 2589; x_wconf 88' lang='lat' dir='ltr'><strong>eos,</strong></span> <span class='ocrx_word' id='word_1_174' title='bbox 930 2539 1000 2579; x_wconf 89' lang='lat' dir='ltr'><strong>ne</strong></span> <span class='ocrx_word' id='word_1_175' title='bbox 1023 2523 1408 2594; x_wconf 88' lang='lat' dir='ltr'><strong>dispergerent</strong></span> <span class='ocrx_word' id='word_1_176' title='bbox 1435 2539 1654 2590; x_wconf 89' lang='lat' dir='ltr'><strong>cursus,</strong></span> <span class='ocrx_word' id='word_1_177' title='bbox 1687 2531 1745 2580; x_wconf 90' lang='lat' dir='ltr'><strong>et</strong></span> <span class='ocrx_word' id='word_1_178' title='bbox 1774 2524 1967 2581; x_wconf 86' lang='lat' dir='ltr'><strong>incen-</strong></span> 
     </span>
    </p>
   </div>
   <div class='ocr_carea' id='block_1_28' title="bbox 388 2613 1966 2687">
    <p class='ocr_par' dir='ltr' id='par_1_28' title="bbox 388 2613 1966 2687">
     <span class='ocr_line' id='line_1_28' title="bbox 388 2613 1966 2687; baseline -0.002 -17"><span class='ocrx_word' id='word_1_179' title='bbox 388 2617 583 2671; x_wconf 92' lang='lat' dir='ltr'><strong>derent</strong></span> <span class='ocrx_word' id='word_1_180' title='bbox 623 2615 726 2687; x_wconf 90' lang='lat' dir='ltr'><strong>ipsi</strong></span> <span class='ocrx_word' id='word_1_181' title='bbox 759 2614 1020 2686; x_wconf 89' lang='lat' dir='ltr'><strong>primitus</strong></span> <span class='ocrx_word' id='word_1_182' title='bbox 1055 2621 1166 2669; x_wconf 86' lang='lat' dir='ltr'><strong>tam</strong></span> <span class='ocrx_word' id='word_1_183' title='bbox 1223 2613 1424 2684; x_wconf 90' lang='lat' dir='ltr'><strong>pabula</strong></span> <span class='ocrx_word' id='word_1_184' title='bbox 1477 2629 1746 2684; x_wconf 88' lang='lat' dir='ltr'><strong>equorum</strong></span> <span class='ocrx_word' id='word_1_185' title='bbox 1795 2627 1966 2684; x_wconf 90' lang='lat' dir='ltr'><strong>quam</strong></span> 
     </span>
    </p>
   </div>
   <div class='ocr_carea' id='block_1_29' title="bbox 387 2703 1963 2776">
    <p class='ocr_par' dir='ltr' id='par_1_29' title="bbox 387 2703 1963 2776">
     <span class='ocr_line' id='line_1_29' title="bbox 387 2703 1963 2776; baseline -0.003 -13"><span class='ocrx_word' id='word_1_186' title='bbox 387 2721 564 2772; x_wconf 88' lang='lat' dir='ltr'><strong>escas,</strong></span> <span class='ocrx_word' id='word_1_187' title='bbox 627 2706 942 2776; x_wconf 88' lang='lat' dir='ltr'><strong>ubicunque</strong></span> <span class='ocrx_word' id='word_1_188' title='bbox 989 2704 1227 2760; x_wconf 80' lang='lat' dir='ltr'><strong>fuissent</strong></span> <span class='ocrx_word' id='word_1_189' title='bbox 1277 2704 1536 2763; x_wconf 77' lang='lat' dir='ltr'><strong>inventa.</strong></span> <span class='ocrx_word' id='word_1_190' title='bbox 1582 2703 1721 2760; x_wconf 88' lang='lat' dir='ltr'><strong>Cum</strong></span> <span class='ocrx_word' id='word_1_191' title='bbox 1776 2711 1963 2759; x_wconf 90' lang='lat' dir='ltr'><strong>autem</strong></span> 
     </span>
    </p>
   </div>
   <div class='ocr_carea' id='block_1_30' title="bbox 389 2794 1964 2870">
    <p class='ocr_par' dir='ltr' id='par_1_30' title="bbox 389 2794 1964 2870">
     <span class='ocr_line' id='line_1_30' title="bbox 389 2794 1964 2870; baseline -0.001 -16"><span class='ocrx_word' id='word_1_192' title='bbox 389 2797 700 2854; x_wconf 74' lang='lat' dir='ltr'><strong>residerent</strong></span> <span class='ocrx_word' id='word_1_193' title='bbox 734 2798 962 2870; x_wconf 82' lang='lat' dir='ltr'><strong>Dorylai</strong></span> <span class='ocrx_word' id='word_1_194' title='bbox 995 2797 1196 2852; x_wconf 90' lang='lat' dir='ltr'><strong>diebus</strong></span> <span class='ocrx_word' id='word_1_195' title='bbox 1245 2796 1586 2867; x_wconf 86' lang='lat' dir='ltr'><strong>quindecim,</strong></span> <span class='ocrx_word' id='word_1_196' title='bbox 1617 2807 1676 2852; x_wconf 89' lang='lat' dir='ltr'><strong>et</strong></span> <span class='ocrx_word' id='word_1_197' title='bbox 1727 2794 1964 2852; x_wconf 89' lang='lat' dir='ltr'><strong>defecis-</strong></span> 
     </span>
    </p>
   </div>
   <div class='ocr_carea' id='block_1_31' title="bbox 389 2887 1964 2966">
    <p class='ocr_par' dir='ltr' id='par_1_31' title="bbox 389 2887 1964 2966">
     <span class='ocr_line' id='line_1_31' title="bbox 389 2887 1964 2966; baseline -0.002 -20"><span class='ocrx_word' id='word_1_198' title='bbox 389 2899 516 2946; x_wconf 87' lang='lat' dir='ltr'><strong>sent</strong></span> <span class='ocrx_word' id='word_1_199' title='bbox 541 2889 648 2945; x_wconf 91' lang='lat' dir='ltr'><strong>sibi</strong></span> <span class='ocrx_word' id='word_1_200' title='bbox 677 2905 798 2959; x_wconf 86' lang='lat' dir='ltr'><strong>qua</strong></span> <span class='ocrx_word' id='word_1_201' title='bbox 848 2890 1022 2944; x_wconf 80' lang='lat' dir='ltr'><strong>victui</strong></span> <span class='ocrx_word' id='word_1_202' title='bbox 1043 2898 1175 2945; x_wconf 90' lang='lat' dir='ltr'><strong>sunt</strong></span> <span class='ocrx_word' id='word_1_203' title='bbox 1210 2888 1543 2966; x_wconf 84' lang='lat' dir='ltr'><strong>necessaria,</strong></span> <span class='ocrx_word' id='word_1_204' title='bbox 1579 2887 1744 2944; x_wconf 87' lang='lat' dir='ltr'><strong>exilia</strong></span> <span class='ocrx_word' id='word_1_205' title='bbox 1770 2903 1964 2944; x_wconf 92' lang='lat' dir='ltr'><strong>eorum</strong></span> 
     </span>
    </p>
   </div>
   <div class='ocr_carea' id='block_1_32' title="bbox 390 2980 1967 3051">
    <p class='ocr_par' dir='ltr' id='par_1_32' title="bbox 390 2980 1967 3051">
     <span class='ocr_line' id='line_1_32' title="bbox 390 2980 1967 3051; baseline -0.001 -14"><span class='ocrx_word' id='word_1_206' title='bbox 390 2981 591 3038; x_wconf 84' lang='lat' dir='ltr'><strong>eﬁ&#39;ecta</strong></span> <span class='ocrx_word' id='word_1_207' title='bbox 632 2989 761 3036; x_wconf 91' lang='lat' dir='ltr'><strong>sunt</strong></span> <span class='ocrx_word' id='word_1_208' title='bbox 815 2980 1094 3046; x_wconf 81' lang='lat' dir='ltr'><strong>animalia,</strong></span> <span class='ocrx_word' id='word_1_209' title='bbox 1123 2981 1408 3050; x_wconf 88' lang='lat' dir='ltr'><strong>multaque</strong></span> <span class='ocrx_word' id='word_1_210' title='bbox 1459 2982 1516 3035; x_wconf 88' lang='lat' dir='ltr'><strong>in</strong></span> <span class='ocrx_word' id='word_1_211' title='bbox 1547 2980 1632 3036; x_wconf 90' lang='lat' dir='ltr'><strong>eis</strong></span> <span class='ocrx_word' id='word_1_212' title='bbox 1658 2980 1844 3051; x_wconf 86' lang='lat' dir='ltr'><strong>prada</strong></span> <span class='ocrx_word' id='word_1_213' title='bbox 1871 2995 1967 3050; x_wconf 89' lang='lat' dir='ltr'><strong>pa-</strong></span> 
     </span>
    </p>
   </div>
   <div class='ocr_carea' id='block_1_33' title="bbox 2050 496 3648 569">
    <p class='ocr_par' dir='ltr' id='par_1_33' title="bbox 2050 496 3648 569">
     <span class='ocr_line' id='line_1_33' title="bbox 2050 496 3648 569; baseline 0.003 -15"><span class='ocrx_word' id='word_1_214' title='bbox 2050 498 2154 554; x_wconf 89' lang='lat' dir='ltr'><strong>cha</strong></span> <span class='ocrx_word' id='word_1_215' title='bbox 2209 496 2875 569; x_wconf 89' lang='lat' dir='ltr'><strong>Constantinopolitanus.</strong></span> <span class='ocrx_word' id='word_1_216' title='bbox 2931 499 3107 555; x_wconf 87' lang='lat' dir='ltr'><strong>Media</strong></span> <span class='ocrx_word' id='word_1_217' title='bbox 3131 516 3265 556; x_wconf 91' lang='lat' dir='ltr'><strong>vero</strong></span> <span class='ocrx_word' id='word_1_218' title='bbox 3301 502 3648 559; x_wconf 84' lang='lat' dir='ltr'><strong>hebdomada</strong></span> 
     </span>
    </p>
   </div>
   <div class='ocr_carea' id='block_1_34' title="bbox 2046 586 3647 661">
    <p class='ocr_par' dir='ltr' id='par_1_34' title="bbox 2046 586 3647 661">
     <span class='ocr_line' id='line_1_34' title="bbox 2046 586 3647 661; baseline 0.004 -20"><span class='ocrx_word' id='word_1_219' title='bbox 2046 586 2385 658; x_wconf 88' lang='lat' dir='ltr'><strong>ieiuniorum</strong></span> <span class='ocrx_word' id='word_1_220' title='bbox 2443 595 2629 644; x_wconf 88' lang='lat' dir='ltr'><strong>tentus</strong></span> <span class='ocrx_word' id='word_1_221' title='bbox 2668 597 2755 644; x_wconf 90' lang='lat' dir='ltr'><strong>est</strong></span> <span class='ocrx_word' id='word_1_222' title='bbox 2784 589 3027 646; x_wconf 71' lang='lat' dir='ltr'><strong>Iacobus</strong></span> <span class='ocrx_word' id='word_1_223' title='bbox 3070 591 3551 661; x_wconf 84' lang='lat' dir='ltr'><strong>protospatharius</strong></span> <span class='ocrx_word' id='word_1_224' title='bbox 3578 607 3647 647; x_wconf 90' lang='lat' dir='ltr'><strong>ac</strong></span> 
     </span>
    </p>
   </div>
   <div class='ocr_carea' id='block_1_35' title="bbox 2051 679 3653 753">
    <p class='ocr_par' dir='ltr' id='par_1_35' title="bbox 2051 679 3653 753">
     <span class='ocr_line' id='line_1_35' title="bbox 2051 679 3653 753; baseline 0.004 -19"><span class='ocrx_word' id='word_1_225' title='bbox 2051 679 2248 750; x_wconf 85' lang='lat' dir='ltr'><strong>Papias</strong></span> <span class='ocrx_word' id='word_1_226' title='bbox 2278 689 2336 736; x_wconf 94' lang='lat' dir='ltr'><strong>et</strong></span> <span class='ocrx_word' id='word_1_227' title='bbox 2362 681 2678 753; x_wconf 87' lang='lat' dir='ltr'><strong>Strategius</strong></span> <span class='ocrx_word' id='word_1_228' title='bbox 2708 698 2774 738; x_wconf 89' lang='lat' dir='ltr'><strong>ac</strong></span> <span class='ocrx_word' id='word_1_229' title='bbox 2807 682 3179 753; x_wconf 87' lang='lat' dir='ltr'><strong>Theophanes</strong></span> <span class='ocrx_word' id='word_1_230' title='bbox 3210 683 3542 739; x_wconf 88' lang='lat' dir='ltr'><strong>cubicularii</strong></span> <span class='ocrx_word' id='word_1_231' title='bbox 3594 695 3653 741; x_wconf 89' lang='lat' dir='ltr'><strong>ct</strong></span> 
     </span>
    </p>
   </div>
   <div class='ocr_carea' id='block_1_36' title="bbox 2052 774 3670 847">
    <p class='ocr_par' dir='ltr' id='par_1_36' title="bbox 2052 774 3670 847">
     <span class='ocr_line' id='line_1_36' title="bbox 2052 774 3670 847; baseline 0.004 -21"><span class='ocrx_word' id='word_1_232' title='bbox 2052 775 2541 844; x_wconf 76' lang='lat' dir='ltr'><strong>paracmmomeni,</strong></span> <span class='ocrx_word' id='word_1_233' title='bbox 2572 774 2688 830; x_wconf 89' lang='lat' dir='ltr'><strong>Leo</strong></span> <span class='ocrx_word' id='word_1_234' title='bbox 2711 790 2932 846; x_wconf 90' lang='lat' dir='ltr'><strong>quoque</strong></span> <span class='ocrx_word' id='word_1_235' title='bbox 2963 791 3029 832; x_wconf 85' lang='lat' dir='ltr'><strong>ac</strong></span> <span class='ocrx_word' id='word_1_236' title='bbox 3054 775 3316 844; x_wconf 90' lang='lat' dir='ltr'><strong>Thomas,</strong></span> <span class='ocrx_word' id='word_1_237' title='bbox 3350 792 3508 847; x_wconf 83' lang='lat' dir='ltr'><strong>aeque</strong></span> <span class='ocrx_word' id='word_1_238' title='bbox 3537 792 3638 832; x_wconf 88' lang='lat' dir='ltr'><strong>cu-</strong></span> <span class='ocrx_word' id='word_1_239' title='bbox 3664 817 3670 841; x_wconf 62' lang='grc' dir='ltr'><strong><em>ι</em></strong></span> 
     </span>
    </p>
   </div>
   <div class='ocr_carea' id='block_1_37' title="bbox 2053 861 3648 937">
    <p class='ocr_par' dir='ltr' id='par_1_37' title="bbox 2053 861 3648 937">
     <span class='ocr_line' id='line_1_37' title="bbox 2053 861 3648 937; baseline 0.002 -20"><span class='ocrx_word' id='word_1_240' title='bbox 2053 861 2331 928; x_wconf 87' lang='lat' dir='ltr'><strong>bicularii,</strong></span> <span class='ocrx_word' id='word_1_241' title='bbox 2365 878 2476 918; x_wconf 88' lang='lat' dir='ltr'><strong>una</strong></span> <span class='ocrx_word' id='word_1_242' title='bbox 2526 878 2654 918; x_wconf 92' lang='lat' dir='ltr'><strong>cum</strong></span> <span class='ocrx_word' id='word_1_243' title='bbox 2718 863 2845 918; x_wconf 89' lang='lat' dir='ltr'><strong>aliis</strong></span> <span class='ocrx_word' id='word_1_244' title='bbox 2879 864 3155 936; x_wconf 80' lang='lat' dir='ltr'><strong>religiosis</strong></span> <span class='ocrx_word' id='word_1_245' title='bbox 3183 865 3343 932; x_wconf 90' lang='lat' dir='ltr'><strong>viris,</strong></span> <span class='ocrx_word' id='word_1_246' title='bbox 3378 881 3447 922; x_wconf 92' lang='lat' dir='ltr'><strong>eo</strong></span> <span class='ocrx_word' id='word_1_247' title='bbox 3495 864 3648 937; x_wconf 89' lang='lat' dir='ltr'><strong>quod</strong></span> 
     </span>
    </p>
   </div>
   <div class='ocr_carea' id='block_1_38' title="bbox 2052 955 3652 1026">
    <p class='ocr_par' dir='ltr' id='par_1_38' title="bbox 2052 955 3652 1026">
     <span class='ocr_line' id='line_1_38' title="bbox 2052 955 3652 1026; baseline 0.003 -15"><span class='ocrx_word' id='word_1_248' title='bbox 2052 955 2401 1011; x_wconf 82' lang='lat' dir='ltr'><strong>venerabiles</strong></span> <span class='ocrx_word' id='word_1_249' title='bbox 2440 955 2710 1026; x_wconf 83' lang='lat' dir='ltr'><strong>imagines</strong></span> <span class='ocrx_word' id='word_1_250' title='bbox 2759 956 3080 1013; x_wconf 85' lang='lat' dir='ltr'><strong>adorarent.</strong></span> <span class='ocrx_word' id='word_1_251' title='bbox 3135 958 3294 1014; x_wconf 89' lang='lat' dir='ltr'><strong>Tunc</strong></span> <span class='ocrx_word' id='word_1_252' title='bbox 3357 958 3652 1015; x_wconf 87' lang='lat' dir='ltr'><strong>denudans</strong></span> 
     </span>
    </p>
   </div>
   <div class='ocr_carea' id='block_1_39' title="bbox 2054 1047 3650 1121">
    <p class='ocr_par' dir='ltr' id='par_1_39' title="bbox 2054 1047 3650 1121">
     <span class='ocr_line' id='line_1_39' title="bbox 2054 1047 3650 1121; baseline 0.003 -18"><span class='ocrx_word' id='word_1_253' title='bbox 2054 1047 2435 1103; x_wconf 88' lang='lat' dir='ltr'><strong>absconditam</strong></span> <span class='ocrx_word' id='word_1_254' title='bbox 2457 1047 2724 1102; x_wconf 86' lang='lat' dir='ltr'><strong>malitiam</strong></span> <span class='ocrx_word' id='word_1_255' title='bbox 2746 1064 2902 1104; x_wconf 91' lang='lat' dir='ltr'><strong>suam</strong></span> <span class='ocrx_word' id='word_1_256' title='bbox 2921 1049 3056 1116; x_wconf 89' lang='lat' dir='ltr'><strong>Leo,</strong></span> <span class='ocrx_word' id='word_1_257' title='bbox 3082 1052 3461 1121; x_wconf 89' lang='lat' dir='ltr'><strong>persecutoris</strong></span> <span class='ocrx_word' id='word_1_258' title='bbox 3481 1050 3650 1118; x_wconf 86' lang='lat' dir='ltr'><strong>ﬁlius,</strong></span> 
     </span>
    </p>
   </div>
   <div class='ocr_carea' id='block_1_40' title="bbox 2055 1136 3651 1210">
    <p class='ocr_par' dir='ltr' id='par_1_40' title="bbox 2055 1136 3651 1210">
     <span class='ocr_line' id='line_1_40' title="bbox 2055 1136 3651 1210; baseline 0.002 -18"><span class='ocrx_word' id='word_1_259' title='bbox 2055 1137 2158 1193; x_wconf 88' lang='lat' dir='ltr'><strong>hos</strong></span> <span class='ocrx_word' id='word_1_260' title='bbox 2175 1136 2688 1192; x_wconf 88' lang='lat' dir='ltr'><strong>immisericorditer</strong></span> <span class='ocrx_word' id='word_1_261' title='bbox 2706 1145 2946 1194; x_wconf 85' lang='lat' dir='ltr'><strong>caesoset</strong></span> <span class='ocrx_word' id='word_1_262' title='bbox 2962 1148 3151 1195; x_wconf 90' lang='lat' dir='ltr'><strong>tonsos</strong></span> <span class='ocrx_word' id='word_1_263' title='bbox 3169 1155 3377 1210; x_wconf 88' lang='lat' dir='ltr'><strong>perque</strong></span> <span class='ocrx_word' id='word_1_264' title='bbox 3403 1139 3651 1196; x_wconf 92' lang='lat' dir='ltr'><strong>medium</strong></span> 
     </span>
    </p>
   </div>
   <div class='ocr_carea' id='block_1_41' title="bbox 2055 1229 3649 1302">
    <p class='ocr_par' dir='ltr' id='par_1_41' title="bbox 2055 1229 3649 1302">
     <span class='ocr_line' id='line_1_41' title="bbox 2055 1229 3649 1302; baseline 0.003 -18"><span class='ocrx_word' id='word_1_265' title='bbox 2055 1229 2212 1284; x_wconf 90' lang='lat' dir='ltr'><strong>urbis</strong></span> <span class='ocrx_word' id='word_1_266' title='bbox 2235 1229 2456 1285; x_wconf 87' lang='lat' dir='ltr'><strong>vinctos</strong></span> <span class='ocrx_word' id='word_1_267' title='bbox 2484 1229 2738 1300; x_wconf 90' lang='lat' dir='ltr'><strong>pompari</strong></span> <span class='ocrx_word' id='word_1_268' title='bbox 2770 1230 2906 1286; x_wconf 90' lang='lat' dir='ltr'><strong>fecit</strong></span> <span class='ocrx_word' id='word_1_269' title='bbox 2940 1240 2997 1287; x_wconf 93' lang='lat' dir='ltr'><strong>et</strong></span> <span class='ocrx_word' id='word_1_270' title='bbox 3021 1231 3076 1286; x_wconf 91' lang='lat' dir='ltr'><strong>in</strong></span> <span class='ocrx_word' id='word_1_271' title='bbox 3105 1232 3366 1302; x_wconf 89' lang='lat' dir='ltr'><strong>praetorio</strong></span> <span class='ocrx_word' id='word_1_272' title='bbox 3398 1233 3649 1290; x_wconf 89' lang='lat' dir='ltr'><strong>inclaudi</strong></span> 
     </span>
    </p>
   </div>
   <div class='ocr_carea' id='block_1_42' title="bbox 2055 1320 3648 1391">
    <p class='ocr_par' dir='ltr' id='par_1_42' title="bbox 2055 1320 3648 1391">
     <span class='ocr_line' id='line_1_42' title="bbox 2055 1320 3648 1391; baseline 0 -15"><span class='ocrx_word' id='word_1_273' title='bbox 2055 1320 2373 1386; x_wconf 87' lang='lat' dir='ltr'><strong>mandavit;</strong></span> <span class='ocrx_word' id='word_1_274' title='bbox 2415 1321 2560 1376; x_wconf 91' lang='lat' dir='ltr'><strong>inter</strong></span> <span class='ocrx_word' id='word_1_275' title='bbox 2589 1336 2731 1391; x_wconf 90' lang='lat' dir='ltr'><strong>quos</strong></span> <span class='ocrx_word' id='word_1_276' title='bbox 2772 1322 2939 1376; x_wconf 91' lang='lat' dir='ltr'><strong>etiam</strong></span> <span class='ocrx_word' id='word_1_277' title='bbox 2971 1321 3157 1378; x_wconf 92' lang='lat' dir='ltr'><strong>dictus</strong></span> <span class='ocrx_word' id='word_1_278' title='bbox 3187 1322 3427 1378; x_wconf 91' lang='lat' dir='ltr'><strong>moritur</strong></span> <span class='ocrx_word' id='word_1_279' title='bbox 3455 1322 3648 1377; x_wconf 87' lang='lat' dir='ltr'><strong>Theo-</strong></span> 
     </span>
    </p>
   </div>
   <div class='ocr_carea' id='block_1_43' title="bbox 2055 1411 3650 1487">
    <p class='ocr_par' dir='ltr' id='par_1_43' title="bbox 2055 1411 3650 1487">
     <span class='ocr_line' id='line_1_43' title="bbox 2055 1411 3650 1487; baseline 0.002 -20"><span class='ocrx_word' id='word_1_280' title='bbox 2055 1413 2289 1484; x_wconf 88' lang='lat' dir='ltr'><strong>phanes,</strong></span> <span class='ocrx_word' id='word_1_281' title='bbox 2345 1411 2639 1469; x_wconf 87' lang='lat' dir='ltr'><strong>confessor</strong></span> <span class='ocrx_word' id='word_1_282' title='bbox 2693 1413 2930 1470; x_wconf 83' lang='lat' dir='ltr'><strong>eﬁ‘ectus</strong></span> <span class='ocrx_word' id='word_1_283' title='bbox 2987 1423 3044 1470; x_wconf 91' lang='lat' dir='ltr'><strong>et</strong></span> <span class='ocrx_word' id='word_1_284' title='bbox 3097 1430 3359 1471; x_wconf 87' lang='lat' dir='ltr'><strong>coronam</strong></span> <span class='ocrx_word' id='word_1_285' title='bbox 3390 1414 3650 1487; x_wconf 85' lang='lat' dir='ltr'><strong>martyrii</strong></span> 
     </span>
    </p>
   </div>
   <div class='ocr_carea' id='block_1_44' title="bbox 2054 1505 3652 1580">
    <p class='ocr_par' dir='ltr' id='par_1_44' title="bbox 2054 1505 3652 1580">
     <span class='ocr_line' id='line_1_44' title="bbox 2054 1505 3652 1580; baseline -0.001 -18"><span class='ocrx_word' id='word_1_286' title='bbox 2054 1516 2412 1562; x_wconf 90' lang='lat' dir='ltr'><strong>consecutus.</strong></span> <span class='ocrx_word' id='word_1_287' title='bbox 2439 1505 2659 1577; x_wconf 79' lang='lat' dir='ltr'><strong>Reliqui</strong></span> <span class='ocrx_word' id='word_1_288' title='bbox 2684 1516 2872 1562; x_wconf 88' lang='lat' dir='ltr'><strong>autem</strong></span> <span class='ocrx_word' id='word_1_289' title='bbox 2897 1523 3091 1563; x_wconf 91' lang='lat' dir='ltr'><strong>omnes</strong></span> <span class='ocrx_word' id='word_1_290' title='bbox 3119 1523 3219 1579; x_wconf 87' lang='lat' dir='ltr'><strong>per</strong></span> <span class='ocrx_word' id='word_1_291' title='bbox 3237 1508 3403 1580; x_wconf 88' lang='lat' dir='ltr'><strong>hujus</strong></span> <span class='ocrx_word' id='word_1_292' title='bbox 3433 1507 3652 1563; x_wconf 92' lang='lat' dir='ltr'><strong>obitum</strong></span> 
     </span>
    </p>
   </div>
   <div class='ocr_carea' id='block_1_45' title="bbox 2055 1598 3654 1673">
    <p class='ocr_par' dir='ltr' id='par_1_45' title="bbox 2055 1598 3654 1673">
     <span class='ocr_line' id='line_1_45' title="bbox 2055 1598 3654 1673; baseline 0.001 -19"><span class='ocrx_word' id='word_1_293' title='bbox 2055 1598 2272 1670; x_wconf 91' lang='lat' dir='ltr'><strong>probati</strong></span> <span class='ocrx_word' id='word_1_294' title='bbox 2298 1599 2557 1655; x_wconf 89' lang='lat' dir='ltr'><strong>monachi</strong></span> <span class='ocrx_word' id='word_1_295' title='bbox 2588 1608 2720 1654; x_wconf 92' lang='lat' dir='ltr'><strong>sunt</strong></span> <span class='ocrx_word' id='word_1_296' title='bbox 2747 1600 2978 1656; x_wconf 91' lang='lat' dir='ltr'><strong>ostensi.</strong></span> <span class='ocrx_word' id='word_1_297' title='bbox 3015 1600 3116 1657; x_wconf 77' lang='lat' dir='ltr'><strong>Ast</strong></span> <span class='ocrx_word' id='word_1_298' title='bbox 3157 1601 3338 1656; x_wconf 85' lang='lat' dir='ltr'><strong>Aaron</strong></span> <span class='ocrx_word' id='word_1_299' title='bbox 3371 1600 3654 1673; x_wconf 83' lang='lat' dir='ltr'><strong>ingressus</strong></span> 
     </span>
    </p>
   </div>
   <div class='ocr_carea' id='block_1_46' title="bbox 2058 1691 3657 1750">
    <p class='ocr_par' dir='ltr' id='par_1_46' title="bbox 2058 1691 3657 1750">
     <span class='ocr_line' id='line_1_46' title="bbox 2058 1691 3657 1750; baseline 0.001 -4"><span class='ocrx_word' id='word_1_300' title='bbox 2058 1691 2118 1746; x_wconf 92' lang='lat' dir='ltr'><strong>in</strong></span> <span class='ocrx_word' id='word_1_301' title='bbox 2144 1691 2598 1748; x_wconf 82' lang='lat' dir='ltr'><strong>Armeniacorum</strong></span> <span class='ocrx_word' id='word_1_302' title='bbox 2632 1692 2816 1748; x_wconf 87' lang='lat' dir='ltr'><strong>thema</strong></span> <span class='ocrx_word' id='word_1_303' title='bbox 2857 1693 3077 1750; x_wconf 87' lang='lat' dir='ltr'><strong>obsedit</strong></span> <span class='ocrx_word' id='word_1_304' title='bbox 3132 1693 3417 1750; x_wconf 90' lang='lat' dir='ltr'><strong>Semalvos</strong></span> <span class='ocrx_word' id='word_1_305' title='bbox 3463 1691 3657 1749; x_wconf 87' lang='lat' dir='ltr'><strong>castel-</strong></span> 
     </span>
    </p>
   </div>
   <div class='ocr_carea' id='block_1_47' title="bbox 2062 1781 3652 1856">
    <p class='ocr_par' dir='ltr' id='par_1_47' title="bbox 2062 1781 3652 1856">
     <span class='ocr_line' id='line_1_47' title="bbox 2062 1781 3652 1856; baseline -0.001 -18"><span class='ocrx_word' id='word_1_306' title='bbox 2062 1782 2178 1838; x_wconf 89' lang='lat' dir='ltr'><strong>lum</strong></span> <span class='ocrx_word' id='word_1_307' title='bbox 2204 1791 2395 1839; x_wconf 90' lang='lat' dir='ltr'><strong>astate</strong></span> <span class='ocrx_word' id='word_1_308' title='bbox 2429 1791 2564 1848; x_wconf 88' lang='lat' dir='ltr'><strong>tota,</strong></span> <span class='ocrx_word' id='word_1_309' title='bbox 2597 1793 2653 1840; x_wconf 90' lang='lat' dir='ltr'><strong>et</strong></span> <span class='ocrx_word' id='word_1_310' title='bbox 2687 1785 3041 1856; x_wconf 89' lang='lat' dir='ltr'><strong>Septembrio</strong></span> <span class='ocrx_word' id='word_1_311' title='bbox 3069 1800 3260 1840; x_wconf 88' lang='lat' dir='ltr'><strong>mense</strong></span> <span class='ocrx_word' id='word_1_312' title='bbox 3313 1783 3462 1854; x_wconf 91' lang='lat' dir='ltr'><strong>cepit</strong></span> <span class='ocrx_word' id='word_1_313' title='bbox 3511 1781 3652 1838; x_wconf 89' lang='lat' dir='ltr'><strong>illud</strong></span> 
     </span>
    </p>
   </div>
   <div class='ocr_carea' id='block_1_48' title="bbox 2064 1874 3650 1934">
    <p class='ocr_par' dir='ltr' id='par_1_48' title="bbox 2064 1874 3650 1934">
     <span class='ocr_line' id='line_1_48' title="bbox 2064 1874 3650 1934; baseline -0.002 -3"><span class='ocrx_word' id='word_1_314' title='bbox 2064 1876 2121 1931; x_wconf 89' lang='lat' dir='ltr'><strong>in</strong></span> <span class='ocrx_word' id='word_1_315' title='bbox 2152 1876 2345 1933; x_wconf 87' lang='lat' dir='ltr'><strong>verbo.</strong></span> <span class='ocrx_word' id='word_1_316' title='bbox 2376 1876 2599 1934; x_wconf 86' lang='lat' dir='ltr'><strong>Miserat</strong></span> <span class='ocrx_word' id='word_1_317' title='bbox 2645 1888 2830 1934; x_wconf 88' lang='lat' dir='ltr'><strong>autem</strong></span> <span class='ocrx_word' id='word_1_318' title='bbox 2883 1878 3309 1934; x_wconf 89' lang='lat' dir='ltr'><strong>Thummamam</strong></span> <span class='ocrx_word' id='word_1_319' title='bbox 3350 1876 3408 1931; x_wconf 91' lang='lat' dir='ltr'><strong>in</strong></span> <span class='ocrx_word' id='word_1_320' title='bbox 3464 1874 3650 1931; x_wconf 86' lang='lat' dir='ltr'><strong>Asiam</strong></span> 
     </span>
    </p>
   </div>
   <div class='ocr_carea' id='block_1_49' title="bbox 2064 1966 3653 2043">
    <p class='ocr_par' dir='ltr' id='par_1_49' title="bbox 2064 1966 3653 2043">
     <span class='ocr_line' id='line_1_49' title="bbox 2064 1966 3653 2043; baseline -0.003 -17"><span class='ocrx_word' id='word_1_321' title='bbox 2064 1986 2190 2027; x_wconf 94' lang='lat' dir='ltr'><strong>cum</strong></span> <span class='ocrx_word' id='word_1_322' title='bbox 2223 1969 2626 2043; x_wconf 77' lang='lat' dir='ltr'><strong>quinquaginta</strong></span> <span class='ocrx_word' id='word_1_323' title='bbox 2657 1969 2926 2036; x_wconf 89' lang='lat' dir='ltr'><strong>millibus,</strong></span> <span class='ocrx_word' id='word_1_324' title='bbox 2961 1978 3020 2027; x_wconf 91' lang='lat' dir='ltr'><strong>et</strong></span> <span class='ocrx_word' id='word_1_325' title='bbox 3063 1981 3363 2026; x_wconf 83' lang='lat' dir='ltr'><strong>occurrens</strong></span> <span class='ocrx_word' id='word_1_326' title='bbox 3415 1966 3653 2022; x_wconf 78' lang='lat' dir='ltr'><strong>Michael</strong></span> 
     </span>
    </p>
   </div>
   <div class='ocr_carea' id='block_1_50' title="bbox 2064 2059 3654 2123">
    <p class='ocr_par' dir='ltr' id='par_1_50' title="bbox 2064 2059 3654 2123">
     <span class='ocr_line' id='line_1_50' title="bbox 2064 2059 3654 2123; baseline -0.004 -5"><span class='ocrx_word' id='word_1_327' title='bbox 2064 2062 2494 2118; x_wconf 88' lang='lat' dir='ltr'><strong>Lachanodraco</strong></span> <span class='ocrx_word' id='word_1_328' title='bbox 2524 2077 2690 2118; x_wconf 91' lang='lat' dir='ltr'><strong>cursu</strong></span> <span class='ocrx_word' id='word_1_329' title='bbox 2716 2061 2936 2118; x_wconf 91' lang='lat' dir='ltr'><strong>modico</strong></span> <span class='ocrx_word' id='word_1_330' title='bbox 2960 2077 3063 2118; x_wconf 91' lang='lat' dir='ltr'><strong>suo</strong></span> <span class='ocrx_word' id='word_1_331' title='bbox 3084 2059 3385 2118; x_wconf 85' lang='lat' dir='ltr'><strong>debellavit</strong></span> <span class='ocrx_word' id='word_1_332' title='bbox 3416 2073 3568 2123; x_wconf 90' lang='lat' dir='ltr'><strong>eum,</strong></span> <span class='ocrx_word' id='word_1_333' title='bbox 3595 2065 3654 2112; x_wconf 87' lang='lat' dir='ltr'><strong>et</strong></span> 
     </span>
    </p>
   </div>
   <div class='ocr_carea' id='block_1_51' title="bbox 2060 2153 3004 2227">
    <p class='ocr_par' dir='ltr' id='par_1_51' title="bbox 2060 2153 3004 2227">
     <span class='ocr_line' id='line_1_51' title="bbox 2060 2153 3004 2227; baseline -0.002 -18"><span class='ocrx_word' id='word_1_334' title='bbox 2060 2153 2333 2227; x_wconf 86' lang='lat' dir='ltr'><strong>iugulavit</strong></span> <span class='ocrx_word' id='word_1_335' title='bbox 2359 2154 2589 2210; x_wconf 88' lang='lat' dir='ltr'><strong>fratrem</strong></span> <span class='ocrx_word' id='word_1_336' title='bbox 2624 2153 3004 2210; x_wconf 82' lang='lat' dir='ltr'><strong>Theumama.</strong></span> 
     </span>
    </p>
   </div>
   <div class='ocr_carea' id='block_1_52' title="bbox 2133 2242 3654 2314">
    <p class='ocr_par' dir='ltr' id='par_1_52' title="bbox 2133 2242 3654 2314">
     <span class='ocr_line' id='line_1_52' title="bbox 2133 2242 3654 2314; baseline -0.005 -13"><span class='ocrx_word' id='word_1_337' title='bbox 2133 2245 2340 2301; x_wconf 88' lang='lat' dir='ltr'><strong>Eodem</strong></span> <span class='ocrx_word' id='word_1_338' title='bbox 2359 2259 2581 2314; x_wconf 90' lang='lat' dir='ltr'><strong>quoque</strong></span> <span class='ocrx_word' id='word_1_339' title='bbox 2604 2258 2794 2299; x_wconf 88' lang='lat' dir='ltr'><strong>mense</strong></span> <span class='ocrx_word' id='word_1_340' title='bbox 2818 2252 3031 2314; x_wconf 84' lang='lat' dir='ltr'><strong>quarta</strong></span> <span class='ocrx_word' id='word_1_341' title='bbox 3054 2242 3377 2299; x_wconf 87' lang='lat' dir='ltr'><strong>indictionis</strong></span> <span class='ocrx_word' id='word_1_342' title='bbox 3397 2249 3654 2296; x_wconf 86' lang='lat' dir='ltr'><strong>mortuus</strong></span> 
     </span>
    </p>
   </div>
   <div class='ocr_carea' id='block_1_53' title="bbox 2062 2332 3655 2393">
    <p class='ocr_par' dir='ltr' id='par_1_53' title="bbox 2062 2332 3655 2393">
     <span class='ocr_line' id='line_1_53' title="bbox 2062 2332 3655 2393; baseline -0.004 0"><span class='ocrx_word' id='word_1_343' title='bbox 2062 2346 2149 2393; x_wconf 88' lang='lat' dir='ltr'><strong>est</strong></span> <span class='ocrx_word' id='word_1_344' title='bbox 2178 2336 2290 2393; x_wconf 89' lang='lat' dir='ltr'><strong>Leo</strong></span> <span class='ocrx_word' id='word_1_345' title='bbox 2315 2337 2461 2392; x_wconf 89' lang='lat' dir='ltr'><strong>ﬁlius</strong></span> <span class='ocrx_word' id='word_1_346' title='bbox 2483 2335 2837 2392; x_wconf 88' lang='lat' dir='ltr'><strong>Constantini</strong></span> <span class='ocrx_word' id='word_1_347' title='bbox 2862 2335 2968 2391; x_wconf 88' lang='lat' dir='ltr'><strong>hoc</strong></span> <span class='ocrx_word' id='word_1_348' title='bbox 2999 2335 3185 2391; x_wconf 92' lang='lat' dir='ltr'><strong>modo.</strong></span> <span class='ocrx_word' id='word_1_349' title='bbox 3217 2333 3357 2391; x_wconf 87' lang='lat' dir='ltr'><strong>Cum</strong></span> <span class='ocrx_word' id='word_1_350' title='bbox 3381 2332 3655 2390; x_wconf 88' lang='lat' dir='ltr'><strong>insaniret</strong></span> 
     </span>
    </p>
   </div>
   <div class='ocr_carea' id='block_1_54' title="bbox 2063 2426 3654 2500">
    <p class='ocr_par' dir='ltr' id='par_1_54' title="bbox 2063 2426 3654 2500">
     <span class='ocr_line' id='line_1_54' title="bbox 2063 2426 3654 2500; baseline -0.002 -15"><span class='ocrx_word' id='word_1_351' title='bbox 2063 2429 2211 2486; x_wconf 87' lang='lat' dir='ltr'><strong>circa</strong></span> <span class='ocrx_word' id='word_1_352' title='bbox 2267 2427 2495 2500; x_wconf 85' lang='lat' dir='ltr'><strong>lapides,</strong></span> <span class='ocrx_word' id='word_1_353' title='bbox 2551 2427 2721 2483; x_wconf 91' lang='lat' dir='ltr'><strong>nimis</strong></span> <span class='ocrx_word' id='word_1_354' title='bbox 2773 2428 3057 2484; x_wconf 87' lang='lat' dir='ltr'><strong>adamavit</strong></span> <span class='ocrx_word' id='word_1_355' title='bbox 3118 2441 3387 2483; x_wconf 89' lang='lat' dir='ltr'><strong>coronam</strong></span> <span class='ocrx_word' id='word_1_356' title='bbox 3443 2426 3654 2496; x_wconf 77' lang='lat' dir='ltr'><strong>Magna</strong></span> 
     </span>
    </p>
   </div>
   <div class='ocr_carea' id='block_1_55' title="bbox 2063 2520 3735 2592">
    <p class='ocr_par' dir='ltr' id='par_1_55' title="bbox 2063 2520 3735 2592">
     <span class='ocr_line' id='line_1_55' title="bbox 2063 2520 3735 2592; baseline -0.002 -14"><span class='ocrx_word' id='word_1_357' title='bbox 2063 2521 2352 2586; x_wconf 89' lang='lat' dir='ltr'><strong>ecclesia,</strong></span> <span class='ocrx_word' id='word_1_358' title='bbox 2377 2531 2436 2577; x_wconf 85' lang='lat' dir='ltr'><strong>et</strong></span> <span class='ocrx_word' id='word_1_359' title='bbox 2504 2520 2784 2592; x_wconf 83' lang='lat' dir='ltr'><strong>accipiens</strong></span> <span class='ocrx_word' id='word_1_360' title='bbox 2838 2521 3076 2592; x_wconf 88' lang='lat' dir='ltr'><strong>portavit</strong></span> <span class='ocrx_word' id='word_1_361' title='bbox 3115 2536 3258 2586; x_wconf 90' lang='lat' dir='ltr'><strong>eam,</strong></span> <span class='ocrx_word' id='word_1_362' title='bbox 3295 2529 3352 2576; x_wconf 91' lang='lat' dir='ltr'><strong>et</strong></span> <span class='ocrx_word' id='word_1_363' title='bbox 3395 2521 3656 2577; x_wconf 81' lang='lat' dir='ltr'><strong>exierunt</strong></span> <span class='ocrx_word' id='word_1_364' title='bbox 3721 2523 3735 2547; x_wconf 86' lang='lat'><strong>‘</strong></span> 
     </span>
    </p>
   </div>
   <div class='ocr_carea' id='block_1_56' title="bbox 2065 2611 3654 2686">
    <p class='ocr_par' dir='ltr' id='par_1_56' title="bbox 2065 2611 3654 2686">
     <span class='ocr_line' id='line_1_56' title="bbox 2065 2611 3654 2686; baseline -0.002 -16"><span class='ocrx_word' id='word_1_365' title='bbox 2065 2615 2394 2671; x_wconf 87' lang='lat' dir='ltr'><strong>carbunculi</strong></span> <span class='ocrx_word' id='word_1_366' title='bbox 2421 2617 2478 2670; x_wconf 92' lang='lat' dir='ltr'><strong>in</strong></span> <span class='ocrx_word' id='word_1_367' title='bbox 2499 2615 2680 2685; x_wconf 82' lang='lat' dir='ltr'><strong>capite</strong></span> <span class='ocrx_word' id='word_1_368' title='bbox 2712 2615 2856 2684; x_wconf 85' lang='lat' dir='ltr'><strong>ejus,</strong></span> <span class='ocrx_word' id='word_1_369' title='bbox 2889 2622 2947 2669; x_wconf 93' lang='lat' dir='ltr'><strong>et</strong></span> <span class='ocrx_word' id='word_1_370' title='bbox 2994 2622 3188 2686; x_wconf 88' lang='lat' dir='ltr'><strong>captus</strong></span> <span class='ocrx_word' id='word_1_371' title='bbox 3217 2629 3248 2669; x_wconf 90' lang='lat' dir='ltr'><strong>a</strong></span> <span class='ocrx_word' id='word_1_372' title='bbox 3280 2613 3464 2669; x_wconf 87' lang='lat' dir='ltr'><strong>valida</strong></span> <span class='ocrx_word' id='word_1_373' title='bbox 3497 2611 3654 2667; x_wconf 82' lang='lat' dir='ltr'><strong>febre</strong></span> 
     </span>
    </p>
   </div>
   <div class='ocr_carea' id='block_1_57' title="bbox 2067 2704 3654 2778">
    <p class='ocr_par' dir='ltr' id='par_1_57' title="bbox 2067 2704 3654 2778">
     <span class='ocr_line' id='line_1_57' title="bbox 2067 2704 3654 2778; baseline 0 -16"><span class='ocrx_word' id='word_1_374' title='bbox 2067 2715 2319 2763; x_wconf 87' lang='lat' dir='ltr'><strong>mortuus</strong></span> <span class='ocrx_word' id='word_1_375' title='bbox 2347 2717 2454 2771; x_wconf 91' lang='lat' dir='ltr'><strong>est,</strong></span> <span class='ocrx_word' id='word_1_376' title='bbox 2486 2722 2613 2764; x_wconf 90' lang='lat' dir='ltr'><strong>cum</strong></span> <span class='ocrx_word' id='word_1_377' title='bbox 2651 2715 2938 2778; x_wconf 81' lang='lat' dir='ltr'><strong>regnasset</strong></span> <span class='ocrx_word' id='word_1_378' title='bbox 2965 2707 3128 2762; x_wconf 90' lang='lat' dir='ltr'><strong>annis</strong></span> <span class='ocrx_word' id='word_1_379' title='bbox 3154 2706 3424 2778; x_wconf 88' lang='lat' dir='ltr'><strong>quinque,</strong></span> <span class='ocrx_word' id='word_1_380' title='bbox 3452 2704 3654 2762; x_wconf 85' lang='lat' dir='ltr'><strong>diebus</strong></span> 
     </span>
    </p>
   </div>
   <div class='ocr_carea' id='block_1_58' title="bbox 2066 2801 2667 2871">
    <p class='ocr_par' dir='ltr' id='par_1_58' title="bbox 2066 2801 2667 2871">
     <span class='ocr_line' id='line_1_58' title="bbox 2066 2801 2667 2871; baseline 0.002 -16"><span class='ocrx_word' id='word_1_381' title='bbox 2066 2815 2161 2856; x_wconf 83' lang='lat' dir='ltr'><strong>sex</strong></span> <span class='ocrx_word' id='word_1_382' title='bbox 2191 2801 2455 2871; x_wconf 82' lang='lat' dir='ltr'><strong>exceptis.</strong></span> <span class='ocrx_word' id='word_1_383' title='bbox 2660 2854 2667 2856; x_wconf 35' lang='grc' dir='ltr'><strong>μ</strong></span> 
     </span>
    </p>
   </div>
   <div class='ocr_carea' id='block_1_59' title="bbox 2138 2889 3649 2960">
    <p class='ocr_par' dir='ltr' id='par_1_59' title="bbox 2138 2889 3649 2960">
     <span class='ocr_line' id='line_1_59' title="bbox 2138 2889 3649 2960; baseline 0 -14"><span class='ocrx_word' id='word_1_384' title='bbox 2138 2892 2324 2947; x_wconf 90' lang='lat' dir='ltr'><strong>Mundi</strong></span> <span class='ocrx_word' id='word_1_385' title='bbox 2345 2909 2491 2948; x_wconf 91' lang='lat' dir='ltr'><strong>anno</strong></span> <span class='ocrx_word' id='word_1_386' title='bbox 2518 2893 2680 2960; x_wconf 84' lang='lat'><strong>6776,</strong></span> <span class='ocrx_word' id='word_1_387' title='bbox 2701 2893 2905 2949; x_wconf 85' lang='lat' dir='ltr'><strong>divina</strong></span> <span class='ocrx_word' id='word_1_388' title='bbox 2925 2892 3329 2948; x_wconf 87' lang='lat' dir='ltr'><strong>incarnationis</strong></span> <span class='ocrx_word' id='word_1_389' title='bbox 3350 2907 3498 2946; x_wconf 89' lang='lat' dir='ltr'><strong>anno</strong></span> <span class='ocrx_word' id='word_1_390' title='bbox 3516 2889 3649 2958; x_wconf 86' lang='lat'><strong>776,</strong></span> 
     </span>
    </p>
   </div>
   <div class='ocr_carea' id='block_1_60' title="bbox 2068 2983 3654 3056">
    <p class='ocr_par' dir='ltr' id='par_1_60' title="bbox 2068 2983 3654 3056">
     <span class='ocr_line' id='line_1_60' title="bbox 2068 2983 3654 3056; baseline -0.001 -16"><span class='ocrx_word' id='word_1_391' title='bbox 2068 2985 2305 3040; x_wconf 83' lang='lat' dir='ltr'><strong>Heirene</strong></span> <span class='ocrx_word' id='word_1_392' title='bbox 2337 2986 2584 3056; x_wconf 89' lang='lat' dir='ltr'><strong>piissima</strong></span> <span class='ocrx_word' id='word_1_393' title='bbox 2631 3002 2736 3041; x_wconf 91' lang='lat' dir='ltr'><strong>una</strong></span> <span class='ocrx_word' id='word_1_394' title='bbox 2791 3000 2917 3041; x_wconf 91' lang='lat' dir='ltr'><strong>cum</strong></span> <span class='ocrx_word' id='word_1_395' title='bbox 2973 2984 3086 3040; x_wconf 90' lang='lat' dir='ltr'><strong>ﬁlio</strong></span> <span class='ocrx_word' id='word_1_396' title='bbox 3135 3001 3238 3040; x_wconf 90' lang='lat' dir='ltr'><strong>suo</strong></span> <span class='ocrx_word' id='word_1_397' title='bbox 3289 2983 3654 3040; x_wconf 88' lang='lat' dir='ltr'><strong>Constantino</strong></span> 
     </span>
    </p>
   </div>
   <div class='ocr_carea' id='block_1_61' title="bbox 394 3071 3658 3151">
    <p class='ocr_par' dir='ltr' id='par_1_61' title="bbox 394 3071 3658 3151">
     <span class='ocr_line' id='line_1_61' title="bbox 394 3071 3658 3151; baseline -0.001 -19"><span class='ocrx_word' id='word_1_398' title='bbox 394 3086 541 3132; x_wconf 88' lang='lat' dir='ltr'><strong>trata</strong></span> <span class='ocrx_word' id='word_1_399' title='bbox 585 3084 693 3131; x_wconf 84' lang='lat' dir='ltr'><strong>est.</strong></span> <span class='ocrx_word' id='word_1_400' title='bbox 747 3075 817 3130; x_wconf 84' lang='lat' dir='ltr'><strong>Et</strong></span> <span class='ocrx_word' id='word_1_401' title='bbox 875 3075 1080 3131; x_wconf 86' lang='lat' dir='ltr'><strong>reversi</strong></span> <span class='ocrx_word' id='word_1_402' title='bbox 1141 3075 1482 3132; x_wconf 89' lang='lat' dir='ltr'><strong>obsederunt</strong></span> <span class='ocrx_word' id='word_1_403' title='bbox 1525 3076 1814 3132; x_wconf 85' lang='lat' dir='ltr'><strong>Amorium</strong></span> <span class='ocrx_word' id='word_1_404' title='bbox 1874 3075 1966 3134; x_wconf 88' lang='lat' dir='ltr'><strong>die</strong></span> <span class='ocrx_word' id='word_1_405' title='bbox 1993 3086 2043 3151; x_wconf 77' lang='grc' dir='ltr'>ο</span> <span class='ocrx_word' id='word_1_406' title='bbox 2071 3077 2310 3148; x_wconf 82' lang='lat' dir='ltr'><strong>gloriose</strong></span> <span class='ocrx_word' id='word_1_407' title='bbox 2333 3077 2630 3148; x_wconf 89' lang='lat' dir='ltr'><strong>imperium</strong></span> <span class='ocrx_word' id='word_1_408' title='bbox 2663 3077 2933 3133; x_wconf 92' lang='lat' dir='ltr'><strong>divinitus</strong></span> <span class='ocrx_word' id='word_1_409' title='bbox 2966 3077 3167 3147; x_wconf 90' lang='lat' dir='ltr'><strong>accipit</strong></span> <span class='ocrx_word' id='word_1_410' title='bbox 3197 3083 3351 3131; x_wconf 85' lang='lat' dir='ltr'><strong>sexto</strong></span> <span class='ocrx_word' id='word_1_411' title='bbox 3377 3074 3504 3130; x_wconf 91' lang='lat' dir='ltr'><strong>idus</strong></span> <span class='ocrx_word' id='word_1_412' title='bbox 3555 3071 3658 3129; x_wconf 91' lang='lat' dir='ltr'><strong>Se-</strong></span> 
     </span>
    </p>
   </div>
   <div class='ocr_carea' id='block_1_62' title="bbox 336 3165 1968 3238">
    <p class='ocr_par' dir='ltr' id='par_1_62' title="bbox 336 3165 1968 3238">
     <span class='ocr_line' id='line_1_62' title="bbox 336 3165 1968 3238; baseline 0.001 -18"><span class='ocrx_word' id='word_1_413' title='bbox 336 3229 345 3238; x_wconf 45' lang='grc'><em>,</em></span> <span class='ocrx_word' id='word_1_414' title='bbox 392 3182 540 3232; x_wconf 91' lang='lat' dir='ltr'><strong>uno;</strong></span> <span class='ocrx_word' id='word_1_415' title='bbox 590 3165 739 3236; x_wconf 88' lang='lat' dir='ltr'><strong>quod</strong></span> <span class='ocrx_word' id='word_1_416' title='bbox 774 3180 899 3220; x_wconf 91' lang='lat' dir='ltr'><strong>cum</strong></span> <span class='ocrx_word' id='word_1_417' title='bbox 967 3165 1238 3222; x_wconf 86' lang='lat' dir='ltr'><strong>vidissent</strong></span> <span class='ocrx_word' id='word_1_418' title='bbox 1295 3165 1592 3232; x_wconf 90' lang='lat' dir='ltr'><strong>munitum,</strong></span> <span class='ocrx_word' id='word_1_419' title='bbox 1641 3174 1697 3222; x_wconf 91' lang='lat' dir='ltr'><strong>et</strong></span> <span class='ocrx_word' id='word_1_420' title='bbox 1736 3165 1968 3222; x_wconf 89' lang='lat' dir='ltr'><strong>multam</strong></span> 
     </span>
    </p>
   </div>
   <div class='ocr_carea' id='block_1_63' title="bbox 391 3255 1968 3329">
    <p class='ocr_par' dir='ltr' id='par_1_63' title="bbox 391 3255 1968 3329">
     <span class='ocr_line' id='line_1_63' title="bbox 391 3255 1968 3329; baseline 0.003 -19"><span class='ocrx_word' id='word_1_421' title='bbox 391 3255 598 3312; x_wconf 88' lang='lat' dir='ltr'><strong>habere</strong></span> <span class='ocrx_word' id='word_1_422' title='bbox 627 3264 985 3322; x_wconf 85' lang='lat' dir='ltr'><strong>armaturam,</strong></span> <span class='ocrx_word' id='word_1_423' title='bbox 1032 3258 1241 3313; x_wconf 86' lang='lat' dir='ltr'><strong>reversi</strong></span> <span class='ocrx_word' id='word_1_424' title='bbox 1291 3263 1424 3312; x_wconf 90' lang='lat' dir='ltr'><strong>sunt</strong></span> <span class='ocrx_word' id='word_1_425' title='bbox 1471 3255 1614 3313; x_wconf 89' lang='lat' dir='ltr'><strong>nihil</strong></span> <span class='ocrx_word' id='word_1_426' title='bbox 1669 3257 1968 3329; x_wconf 86' lang='lat' dir='ltr'><strong>proﬁcien-</strong></span> 
     </span>
    </p>
   </div>
   <div class='ocr_carea' id='block_1_64' title="bbox 395 3353 498 3401">
    <p class='ocr_par' dir='ltr' id='par_1_64' title="bbox 395 3353 498 3401">
     <span class='ocr_line' id='line_1_64' title="bbox 395 3353 498 3401; baseline 0 -1"><span class='ocrx_word' id='word_1_427' title='bbox 395 3353 498 3401; x_wconf 86' lang='lat' dir='ltr'><strong>tes.</strong></span> 
     </span>
    </p>
   </div>
   <div class='ocr_carea' id='block_1_65' title="bbox 463 3437 1970 3516">
    <p class='ocr_par' dir='ltr' id='par_1_65' title="bbox 463 3437 1970 3516">
     <span class='ocr_line' id='line_1_65' title="bbox 463 3437 1970 3516; baseline 0.003 -24"><span class='ocrx_word' id='word_1_428' title='bbox 463 3437 625 3494; x_wconf 78' lang='lat' dir='ltr'><strong>Anno</strong></span> <span class='ocrx_word' id='word_1_429' title='bbox 656 3438 876 3510; x_wconf 90' lang='lat' dir='ltr'><strong>imperii</strong></span> <span class='ocrx_word' id='word_1_430' title='bbox 919 3439 1134 3516; x_wconf 74' lang='lat' dir='ltr'><strong>Leonis</strong></span> <span class='ocrx_word' id='word_1_431' title='bbox 1169 3441 1365 3511; x_wconf 91' lang='lat' dir='ltr'><strong>quinto</strong></span> <span class='ocrx_word' id='word_1_432' title='bbox 1391 3443 1596 3499; x_wconf 87' lang='lat' dir='ltr'><strong>Paulus</strong></span> <span class='ocrx_word' id='word_1_433' title='bbox 1650 3442 1970 3500; x_wconf 87' lang='lat' dir='ltr'><strong>Constanti-</strong></span> 
     </span>
    </p>
   </div>
   <div class='ocr_carea' id='block_1_66' title="bbox 397 3529 1970 3605">
    <p class='ocr_par' dir='ltr' id='par_1_66' title="bbox 397 3529 1970 3605">
     <span class='ocr_line' id='line_1_66' title="bbox 397 3529 1970 3605; baseline 0.004 -23"><span class='ocrx_word' id='word_1_434' title='bbox 397 3529 748 3599; x_wconf 89' lang='lat' dir='ltr'><strong>nopolitanus</strong></span> <span class='ocrx_word' id='word_1_435' title='bbox 797 3531 1034 3586; x_wconf 88' lang='lat' dir='ltr'><strong>habetur</strong></span> <span class='ocrx_word' id='word_1_436' title='bbox 1076 3532 1331 3598; x_wconf 88' lang='lat' dir='ltr'><strong>antistes,</strong></span> <span class='ocrx_word' id='word_1_437' title='bbox 1357 3534 1620 3605; x_wconf 89' lang='lat' dir='ltr'><strong>venitque</strong></span> <span class='ocrx_word' id='word_1_438' title='bbox 1660 3535 1802 3589; x_wconf 88' lang='lat' dir='ltr'><strong>Madi</strong></span> <span class='ocrx_word' id='word_1_439' title='bbox 1829 3533 1970 3589; x_wconf 80' lang='lat' dir='ltr'><strong>Ara-</strong></span> 
     </span>
    </p>
   </div>
   <div class='ocr_carea' id='block_1_67' title="bbox 396 3618 1974 3692">
    <p class='ocr_par' dir='ltr' id='par_1_67' title="bbox 396 3618 1974 3692">
     <span class='ocr_line' id='line_1_67' title="bbox 396 3618 1974 3692; baseline 0.003 -18"><span class='ocrx_word' id='word_1_440' title='bbox 396 3618 529 3674; x_wconf 90' lang='lat' dir='ltr'><strong>bum</strong></span> <span class='ocrx_word' id='word_1_441' title='bbox 562 3619 672 3674; x_wconf 87' lang='lat' dir='ltr'><strong>dux</strong></span> <span class='ocrx_word' id='word_1_442' title='bbox 703 3620 980 3675; x_wconf 88' lang='lat' dir='ltr'><strong>Dabecum</strong></span> <span class='ocrx_word' id='word_1_443' title='bbox 1018 3635 1142 3675; x_wconf 87' lang='lat' dir='ltr'><strong>cum</strong></span> <span class='ocrx_word' id='word_1_444' title='bbox 1193 3630 1483 3691; x_wconf 90' lang='lat' dir='ltr'><strong>potentatu</strong></span> <span class='ocrx_word' id='word_1_445' title='bbox 1515 3623 1690 3678; x_wconf 91' lang='lat' dir='ltr'><strong>multo</strong></span> <span class='ocrx_word' id='word_1_446' title='bbox 1719 3633 1778 3678; x_wconf 90' lang='lat' dir='ltr'><strong>et</strong></span> <span class='ocrx_word' id='word_1_447' title='bbox 1807 3638 1974 3692; x_wconf 86' lang='lat' dir='ltr'><strong>appa-</strong></span> 
     </span>
    </p>
   </div>
   <div class='ocr_carea' id='block_1_68' title="bbox 398 3711 1971 3784">
    <p class='ocr_par' dir='ltr' id='par_1_68' title="bbox 398 3711 1971 3784">
     <span class='ocr_line' id='line_1_68' title="bbox 398 3711 1971 3784; baseline 0.003 -20"><span class='ocrx_word' id='word_1_448' title='bbox 398 3718 543 3776; x_wconf 84' lang='lat' dir='ltr'><strong>ratu,</strong></span> <span class='ocrx_word' id='word_1_449' title='bbox 576 3719 632 3766; x_wconf 92' lang='lat' dir='ltr'><strong>et</strong></span> <span class='ocrx_word' id='word_1_450' title='bbox 665 3711 832 3767; x_wconf 88' lang='lat' dir='ltr'><strong>misso</strong></span> <span class='ocrx_word' id='word_1_451' title='bbox 855 3711 968 3766; x_wconf 86' lang='lat' dir='ltr'><strong>lilio</strong></span> <span class='ocrx_word' id='word_1_452' title='bbox 995 3726 1097 3766; x_wconf 89' lang='lat' dir='ltr'><strong>suo</strong></span> <span class='ocrx_word' id='word_1_453' title='bbox 1122 3712 1176 3766; x_wconf 94' lang='lat' dir='ltr'><strong>in</strong></span> <span class='ocrx_word' id='word_1_454' title='bbox 1207 3713 1529 3768; x_wconf 81' lang='lat' dir='ltr'><strong>Romaniam</strong></span> <span class='ocrx_word' id='word_1_455' title='bbox 1558 3714 1676 3784; x_wconf 88' lang='lat' dir='ltr'><strong>ipse</strong></span> <span class='ocrx_word' id='word_1_456' title='bbox 1719 3713 1866 3768; x_wconf 89' lang='lat' dir='ltr'><strong>redit</strong></span> <span class='ocrx_word' id='word_1_457' title='bbox 1902 3714 1971 3768; x_wconf 91' lang='lat' dir='ltr'><strong>ad</strong></span> 
     </span>
    </p>
   </div>
   <div class='ocr_carea' id='block_1_69' title="bbox 395 3802 1974 3874">
    <p class='ocr_par' dir='ltr' id='par_1_69' title="bbox 395 3802 1974 3874">
     <span class='ocr_line' id='line_1_69' title="bbox 395 3802 1974 3874; baseline 0.001 -16"><span class='ocrx_word' id='word_1_458' title='bbox 395 3811 642 3858; x_wconf 89' lang='lat' dir='ltr'><strong>sanctam</strong></span> <span class='ocrx_word' id='word_1_459' title='bbox 666 3803 967 3867; x_wconf 83' lang='lat' dir='ltr'><strong>civitatem,</strong></span> <span class='ocrx_word' id='word_1_460' title='bbox 997 3811 1056 3859; x_wconf 89' lang='lat' dir='ltr'><strong>et</strong></span> <span class='ocrx_word' id='word_1_461' title='bbox 1096 3802 1269 3858; x_wconf 87' lang='lat' dir='ltr'><strong>mittit</strong></span> <span class='ocrx_word' id='word_1_462' title='bbox 1313 3802 1674 3871; x_wconf 86' lang='lat' dir='ltr'><strong>Muchesiam,</strong></span> <span class='ocrx_word' id='word_1_463' title='bbox 1701 3804 1797 3874; x_wconf 92' lang='lat' dir='ltr'><strong>qui</strong></span> <span class='ocrx_word' id='word_1_464' title='bbox 1819 3803 1974 3859; x_wconf 88' lang='lat' dir='ltr'><strong>dice-</strong></span> 
     </span>
    </p>
   </div>
   <div class='ocr_carea' id='block_1_70' title="bbox 293 3893 1970 3964">
    <p class='ocr_par' dir='ltr' id='par_1_70' title="bbox 293 3893 1970 3964">
     <span class='ocr_line' id='line_1_70' title="bbox 293 3893 1970 3964; baseline 0 -14"><span class='ocrx_word' id='word_1_465' title='bbox 293 3945 298 3950; x_wconf 87' lang='lat'><strong>.</strong></span> <span class='ocrx_word' id='word_1_466' title='bbox 397 3893 563 3948; x_wconf 86' lang='lat' dir='ltr'><strong>batur</strong></span> <span class='ocrx_word' id='word_1_467' title='bbox 606 3893 845 3960; x_wconf 83' lang='lat' dir='ltr'><strong>Zelotes,</strong></span> <span class='ocrx_word' id='word_1_468' title='bbox 897 3901 954 3949; x_wconf 91' lang='lat' dir='ltr'><strong>et</strong></span> <span class='ocrx_word' id='word_1_469' title='bbox 1002 3893 1096 3949; x_wconf 89' lang='lat' dir='ltr'><strong>dat</strong></span> <span class='ocrx_word' id='word_1_470' title='bbox 1121 3893 1174 3949; x_wconf 91' lang='lat' dir='ltr'><strong>ei</strong></span> <span class='ocrx_word' id='word_1_471' title='bbox 1212 3900 1544 3964; x_wconf 70' lang='lat' dir='ltr'><strong>powstatem</strong></span> <span class='ocrx_word' id='word_1_472' title='bbox 1576 3903 1855 3964; x_wconf 89' lang='lat' dir='ltr'><strong>apostatas</strong></span> <span class='ocrx_word' id='word_1_473' title='bbox 1887 3893 1970 3950; x_wconf 81' lang='lat' dir='ltr'><strong>fa-</strong></span> 
     </span>
    </p>
   </div>
   <div class='ocr_carea' id='block_1_71' title="bbox 396 3987 1974 4046">
    <p class='ocr_par' dir='ltr' id='par_1_71' title="bbox 396 3987 1974 4046">
     <span class='ocr_line' id='line_1_71' title="bbox 396 3987 1974 4046; baseline 0.001 -4"><span class='ocrx_word' id='word_1_474' title='bbox 396 3987 581 4042; x_wconf 85' lang='lat' dir='ltr'><strong>ciendi</strong></span> <span class='ocrx_word' id='word_1_475' title='bbox 608 3987 1048 4045; x_wconf 89' lang='lat' dir='ltr'><strong>Christianorum</strong></span> <span class='ocrx_word' id='word_1_476' title='bbox 1088 4004 1282 4045; x_wconf 90' lang='lat' dir='ltr'><strong>servos</strong></span> <span class='ocrx_word' id='word_1_477' title='bbox 1305 3996 1363 4043; x_wconf 91' lang='lat' dir='ltr'><strong>et</strong></span> <span class='ocrx_word' id='word_1_478' title='bbox 1398 3988 1684 4046; x_wconf 88' lang='lat' dir='ltr'><strong>desolandi</strong></span> <span class='ocrx_word' id='word_1_479' title='bbox 1708 3989 1974 4046; x_wconf 87' lang='lat' dir='ltr'><strong>ecclesias</strong></span> 
     </span>
    </p>
   </div>
   <div class='ocr_carea' id='block_1_72' title="bbox 395 4077 1974 4150">
    <p class='ocr_par' dir='ltr' id='par_1_72' title="bbox 395 4077 1974 4150">
     <span class='ocr_line' id='line_1_72' title="bbox 395 4077 1974 4150; baseline 0.002 -18"><span class='ocrx_word' id='word_1_480' title='bbox 395 4084 636 4133; x_wconf 89' lang='lat' dir='ltr'><strong>sanctas.</strong></span> <span class='ocrx_word' id='word_1_481' title='bbox 665 4078 734 4133; x_wconf 90' lang='lat' dir='ltr'><strong>Et</strong></span> <span class='ocrx_word' id='word_1_482' title='bbox 759 4077 911 4132; x_wconf 91' lang='lat' dir='ltr'><strong>venit</strong></span> <span class='ocrx_word' id='word_1_483' title='bbox 941 4093 1115 4149; x_wconf 89' lang='lat' dir='ltr'><strong>usque</strong></span> <span class='ocrx_word' id='word_1_484' title='bbox 1140 4078 1456 4145; x_wconf 84' lang='lat' dir='ltr'><strong>Hemesam,</strong></span> <span class='ocrx_word' id='word_1_485' title='bbox 1479 4088 1536 4135; x_wconf 92' lang='lat' dir='ltr'><strong>et</strong></span> <span class='ocrx_word' id='word_1_486' title='bbox 1555 4079 1896 4150; x_wconf 91' lang='lat' dir='ltr'><strong>repromittit</strong></span> <span class='ocrx_word' id='word_1_487' title='bbox 1913 4094 1974 4135; x_wconf 90' lang='lat' dir='ltr'><strong>se</strong></span> 
     </span>
    </p>
   </div>
   <div class='ocr_carea' id='block_1_73' title="bbox 400 4168 1977 4243">
    <p class='ocr_par' dir='ltr' id='par_1_73' title="bbox 400 4168 1977 4243">
     <span class='ocr_line' id='line_1_73' title="bbox 400 4168 1977 4243; baseline 0.003 -21"><span class='ocrx_word' id='word_1_488' title='bbox 400 4183 515 4222; x_wconf 89' lang='lat' dir='ltr'><strong>non</strong></span> <span class='ocrx_word' id='word_1_489' title='bbox 549 4169 880 4240; x_wconf 88' lang='lat' dir='ltr'><strong>compellere</strong></span> <span class='ocrx_word' id='word_1_490' title='bbox 908 4168 978 4226; x_wconf 90' lang='lat' dir='ltr'><strong>ad</strong></span> <span class='ocrx_word' id='word_1_491' title='bbox 1006 4169 1456 4242; x_wconf 84' lang='lat' dir='ltr'><strong>magarizandum</strong></span> <span class='ocrx_word' id='word_1_492' title='bbox 1500 4171 1609 4227; x_wconf 88' lang='lat' dir='ltr'><strong>nisi</strong></span> <span class='ocrx_word' id='word_1_493' title='bbox 1652 4186 1750 4228; x_wconf 88' lang='lat' dir='ltr'><strong>eos</strong></span> <span class='ocrx_word' id='word_1_494' title='bbox 1781 4171 1878 4243; x_wconf 89' lang='lat' dir='ltr'><strong>qui</strong></span> <span class='ocrx_word' id='word_1_495' title='bbox 1907 4186 1977 4227; x_wconf 89' lang='lat' dir='ltr'><strong>ex</strong></span> 
     </span>
    </p>
   </div>
   <div class='ocr_carea' id='block_1_74' title="bbox 401 4259 1978 4334">
    <p class='ocr_par' dir='ltr' id='par_1_74' title="bbox 401 4259 1978 4334">
     <span class='ocr_line' id='line_1_74' title="bbox 401 4259 1978 4334; baseline 0.003 -18"><span class='ocrx_word' id='word_1_496' title='bbox 401 4259 720 4316; x_wconf 91' lang='lat' dir='ltr'><strong>inﬁdelibus</strong></span> <span class='ocrx_word' id='word_1_497' title='bbox 767 4260 976 4318; x_wconf 91' lang='lat' dir='ltr'><strong>dudum</strong></span> <span class='ocrx_word' id='word_1_498' title='bbox 1014 4261 1268 4327; x_wconf 87' lang='lat' dir='ltr'><strong>fuissent,</strong></span> <span class='ocrx_word' id='word_1_499' title='bbox 1312 4262 1491 4318; x_wconf 90' lang='lat' dir='ltr'><strong>donec</strong></span> <span class='ocrx_word' id='word_1_500' title='bbox 1545 4264 1802 4334; x_wconf 87' lang='lat' dir='ltr'><strong>patefacti</strong></span> <span class='ocrx_word' id='word_1_501' title='bbox 1848 4276 1978 4321; x_wconf 87' lang='lat' dir='ltr'><strong>sunt</strong></span> 
     </span>
    </p>
   </div>
   <div class='ocr_carea' id='block_1_75' title="bbox 398 4354 1976 4428">
    <p class='ocr_par' dir='ltr' id='par_1_75' title="bbox 398 4354 1976 4428">
     <span class='ocr_line' id='line_1_75' title="bbox 398 4354 1976 4428; baseline 0.001 -16"><span class='ocrx_word' id='word_1_502' title='bbox 398 4355 621 4412; x_wconf 82' lang='lat' dir='ltr'><strong>Hebrai</strong></span> <span class='ocrx_word' id='word_1_503' title='bbox 677 4365 735 4412; x_wconf 91' lang='lat' dir='ltr'><strong>et</strong></span> <span class='ocrx_word' id='word_1_504' title='bbox 781 4354 1102 4412; x_wconf 89' lang='lat' dir='ltr'><strong>Christiani.</strong></span> <span class='ocrx_word' id='word_1_505' title='bbox 1131 4357 1199 4412; x_wconf 87' lang='lat' dir='ltr'><strong>Et</strong></span> <span class='ocrx_word' id='word_1_506' title='bbox 1231 4356 1414 4412; x_wconf 90' lang='lat' dir='ltr'><strong>statim</strong></span> <span class='ocrx_word' id='word_1_507' title='bbox 1440 4357 1610 4428; x_wconf 73' lang='lat' dir='ltr'><strong>capit</strong></span> <span class='ocrx_word' id='word_1_508' title='bbox 1656 4357 1824 4428; x_wconf 92' lang='lat' dir='ltr'><strong>impie</strong></span> <span class='ocrx_word' id='word_1_509' title='bbox 1844 4374 1976 4414; x_wconf 87' lang='lat' dir='ltr'><strong>cru-</strong></span> 
     </span>
    </p>
   </div>
   <div class='ocr_carea' id='block_1_76' title="bbox 2070 3163 3656 3241">
    <p class='ocr_par' dir='ltr' id='par_1_76' title="bbox 2070 3163 3656 3241">
     <span class='ocr_line' id='line_1_76' title="bbox 2070 3163 3656 3241; baseline -0.003 -17"><span class='ocrx_word' id='word_1_510' title='bbox 2070 3169 2370 3241; x_wconf 89' lang='lat' dir='ltr'><strong>ptembrias</strong></span> <span class='ocrx_word' id='word_1_511' title='bbox 2409 3167 2734 3223; x_wconf 89' lang='lat' dir='ltr'><strong>indictionis</strong></span> <span class='ocrx_word' id='word_1_512' title='bbox 2783 3176 3016 3238; x_wconf 86' lang='lat' dir='ltr'><strong>quarta,</strong></span> <span class='ocrx_word' id='word_1_513' title='bbox 3057 3173 3330 3236; x_wconf 88' lang='lat' dir='ltr'><strong>quatenus</strong></span> <span class='ocrx_word' id='word_1_514' title='bbox 3384 3163 3656 3220; x_wconf 88' lang='lat' dir='ltr'><strong>mirabilis</strong></span> 
     </span>
    </p>
   </div>
   <div class='ocr_carea' id='block_1_77' title="bbox 2070 3256 3658 3334">
    <p class='ocr_par' dir='ltr' id='par_1_77' title="bbox 2070 3256 3658 3334">
     <span class='ocr_line' id='line_1_77' title="bbox 2070 3256 3658 3334; baseline -0.004 -17"><span class='ocrx_word' id='word_1_515' title='bbox 2070 3261 2463 3334; x_wconf 86' lang='lat' dir='ltr'><strong>pradicaretur</strong></span> <span class='ocrx_word' id='word_1_516' title='bbox 2487 3261 2632 3317; x_wconf 86' lang='lat' dir='ltr'><strong>Deus</strong></span> <span class='ocrx_word' id='word_1_517' title='bbox 2660 3260 2826 3316; x_wconf 89' lang='lat' dir='ltr'><strong>etiam</strong></span> <span class='ocrx_word' id='word_1_518' title='bbox 2852 3259 2909 3314; x_wconf 91' lang='lat' dir='ltr'><strong>in</strong></span> <span class='ocrx_word' id='word_1_519' title='bbox 2943 3259 3075 3324; x_wconf 89' lang='lat' dir='ltr'><strong>hoc,</strong></span> <span class='ocrx_word' id='word_1_520' title='bbox 3107 3273 3208 3328; x_wconf 92' lang='lat' dir='ltr'><strong>per</strong></span> <span class='ocrx_word' id='word_1_521' title='bbox 3241 3256 3468 3312; x_wconf 88' lang='lat' dir='ltr'><strong>viduam</strong></span> <span class='ocrx_word' id='word_1_522' title='bbox 3497 3256 3658 3311; x_wconf 83' lang='lat' dir='ltr'><strong>femi-</strong></span> 
     </span>
    </p>
   </div>
   <div class='ocr_carea' id='block_1_78' title="bbox 2070 3349 3657 3424">
    <p class='ocr_par' dir='ltr' id='par_1_78' title="bbox 2070 3349 3657 3424">
     <span class='ocr_line' id='line_1_78' title="bbox 2070 3349 3657 3424; baseline -0.003 -16"><span class='ocrx_word' id='word_1_523' title='bbox 2070 3369 2197 3409; x_wconf 91' lang='lat' dir='ltr'><strong>nam</strong></span> <span class='ocrx_word' id='word_1_524' title='bbox 2225 3363 2282 3409; x_wconf 91' lang='lat' dir='ltr'><strong>et</strong></span> <span class='ocrx_word' id='word_1_525' title='bbox 2309 3369 2542 3424; x_wconf 92' lang='lat' dir='ltr'><strong>puerum</strong></span> <span class='ocrx_word' id='word_1_526' title='bbox 2591 3353 2902 3423; x_wconf 89' lang='lat' dir='ltr'><strong>orphanum</strong></span> <span class='ocrx_word' id='word_1_527' title='bbox 2952 3350 3308 3421; x_wconf 90' lang='lat' dir='ltr'><strong>depositurus</strong></span> <span class='ocrx_word' id='word_1_528' title='bbox 3334 3349 3657 3404; x_wconf 89' lang='lat' dir='ltr'><strong>immensam</strong></span> 
     </span>
    </p>
   </div>
   <div class='ocr_carea' id='block_1_79' title="bbox 2070 3439 3660 3513">
    <p class='ocr_par' dir='ltr' id='par_1_79' title="bbox 2070 3439 3660 3513">
     <span class='ocr_line' id='line_1_79' title="bbox 2070 3439 3660 3513; baseline -0.005 -13"><span class='ocrx_word' id='word_1_529' title='bbox 2070 3454 2264 3500; x_wconf 89' lang='lat' dir='ltr'><strong>contra</strong></span> <span class='ocrx_word' id='word_1_530' title='bbox 2295 3459 2354 3500; x_wconf 92' lang='lat' dir='ltr'><strong>se</strong></span> <span class='ocrx_word' id='word_1_531' title='bbox 2382 3444 2725 3513; x_wconf 89' lang='lat' dir='ltr'><strong>famulosque</strong></span> <span class='ocrx_word' id='word_1_532' title='bbox 2759 3456 2892 3498; x_wconf 86' lang='lat' dir='ltr'><strong>suos</strong></span> <span class='ocrx_word' id='word_1_533' title='bbox 2919 3442 3258 3513; x_wconf 89' lang='lat' dir='ltr'><strong>impietatem</strong></span> <span class='ocrx_word' id='word_1_534' title='bbox 3311 3447 3368 3495; x_wconf 89' lang='lat' dir='ltr'><strong>et</strong></span> <span class='ocrx_word' id='word_1_535' title='bbox 3393 3439 3660 3495; x_wconf 87' lang='lat' dir='ltr'><strong>adversus</strong></span> 
     </span>
    </p>
   </div>
   <div class='ocr_carea' id='block_1_80' title="bbox 2071 3530 3660 3603">
    <p class='ocr_par' dir='ltr' id='par_1_80' title="bbox 2071 3530 3660 3603">
     <span class='ocr_line' id='line_1_80' title="bbox 2071 3530 3660 3603; baseline -0.004 -13"><span class='ocrx_word' id='word_1_536' title='bbox 2071 3543 2298 3590; x_wconf 89' lang='lat' dir='ltr'><strong>cunctas</strong></span> <span class='ocrx_word' id='word_1_537' title='bbox 2318 3534 2596 3590; x_wconf 85' lang='lat' dir='ltr'><strong>Ecclesias</strong></span> <span class='ocrx_word' id='word_1_538' title='bbox 2621 3542 2827 3588; x_wconf 88' lang='lat' dir='ltr'><strong>motam</strong></span> <span class='ocrx_word' id='word_1_539' title='bbox 2852 3531 3256 3603; x_wconf 84' lang='lat' dir='ltr'><strong>impugnatoris</strong></span> <span class='ocrx_word' id='word_1_540' title='bbox 3271 3530 3368 3585; x_wconf 90' lang='lat' dir='ltr'><strong>Dei</strong></span> <span class='ocrx_word' id='word_1_541' title='bbox 3391 3530 3660 3585; x_wconf 88' lang='lat' dir='ltr'><strong>Constan-</strong></span> 
     </span>
    </p>
   </div>
   <div class='ocr_carea' id='block_1_81' title="bbox 2072 3619 3660 3694">
    <p class='ocr_par' dir='ltr' id='par_1_81' title="bbox 2072 3619 3660 3694">
     <span class='ocr_line' id='line_1_81' title="bbox 2072 3619 3660 3694; baseline -0.005 -15"><span class='ocrx_word' id='word_1_542' title='bbox 2072 3624 2174 3679; x_wconf 90' lang='lat' dir='ltr'><strong>tini</strong></span> <span class='ocrx_word' id='word_1_543' title='bbox 2199 3623 2569 3694; x_wconf 86' lang='lat' dir='ltr'><strong>tyrannidem,</strong></span> <span class='ocrx_word' id='word_1_544' title='bbox 2597 3631 2660 3676; x_wconf 90' lang='lat' dir='ltr'><strong>ut</strong></span> <span class='ocrx_word' id='word_1_545' title='bbox 2690 3622 2820 3677; x_wconf 92' lang='lat' dir='ltr'><strong>olim</strong></span> <span class='ocrx_word' id='word_1_546' title='bbox 2854 3620 3061 3674; x_wconf 88' lang='lat' dir='ltr'><strong>diaboli</strong></span> <span class='ocrx_word' id='word_1_547' title='bbox 3097 3635 3196 3689; x_wconf 90' lang='lat' dir='ltr'><strong>per</strong></span> <span class='ocrx_word' id='word_1_548' title='bbox 3237 3619 3574 3690; x_wconf 88' lang='lat' dir='ltr'><strong>piscatorum</strong></span> <span class='ocrx_word' id='word_1_549' title='bbox 3603 3624 3660 3672; x_wconf 93' lang='lat' dir='ltr'><strong>et</strong></span> 
     </span>
    </p>
   </div>
   <div class='ocr_carea' id='block_1_82' title="bbox 2071 3707 3661 3780">
    <p class='ocr_par' dir='ltr' id='par_1_82' title="bbox 2071 3707 3661 3780">
     <span class='ocr_line' id='line_1_82' title="bbox 2071 3707 3661 3780; baseline -0.006 -9"><span class='ocrx_word' id='word_1_550' title='bbox 2071 3716 2482 3771; x_wconf 89' lang='lat' dir='ltr'><strong>illitteratorum</strong></span> <span class='ocrx_word' id='word_1_551' title='bbox 2513 3711 2916 3768; x_wconf 89' lang='lat' dir='ltr'><strong>inﬁrmitatem.</strong></span> <span class='ocrx_word' id='word_1_552' title='bbox 2946 3711 3077 3766; x_wconf 85' lang='lat' dir='ltr'><strong>Post</strong></span> <span class='ocrx_word' id='word_1_553' title='bbox 3125 3719 3363 3780; x_wconf 89' lang='lat' dir='ltr'><strong>quatuor</strong></span> <span class='ocrx_word' id='word_1_554' title='bbox 3383 3724 3514 3763; x_wconf 91' lang='lat' dir='ltr'><strong>vero</strong></span> <span class='ocrx_word' id='word_1_555' title='bbox 3539 3707 3661 3763; x_wconf 78' lang='lat' dir='ltr'><strong>dies</strong></span> 
     </span>
    </p>
   </div>
   <div class='ocr_carea' id='block_1_83' title="bbox 2072 3801 3657 3878">
    <p class='ocr_par' dir='ltr' id='par_1_83' title="bbox 2072 3801 3657 3878">
     <span class='ocr_line' id='line_1_83' title="bbox 2072 3801 3657 3878; baseline -0.007 -16"><span class='ocrx_word' id='word_1_556' title='bbox 2072 3806 2291 3878; x_wconf 89' lang='lat' dir='ltr'><strong>imperii</strong></span> <span class='ocrx_word' id='word_1_557' title='bbox 2339 3805 2448 3871; x_wconf 91' lang='lat' dir='ltr'><strong>sui,</strong></span> <span class='ocrx_word' id='word_1_558' title='bbox 2474 3819 2600 3860; x_wconf 93' lang='lat' dir='ltr'><strong>cum</strong></span> <span class='ocrx_word' id='word_1_559' title='bbox 2626 3802 2774 3858; x_wconf 88' lang='lat' dir='ltr'><strong>ﬁlius</strong></span> <span class='ocrx_word' id='word_1_560' title='bbox 2803 3816 2936 3858; x_wconf 90' lang='lat' dir='ltr'><strong>suus</strong></span> <span class='ocrx_word' id='word_1_561' title='bbox 2967 3801 3160 3856; x_wconf 92' lang='lat' dir='ltr'><strong>decem</strong></span> <span class='ocrx_word' id='word_1_562' title='bbox 3185 3807 3334 3855; x_wconf 89' lang='lat' dir='ltr'><strong>esset</strong></span> <span class='ocrx_word' id='word_1_563' title='bbox 3361 3813 3657 3864; x_wconf 88' lang='lat' dir='ltr'><strong>annorum,</strong></span> 
     </span>
    </p>
   </div>
   <div class='ocr_carea' id='block_1_84' title="bbox 2072 3889 3662 3965">
    <p class='ocr_par' dir='ltr' id='par_1_84' title="bbox 2072 3889 3662 3965">
     <span class='ocr_line' id='line_1_84' title="bbox 2072 3889 3662 3965; baseline -0.007 -11"><span class='ocrx_word' id='word_1_564' title='bbox 2072 3898 2360 3955; x_wconf 91' lang='lat' dir='ltr'><strong>consilium</strong></span> <span class='ocrx_word' id='word_1_565' title='bbox 2409 3897 2674 3952; x_wconf 89' lang='lat' dir='ltr'><strong>facientes</strong></span> <span class='ocrx_word' id='word_1_566' title='bbox 2719 3893 2948 3965; x_wconf 90' lang='lat' dir='ltr'><strong>quidam</strong></span> <span class='ocrx_word' id='word_1_567' title='bbox 2998 3901 3314 3948; x_wconf 89' lang='lat' dir='ltr'><strong>senatorum</strong></span> <span class='ocrx_word' id='word_1_568' title='bbox 3362 3889 3662 3946; x_wconf 88' lang='lat' dir='ltr'><strong>voluerunt</strong></span> 
     </span>
    </p>
   </div>
   <div class='ocr_carea' id='block_1_85' title="bbox 2072 3984 3661 4060">
    <p class='ocr_par' dir='ltr' id='par_1_85' title="bbox 2072 3984 3661 4060">
     <span class='ocr_line' id='line_1_85' title="bbox 2072 3984 3661 4060; baseline -0.008 -11"><span class='ocrx_word' id='word_1_569' title='bbox 2072 3993 2310 4049; x_wconf 92' lang='lat' dir='ltr'><strong>educere</strong></span> <span class='ocrx_word' id='word_1_570' title='bbox 2325 3990 2698 4060; x_wconf 84' lang='lat' dir='ltr'><strong>Nicephorum</strong></span> <span class='ocrx_word' id='word_1_571' title='bbox 2722 4003 2790 4043; x_wconf 83' lang='lat' dir='ltr'><strong>ex</strong></span> <span class='ocrx_word' id='word_1_572' title='bbox 2816 3986 3031 4043; x_wconf 87' lang='lat' dir='ltr'><strong>Casare</strong></span> <span class='ocrx_word' id='word_1_573' title='bbox 3052 3994 3108 4040; x_wconf 92' lang='lat' dir='ltr'><strong>et</strong></span> <span class='ocrx_word' id='word_1_574' title='bbox 3133 3984 3524 4054; x_wconf 89' lang='lat' dir='ltr'><strong>imperatorem</strong></span> <span class='ocrx_word' id='word_1_575' title='bbox 3546 3991 3661 4037; x_wconf 87' lang='lat' dir='ltr'><strong>sta-</strong></span> 
     </span>
    </p>
   </div>
   <div class='ocr_carea' id='block_1_86' title="bbox 2074 4074 3660 4143">
    <p class='ocr_par' dir='ltr' id='par_1_86' title="bbox 2074 4074 3660 4143">
     <span class='ocr_line' id='line_1_86' title="bbox 2074 4074 3660 4143; baseline -0.007 -2"><span class='ocrx_word' id='word_1_576' title='bbox 2074 4093 2252 4143; x_wconf 89' lang='lat' dir='ltr'><strong>tuere.</strong></span> <span class='ocrx_word' id='word_1_577' title='bbox 2267 4081 2405 4138; x_wconf 90' lang='lat' dir='ltr'><strong>Cum</strong></span> <span class='ocrx_word' id='word_1_578' title='bbox 2425 4090 2609 4137; x_wconf 89' lang='lat' dir='ltr'><strong>autem</strong></span> <span class='ocrx_word' id='word_1_579' title='bbox 2630 4080 2698 4134; x_wconf 91' lang='lat' dir='ltr'><strong>ad</strong></span> <span class='ocrx_word' id='word_1_580' title='bbox 2719 4079 2971 4135; x_wconf 89' lang='lat' dir='ltr'><strong>notitiam</strong></span> <span class='ocrx_word' id='word_1_581' title='bbox 2994 4093 3158 4134; x_wconf 90' lang='lat' dir='ltr'><strong>causa</strong></span> <span class='ocrx_word' id='word_1_582' title='bbox 3172 4075 3506 4140; x_wconf 89' lang='lat' dir='ltr'><strong>devenisset,</strong></span> <span class='ocrx_word' id='word_1_583' title='bbox 3525 4074 3660 4130; x_wconf 89' lang='lat' dir='ltr'><strong>tenti</strong></span> 
     </span>
    </p>
   </div>
   <div class='ocr_carea' id='block_1_87' title="bbox 2073 4165 3672 4245">
    <p class='ocr_par' dir='ltr' id='par_1_87' title="bbox 2073 4165 3672 4245">
     <span class='ocr_line' id='line_1_87' title="bbox 2073 4165 3672 4245; baseline -0.006 -12"><span class='ocrx_word' id='word_1_584' title='bbox 2073 4183 2206 4233; x_wconf 88' lang='lat' dir='ltr'><strong>sunt</strong></span> <span class='ocrx_word' id='word_1_585' title='bbox 2227 4173 2528 4245; x_wconf 76' lang='lat' dir='ltr'><strong>Gregorius</strong></span> <span class='ocrx_word' id='word_1_586' title='bbox 2557 4172 2836 4244; x_wconf 84' lang='lat' dir='ltr'><strong>logotheta</strong></span> <span class='ocrx_word' id='word_1_587' title='bbox 2870 4170 3072 4234; x_wconf 92' lang='lat' dir='ltr'><strong>dromi,</strong></span> <span class='ocrx_word' id='word_1_588' title='bbox 3123 4177 3181 4224; x_wconf 90' lang='lat' dir='ltr'><strong>et</strong></span> <span class='ocrx_word' id='word_1_589' title='bbox 3212 4167 3418 4222; x_wconf 87' lang='lat' dir='ltr'><strong>Bardas</strong></span> <span class='ocrx_word' id='word_1_590' title='bbox 3450 4165 3672 4224; x_wconf 77' lang='lat' dir='ltr'><strong>dudum</strong></span> 
     </span>
    </p>
   </div>
   <div class='ocr_carea' id='block_1_88' title="bbox 2073 4257 3674 4340">
    <p class='ocr_par' dir='ltr' id='par_1_88' title="bbox 2073 4257 3674 4340">
     <span class='ocr_line' id='line_1_88' title="bbox 2073 4257 3674 4340; baseline -0.009 -16"><span class='ocrx_word' id='word_1_591' title='bbox 2073 4275 2278 4340; x_wconf 83' lang='lat' dir='ltr'><strong>prator</strong></span> <span class='ocrx_word' id='word_1_592' title='bbox 2292 4265 2772 4330; x_wconf 87' lang='lat' dir='ltr'><strong>Armeniacorum,</strong></span> <span class='ocrx_word' id='word_1_593' title='bbox 2795 4262 3300 4336; x_wconf 88' lang='lat' dir='ltr'><strong>Constantinusque</strong></span> <span class='ocrx_word' id='word_1_594' title='bbox 3321 4257 3521 4314; x_wconf 83' lang='lat' dir='ltr'><strong>vicarii</strong></span> <span class='ocrx_word' id='word_1_595' title='bbox 3534 4271 3674 4329; x_wconf 31' lang='lat' dir='ltr'><strong>span.</strong></span> 
     </span>
    </p>
   </div>
   <div class='ocr_carea' id='block_1_89' title="bbox 2091 4348 3655 4421">
    <p class='ocr_par' dir='ltr' id='par_1_89' title="bbox 2091 4348 3655 4421">
     <span class='ocr_line' id='line_1_89' title="bbox 2091 4348 3655 4421; baseline -0.007 -6"><span class='ocrx_word' id='word_1_596' title='bbox 2091 4360 2306 4415; x_wconf 87' lang='lat' dir='ltr'><strong>tharius</strong></span> <span class='ocrx_word' id='word_1_597' title='bbox 2331 4365 2387 4413; x_wconf 91' lang='lat' dir='ltr'><strong>et</strong></span> <span class='ocrx_word' id='word_1_598' title='bbox 2411 4357 2745 4413; x_wconf 89' lang='lat' dir='ltr'><strong>domesticus</strong></span> <span class='ocrx_word' id='word_1_599' title='bbox 2775 4355 3180 4420; x_wconf 79' lang='lat' dir='ltr'><strong>excubitorum,</strong></span> <span class='ocrx_word' id='word_1_600' title='bbox 3217 4368 3282 4408; x_wconf 89' lang='lat' dir='ltr'><strong>ac</strong></span> <span class='ocrx_word' id='word_1_601' title='bbox 3308 4348 3655 4421; x_wconf 78' lang='lat' dir='ltr'><strong>Theophyla-</strong></span> 
     </span>
    </p>
   </div>
   <div class='ocr_carea' id='block_1_90' title="bbox 397 4443 3675 4522">
    <p class='ocr_par' dir='ltr' id='par_1_90' title="bbox 397 4443 3675 4522">
     <span class='ocr_line' id='line_1_90' title="bbox 397 4443 3675 4522; baseline -0.001 -19"><span class='ocrx_word' id='word_1_602' title='bbox 397 4449 572 4514; x_wconf 89' lang='lat' dir='ltr'><strong>ciare,</strong></span> <span class='ocrx_word' id='word_1_603' title='bbox 597 4448 744 4504; x_wconf 89' lang='lat' dir='ltr'><strong>sicut</strong></span> <span class='ocrx_word' id='word_1_604' title='bbox 777 4463 881 4504; x_wconf 91' lang='lat' dir='ltr'><strong>nec</strong></span> <span class='ocrx_word' id='word_1_605' title='bbox 927 4448 1120 4520; x_wconf 86' lang='lat' dir='ltr'><strong>Lysias</strong></span> <span class='ocrx_word' id='word_1_606' title='bbox 1146 4449 1280 4506; x_wconf 92' lang='lat' dir='ltr'><strong>olim</strong></span> <span class='ocrx_word' id='word_1_607' title='bbox 1307 4449 1395 4505; x_wconf 86' lang='lat' dir='ltr'><strong>vel</strong></span> <span class='ocrx_word' id='word_1_608' title='bbox 1448 4450 1794 4522; x_wconf 86' lang='lat' dir='ltr'><strong>Agricolaus,</strong></span> <span class='ocrx_word' id='word_1_609' title='bbox 1829 4452 1975 4508; x_wconf 91' lang='lat' dir='ltr'><strong>mul-</strong></span> <span class='ocrx_word' id='word_1_610' title='bbox 2008 4447 2053 4504; x_wconf 87' lang='lat' dir='ltr'><strong>D</strong></span> <span class='ocrx_word' id='word_1_611' title='bbox 2080 4462 2204 4508; x_wconf 88' lang='lat' dir='ltr'><strong>ctus</strong></span> <span class='ocrx_word' id='word_1_612' title='bbox 2250 4450 2507 4522; x_wconf 81' lang='lat' dir='ltr'><strong>Rangabe</strong></span> <span class='ocrx_word' id='word_1_613' title='bbox 2555 4449 2890 4522; x_wconf 88' lang='lat' dir='ltr'><strong>drungarius</strong></span> <span class='ocrx_word' id='word_1_614' title='bbox 2947 4446 3288 4504; x_wconf 85' lang='lat' dir='ltr'><strong>duodecimae</strong></span> <span class='ocrx_word' id='word_1_615' title='bbox 3336 4443 3552 4510; x_wconf 85' lang='lat' dir='ltr'><strong>insula,</strong></span> <span class='ocrx_word' id='word_1_616' title='bbox 3601 4451 3675 4501; x_wconf 75' lang='lat' dir='ltr'><strong>et.</strong></span> 
     </span>
    </p>
   </div>
   <div class='ocr_carea' id='block_1_91' title="bbox 401 4540 1976 4612">
    <p class='ocr_par' dir='ltr' id='par_1_91' title="bbox 401 4540 1976 4612">
     <span class='ocr_line' id='line_1_91' title="bbox 401 4540 1976 4612; baseline 0.003 -16"><span class='ocrx_word' id='word_1_617' title='bbox 401 4549 602 4610; x_wconf 85' lang='lat' dir='ltr'><strong>tosque</strong></span> <span class='ocrx_word' id='word_1_618' title='bbox 651 4540 914 4611; x_wconf 89' lang='lat' dir='ltr'><strong>perdidit.</strong></span> <span class='ocrx_word' id='word_1_619' title='bbox 962 4541 1103 4596; x_wconf 84' lang='lat' dir='ltr'><strong>Sane</strong></span> <span class='ocrx_word' id='word_1_620' title='bbox 1155 4541 1376 4597; x_wconf 89' lang='lat' dir='ltr'><strong>femina</strong></span> <span class='ocrx_word' id='word_1_621' title='bbox 1415 4542 1592 4612; x_wconf 80' lang='lat' dir='ltr'><strong>gratia</strong></span> <span class='ocrx_word' id='word_1_622' title='bbox 1624 4543 1833 4600; x_wconf 88' lang='lat' dir='ltr'><strong>Christi</strong></span> <span class='ocrx_word' id='word_1_623' title='bbox 1879 4544 1976 4600; x_wconf 90' lang='lat' dir='ltr'><strong>Dei</strong></span> 
     </span>
    </p>
   </div>
   <div class='ocr_carea' id='block_1_92' title="bbox 399 4632 1966 4705">
    <p class='ocr_par' dir='ltr' id='par_1_92' title="bbox 399 4632 1966 4705">
     <span class='ocr_line' id='line_1_92' title="bbox 399 4632 1966 4705; baseline 0.002 -18"><span class='ocrx_word' id='word_1_624' title='bbox 399 4632 586 4688; x_wconf 89' lang='lat' dir='ltr'><strong>nostri</strong></span> <span class='ocrx_word' id='word_1_625' title='bbox 614 4633 866 4689; x_wconf 89' lang='lat' dir='ltr'><strong>vicerunt</strong></span> <span class='ocrx_word' id='word_1_626' title='bbox 889 4635 1010 4705; x_wconf 89' lang='lat' dir='ltr'><strong>eius</strong></span> <span class='ocrx_word' id='word_1_627' title='bbox 1029 4633 1326 4702; x_wconf 88' lang='lat' dir='ltr'><strong>insaniam;</strong></span> <span class='ocrx_word' id='word_1_628' title='bbox 1357 4643 1416 4690; x_wconf 91' lang='lat' dir='ltr'><strong>et</strong></span> <span class='ocrx_word' id='word_1_629' title='bbox 1443 4635 1528 4690; x_wconf 88' lang='lat' dir='ltr'><strong>ha</strong></span> <span class='ocrx_word' id='word_1_630' title='bbox 1556 4635 1966 4704; x_wconf 59' lang='lat' dir='ltr'><strong>cumﬁNubiten-</strong></span> 
     </span>
    </p>
   </div>
   <div class='ocr_carea' id='block_1_93' title="bbox 400 4724 1978 4792">
    <p class='ocr_par' dir='ltr' id='par_1_93' title="bbox 400 4724 1978 4792">
     <span class='ocr_line' id='line_1_93' title="bbox 400 4724 1978 4792; baseline 0 -12"><span class='ocrx_word' id='word_1_631' title='bbox 400 4740 498 4781; x_wconf 87' lang='lat' dir='ltr'><strong>ses</strong></span> <span class='ocrx_word' id='word_1_632' title='bbox 551 4734 739 4781; x_wconf 87' lang='lat' dir='ltr'><strong>essent</strong></span> <span class='ocrx_word' id='word_1_633' title='bbox 788 4725 1161 4782; x_wconf 85' lang='lat' dir='ltr'><strong>archidiaconi</strong></span> <span class='ocrx_word' id='word_1_634' title='bbox 1218 4724 1464 4781; x_wconf 80' lang='lat' dir='ltr'><strong>ﬂemesa</strong></span> <span class='ocrx_word' id='word_1_635' title='bbox 1512 4739 1578 4780; x_wconf 84' lang='lat' dir='ltr'><strong>ac</strong></span> <span class='ocrx_word' id='word_1_636' title='bbox 1630 4724 1727 4780; x_wconf 91' lang='lat' dir='ltr'><strong>ﬁlii</strong></span> <span class='ocrx_word' id='word_1_637' title='bbox 1782 4725 1978 4792; x_wconf 81' lang='lat' dir='ltr'><strong>Esaia,</strong></span> 
     </span>
    </p>
   </div>
   <div class='ocr_carea' id='block_1_94' title="bbox 399 4815 1978 4886">
    <p class='ocr_par' dir='ltr' id='par_1_94' title="bbox 399 4815 1978 4886">
     <span class='ocr_line' id='line_1_94' title="bbox 399 4815 1978 4886; baseline -0.002 -14"><span class='ocrx_word' id='word_1_638' title='bbox 399 4817 644 4872; x_wconf 87' lang='lat' dir='ltr'><strong>multum</strong></span> <span class='ocrx_word' id='word_1_639' title='bbox 697 4816 976 4880; x_wconf 83' lang='lat' dir='ltr'><strong>cruciata,</strong></span> <span class='ocrx_word' id='word_1_640' title='bbox 1027 4830 1155 4871; x_wconf 89' lang='lat' dir='ltr'><strong>cum</strong></span> <span class='ocrx_word' id='word_1_641' title='bbox 1188 4830 1301 4870; x_wconf 91' lang='lat' dir='ltr'><strong>non</strong></span> <span class='ocrx_word' id='word_1_642' title='bbox 1341 4815 1638 4872; x_wconf 85' lang='lat' dir='ltr'><strong>cessissent</strong></span> <span class='ocrx_word' id='word_1_643' title='bbox 1687 4815 1978 4886; x_wconf 90' lang='lat' dir='ltr'><strong>impietati,</strong></span> 
     </span>
    </p>
   </div>
   <div class='ocr_carea' id='block_1_95' title="bbox 401 4908 1982 4982">
    <p class='ocr_par' dir='ltr' id='par_1_95' title="bbox 401 4908 1982 4982">
     <span class='ocr_line' id='line_1_95' title="bbox 401 4908 1982 4982; baseline -0.001 -16"><span class='ocrx_word' id='word_1_644' title='bbox 401 4911 630 4967; x_wconf 90' lang='lat' dir='ltr'><strong>millena</strong></span> <span class='ocrx_word' id='word_1_645' title='bbox 665 4910 868 4982; x_wconf 90' lang='lat' dir='ltr'><strong>quippe</strong></span> <span class='ocrx_word' id='word_1_646' title='bbox 927 4908 1094 4980; x_wconf 82' lang='lat' dir='ltr'><strong>ﬂagra</strong></span> <span class='ocrx_word' id='word_1_647' title='bbox 1145 4909 1478 4980; x_wconf 87' lang='lat' dir='ltr'><strong>recipientes</strong></span> <span class='ocrx_word' id='word_1_648' title='bbox 1530 4917 1588 4965; x_wconf 92' lang='lat' dir='ltr'><strong>et</strong></span> <span class='ocrx_word' id='word_1_649' title='bbox 1632 4909 1758 4965; x_wconf 89' lang='lat' dir='ltr'><strong>aliis</strong></span> <span class='ocrx_word' id='word_1_650' title='bbox 1795 4909 1982 4966; x_wconf 88' lang='lat' dir='ltr'><strong>multis</strong></span> 
     </span>
    </p>
   </div>
   <div class='ocr_carea' id='block_1_96' title="bbox 401 5000 1983 5068">
    <p class='ocr_par' dir='ltr' id='par_1_96' title="bbox 401 5000 1983 5068">
     <span class='ocr_line' id='line_1_96' title="bbox 401 5000 1983 5068; baseline -0.002 -9"><span class='ocrx_word' id='word_1_651' title='bbox 401 5003 746 5059; x_wconf 89' lang='lat' dir='ltr'><strong>cruciatibus</strong></span> <span class='ocrx_word' id='word_1_652' title='bbox 773 5010 1074 5068; x_wconf 86' lang='lat' dir='ltr'><strong>attentata,</strong></span> <span class='ocrx_word' id='word_1_653' title='bbox 1106 5016 1367 5058; x_wconf 92' lang='lat' dir='ltr'><strong>coronam</strong></span> <span class='ocrx_word' id='word_1_654' title='bbox 1422 5001 1672 5057; x_wconf 86' lang='lat' dir='ltr'><strong>victoria</strong></span> <span class='ocrx_word' id='word_1_655' title='bbox 1701 5017 1731 5056; x_wconf 89' lang='lat' dir='ltr'><strong>a</strong></span> <span class='ocrx_word' id='word_1_656' title='bbox 1758 5000 1983 5057; x_wconf 86' lang='lat' dir='ltr'><strong>Christo</strong></span> 
     </span>
    </p>
   </div>
   <div class='ocr_carea' id='block_1_97' title="bbox 403 5094 1981 5168">
    <p class='ocr_par' dir='ltr' id='par_1_97' title="bbox 403 5094 1981 5168">
     <span class='ocr_line' id='line_1_97' title="bbox 403 5094 1981 5168; baseline -0.001 -18"><span class='ocrx_word' id='word_1_657' title='bbox 403 5105 797 5168; x_wconf 90' lang='lat' dir='ltr'><strong>perceperunt.</strong></span> <span class='ocrx_word' id='word_1_658' title='bbox 832 5094 1092 5151; x_wconf 89' lang='lat' dir='ltr'><strong>Pervenit</strong></span> <span class='ocrx_word' id='word_1_659' title='bbox 1119 5105 1304 5150; x_wconf 90' lang='lat' dir='ltr'><strong>autem</strong></span> <span class='ocrx_word' id='word_1_660' title='bbox 1334 5102 1392 5150; x_wconf 92' lang='lat' dir='ltr'><strong>et</strong></span> <span class='ocrx_word' id='word_1_661' title='bbox 1426 5110 1600 5165; x_wconf 83' lang='lat' dir='ltr'><strong>usque</strong></span> <span class='ocrx_word' id='word_1_662' title='bbox 1631 5095 1981 5160; x_wconf 89' lang='lat' dir='ltr'><strong>Damascum,</strong></span> 
     </span>
    </p>
   </div>
   <div class='ocr_carea' id='block_1_98' title="bbox 406 5184 1984 5252">
    <p class='ocr_par' dir='ltr' id='par_1_98' title="bbox 406 5184 1984 5252">
     <span class='ocr_line' id='line_1_98' title="bbox 406 5184 1984 5252; baseline -0.003 -8"><span class='ocrx_word' id='word_1_663' title='bbox 406 5197 472 5244; x_wconf 88' lang='lat' dir='ltr'><strong>et</strong></span> <span class='ocrx_word' id='word_1_664' title='bbox 516 5188 716 5243; x_wconf 89' lang='lat' dir='ltr'><strong>multas</strong></span> <span class='ocrx_word' id='word_1_665' title='bbox 751 5186 1017 5244; x_wconf 84' lang='lat' dir='ltr'><strong>ecclesias</strong></span> <span class='ocrx_word' id='word_1_666' title='bbox 1056 5185 1306 5241; x_wconf 86' lang='lat' dir='ltr'><strong>desertas</strong></span> <span class='ocrx_word' id='word_1_667' title='bbox 1340 5185 1492 5252; x_wconf 89' lang='lat' dir='ltr'><strong>fecit,</strong></span> <span class='ocrx_word' id='word_1_668' title='bbox 1543 5200 1654 5240; x_wconf 91' lang='lat' dir='ltr'><strong>non</strong></span> <span class='ocrx_word' id='word_1_669' title='bbox 1688 5184 1984 5241; x_wconf 80' lang='lat' dir='ltr'><strong>intendens</strong></span> 
     </span>
    </p>
   </div>
   <div class='ocr_carea' id='block_1_99' title="bbox 404 5275 1984 5335">
    <p class='ocr_par' dir='ltr' id='par_1_99' title="bbox 404 5275 1984 5335">
     <span class='ocr_line' id='line_1_99' title="bbox 404 5275 1984 5335; baseline -0.001 -1"><span class='ocrx_word' id='word_1_670' title='bbox 404 5278 544 5334; x_wconf 89' lang='lat' dir='ltr'><strong>dato</strong></span> <span class='ocrx_word' id='word_1_671' title='bbox 560 5277 898 5335; x_wconf 89' lang='lat' dir='ltr'><strong>Christianis</strong></span> <span class='ocrx_word' id='word_1_672' title='bbox 911 5278 981 5333; x_wconf 88' lang='lat' dir='ltr'><strong>ab</strong></span> <span class='ocrx_word' id='word_1_673' title='bbox 998 5277 1276 5333; x_wconf 84' lang='lat' dir='ltr'><strong>Arabibus</strong></span> <span class='ocrx_word' id='word_1_674' title='bbox 1293 5277 1487 5333; x_wconf 89' lang='lat' dir='ltr'><strong>verbo.</strong></span> <span class='ocrx_word' id='word_1_675' title='bbox 1506 5275 1776 5332; x_wconf 85' lang='lat' dir='ltr'><strong>Praterea</strong></span> <span class='ocrx_word' id='word_1_676' title='bbox 1787 5285 1984 5333; x_wconf 90' lang='lat' dir='ltr'><strong>octavo</strong></span> 
     </span>
    </p>
   </div>
   <div class='ocr_carea' id='block_1_100' title="bbox 407 5366 1984 5438">
    <p class='ocr_par' dir='ltr' id='par_1_100' title="bbox 407 5366 1984 5438">
     <span class='ocr_line' id='line_1_100' title="bbox 407 5366 1984 5438; baseline -0.001 -12"><span class='ocrx_word' id='word_1_677' title='bbox 407 5370 542 5426; x_wconf 85' lang='lat' dir='ltr'><strong>idus</strong></span> <span class='ocrx_word' id='word_1_678' title='bbox 562 5368 892 5425; x_wconf 84' lang='lat' dir='ltr'><strong>Februarias</strong></span> <span class='ocrx_word' id='word_1_679' title='bbox 929 5377 1150 5425; x_wconf 92' lang='lat' dir='ltr'><strong>mortuo</strong></span> <span class='ocrx_word' id='word_1_680' title='bbox 1181 5368 1394 5434; x_wconf 85' lang='lat' dir='ltr'><strong>Niceta,</strong></span> <span class='ocrx_word' id='word_1_681' title='bbox 1430 5368 1499 5424; x_wconf 92' lang='lat' dir='ltr'><strong>de</strong></span> <span class='ocrx_word' id='word_1_682' title='bbox 1523 5381 1635 5438; x_wconf 90' lang='lat' dir='ltr'><strong>quo</strong></span> <span class='ocrx_word' id='word_1_683' title='bbox 1662 5366 1984 5437; x_wconf 70' lang='lat' dir='ltr'><strong>praedictum</strong></span> 
     </span>
    </p>
   </div>
   <div class='ocr_carea' id='block_1_101' title="bbox 409 5459 1988 5533">
    <p class='ocr_par' dir='ltr' id='par_1_101' title="bbox 409 5459 1988 5533">
     <span class='ocr_line' id='line_1_101' title="bbox 409 5459 1988 5533; baseline -0.001 -13"><span class='ocrx_word' id='word_1_684' title='bbox 409 5471 523 5531; x_wconf 87' lang='lat' dir='ltr'><strong>est,</strong></span> <span class='ocrx_word' id='word_1_685' title='bbox 553 5462 1112 5533; x_wconf 89' lang='lat' dir='ltr'><strong>Constantinopoleos</strong></span> <span class='ocrx_word' id='word_1_686' title='bbox 1138 5461 1422 5533; x_wconf 90' lang='lat' dir='ltr'><strong>episcopo,</strong></span> <span class='ocrx_word' id='word_1_687' title='bbox 1473 5459 1718 5516; x_wconf 88' lang='lat' dir='ltr'><strong>secunda</strong></span> <span class='ocrx_word' id='word_1_688' title='bbox 1749 5460 1988 5532; x_wconf 82' lang='lat' dir='ltr'><strong>ieiunio-</strong></span> 
     </span>
    </p>
   </div>
   <div class='ocr_carea' id='block_1_102' title="bbox 413 5549 1988 5620">
    <p class='ocr_par' dir='ltr' id='par_1_102' title="bbox 413 5549 1988 5620">
     <span class='ocr_line' id='line_1_102' title="bbox 413 5549 1988 5620; baseline -0.002 -10"><span class='ocrx_word' id='word_1_689' title='bbox 413 5571 539 5610; x_wconf 92' lang='lat' dir='ltr'><strong>rum</strong></span> <span class='ocrx_word' id='word_1_690' title='bbox 562 5553 928 5620; x_wconf 88' lang='lat' dir='ltr'><strong>hebdomada,</strong></span> <span class='ocrx_word' id='word_1_691' title='bbox 971 5553 1060 5609; x_wconf 89' lang='lat' dir='ltr'><strong>die</strong></span> <span class='ocrx_word' id='word_1_692' title='bbox 1081 5550 1390 5617; x_wconf 92' lang='lat' dir='ltr'><strong>Dominico,</strong></span> <span class='ocrx_word' id='word_1_693' title='bbox 1415 5550 1618 5606; x_wconf 88' lang='lat' dir='ltr'><strong>Paulus</strong></span> <span class='ocrx_word' id='word_1_694' title='bbox 1647 5549 1988 5608; x_wconf 87' lang='lat' dir='ltr'><strong>honorabilis</strong></span> 
     </span>
    </p>
   </div>
   <div class='ocr_carea' id='block_1_103' title="bbox 413 5645 1988 5720">
    <p class='ocr_par' dir='ltr' id='par_1_103' title="bbox 413 5645 1988 5720">
     <span class='ocr_line' id='line_1_103' title="bbox 413 5645 1988 5720; baseline -0.001 -17"><span class='ocrx_word' id='word_1_695' title='bbox 413 5662 640 5720; x_wconf 78' lang='lat' dir='ltr'><strong>genere,</strong></span> <span class='ocrx_word' id='word_1_696' title='bbox 692 5645 950 5718; x_wconf 85' lang='lat' dir='ltr'><strong>Cyprius,</strong></span> <span class='ocrx_word' id='word_1_697' title='bbox 1006 5645 1178 5702; x_wconf 88' lang='lat' dir='ltr'><strong>verbo</strong></span> <span class='ocrx_word' id='word_1_698' title='bbox 1225 5661 1290 5702; x_wconf 89' lang='lat' dir='ltr'><strong>ac</strong></span> <span class='ocrx_word' id='word_1_699' title='bbox 1335 5653 1460 5701; x_wconf 87' lang='lat' dir='ltr'><strong>actu</strong></span> <span class='ocrx_word' id='word_1_700' title='bbox 1513 5657 1831 5710; x_wconf 88' lang='lat' dir='ltr'><strong>coruscans,</strong></span> <span class='ocrx_word' id='word_1_701' title='bbox 1859 5654 1988 5715; x_wconf 90' lang='lat' dir='ltr'><strong>post</strong></span> 
     </span>
    </p>
   </div>
   <div class='ocr_carea' id='block_1_104' title="bbox 417 5725 1988 5812">
    <p class='ocr_par' dir='ltr' id='par_1_104' title="bbox 417 5725 1988 5812">
     <span class='ocr_line' id='line_1_104' title="bbox 417 5725 1988 5812; baseline -0.001 -15"><span class='ocrx_word' id='word_1_702' title='bbox 417 5725 712 5808; x_wconf 74' lang='lat' dir='ltr'><strong>plurimam</strong></span> <span class='ocrx_word' id='word_1_703' title='bbox 740 5747 964 5812; x_wconf 80' lang='lat' dir='ltr'><strong>propter</strong></span> <span class='ocrx_word' id='word_1_704' title='bbox 1003 5738 1256 5797; x_wconf 84' lang='lat' dir='ltr'><strong>baresim</strong></span> <span class='ocrx_word' id='word_1_705' title='bbox 1288 5753 1396 5810; x_wconf 89' lang='lat' dir='ltr'><strong>qua</strong></span> <span class='ocrx_word' id='word_1_706' title='bbox 1449 5736 1738 5796; x_wconf 89' lang='lat' dir='ltr'><strong>tenebatur</strong></span> <span class='ocrx_word' id='word_1_707' title='bbox 1760 5753 1988 5796; x_wconf 84' lang='lat' dir='ltr'><strong>excusa-</strong></span> 
     </span>
    </p>
   </div>
   <div class='ocr_carea' id='block_1_105' title="bbox 2079 4534 3681 4614">
    <p class='ocr_par' dir='ltr' id='par_1_105' title="bbox 2079 4534 3681 4614">
     <span class='ocr_line' id='line_1_105' title="bbox 2079 4534 3681 4614; baseline -0.007 -16"><span class='ocrx_word' id='word_1_708' title='bbox 2079 4543 2239 4599; x_wconf 89' lang='lat' dir='ltr'><strong>multi</strong></span> <span class='ocrx_word' id='word_1_709' title='bbox 2300 4543 2428 4610; x_wconf 90' lang='lat' dir='ltr'><strong>alii;</strong></span> <span class='ocrx_word' id='word_1_710' title='bbox 2463 4559 2605 4614; x_wconf 89' lang='lat' dir='ltr'><strong>quos</strong></span> <span class='ocrx_word' id='word_1_711' title='bbox 2657 4557 2829 4600; x_wconf 82' lang='lat' dir='ltr'><strong>casos</strong></span> <span class='ocrx_word' id='word_1_712' title='bbox 2868 4550 2926 4596; x_wconf 93' lang='lat' dir='ltr'><strong>et</strong></span> <span class='ocrx_word' id='word_1_713' title='bbox 2965 4550 3152 4596; x_wconf 87' lang='lat' dir='ltr'><strong>tonsos</strong></span> <span class='ocrx_word' id='word_1_714' title='bbox 3179 4538 3236 4596; x_wconf 94' lang='lat' dir='ltr'><strong>in</strong></span> <span class='ocrx_word' id='word_1_715' title='bbox 3273 4537 3508 4594; x_wconf 89' lang='lat' dir='ltr'><strong>diversis</strong></span> <span class='ocrx_word' id='word_1_716' title='bbox 3526 4534 3681 4592; x_wconf 25' lang='lat' dir='ltr'><strong>locis,</strong></span> 
     </span>
    </p>
   </div>
   <div class='ocr_carea' id='block_1_106' title="bbox 2079 4628 3668 4704">
    <p class='ocr_par' dir='ltr' id='par_1_106' title="bbox 2079 4628 3668 4704">
     <span class='ocr_line' id='line_1_106' title="bbox 2079 4628 3668 4704; baseline -0.003 -14"><span class='ocrx_word' id='word_1_717' title='bbox 2079 4634 2276 4690; x_wconf 83' lang='lat' dir='ltr'><strong>exsilio</strong></span> <span class='ocrx_word' id='word_1_718' title='bbox 2301 4633 2584 4704; x_wconf 88' lang='lat' dir='ltr'><strong>relegavit.</strong></span> <span class='ocrx_word' id='word_1_719' title='bbox 2619 4633 2791 4688; x_wconf 90' lang='lat' dir='ltr'><strong>Porro</strong></span> <span class='ocrx_word' id='word_1_720' title='bbox 2821 4630 2927 4686; x_wconf 93' lang='lat' dir='ltr'><strong>viri</strong></span> <span class='ocrx_word' id='word_1_721' title='bbox 2972 4629 3058 4686; x_wconf 90' lang='lat' dir='ltr'><strong>sui</strong></span> <span class='ocrx_word' id='word_1_722' title='bbox 3082 4629 3282 4685; x_wconf 89' lang='lat' dir='ltr'><strong>fratres</strong></span> <span class='ocrx_word' id='word_1_723' title='bbox 3317 4628 3562 4684; x_wconf 72' lang='lat' dir='ltr'><strong>Caesares</strong></span> <span class='ocrx_word' id='word_1_724' title='bbox 3596 4641 3668 4685; x_wconf 79' lang='lat' dir='ltr'><strong>at‘.</strong></span> 
     </span>
    </p>
   </div>
   <div class='ocr_carea' id='block_1_107' title="bbox 2080 4721 3661 4793">
    <p class='ocr_par' dir='ltr' id='par_1_107' title="bbox 2080 4721 3661 4793">
     <span class='ocr_line' id='line_1_107' title="bbox 2080 4721 3661 4793; baseline -0.005 -11"><span class='ocrx_word' id='word_1_725' title='bbox 2080 4726 2455 4782; x_wconf 87' lang='lat' dir='ltr'><strong>nobilissimos</strong></span> <span class='ocrx_word' id='word_1_726' title='bbox 2486 4737 2670 4781; x_wconf 89' lang='lat' dir='ltr'><strong>tonsos</strong></span> <span class='ocrx_word' id='word_1_727' title='bbox 2691 4723 2999 4780; x_wconf 89' lang='lat' dir='ltr'><strong>sacerdotio</strong></span> <span class='ocrx_word' id='word_1_728' title='bbox 3022 4723 3172 4793; x_wconf 76' lang='lat' dir='ltr'><strong>fungi</strong></span> <span class='ocrx_word' id='word_1_729' title='bbox 3203 4732 3261 4778; x_wconf 90' lang='lat' dir='ltr'><strong>et</strong></span> <span class='ocrx_word' id='word_1_730' title='bbox 3284 4721 3488 4793; x_wconf 89' lang='lat' dir='ltr'><strong>populo</strong></span> <span class='ocrx_word' id='word_1_731' title='bbox 3511 4735 3661 4776; x_wconf 84' lang='lat' dir='ltr'><strong>com-</strong></span> 
     </span>
    </p>
   </div>
   <div class='ocr_carea' id='block_1_108' title="bbox 2081 4813 3668 4884">
    <p class='ocr_par' dir='ltr' id='par_1_108' title="bbox 2081 4813 3668 4884">
     <span class='ocr_line' id='line_1_108' title="bbox 2081 4813 3668 4884; baseline -0.001 -12"><span class='ocrx_word' id='word_1_732' title='bbox 2081 4819 2400 4875; x_wconf 89' lang='lat' dir='ltr'><strong>munionem</strong></span> <span class='ocrx_word' id='word_1_733' title='bbox 2418 4817 2475 4872; x_wconf 94' lang='lat' dir='ltr'><strong>in</strong></span> <span class='ocrx_word' id='word_1_734' title='bbox 2493 4815 2789 4872; x_wconf 87' lang='lat' dir='ltr'><strong>festivitate</strong></span> <span class='ocrx_word' id='word_1_735' title='bbox 2815 4814 3020 4871; x_wconf 89' lang='lat' dir='ltr'><strong>Christi</strong></span> <span class='ocrx_word' id='word_1_736' title='bbox 3051 4813 3356 4870; x_wconf 88' lang='lat' dir='ltr'><strong>nativitatis</strong></span> <span class='ocrx_word' id='word_1_737' title='bbox 3380 4813 3668 4884; x_wconf 80' lang='lat' dir='ltr'><strong>porrigere.</strong></span> 
     </span>
    </p>
   </div>
   <div class='ocr_carea' id='block_1_109' title="bbox 2081 4905 3662 4979">
    <p class='ocr_par' dir='ltr' id='par_1_109' title="bbox 2081 4905 3662 4979">
     <span class='ocr_line' id='line_1_109' title="bbox 2081 4905 3662 4979; baseline -0.006 -13"><span class='ocrx_word' id='word_1_738' title='bbox 2081 4909 2232 4976; x_wconf 56' lang='lat' dir='ltr'><strong>lbeit,</strong></span> <span class='ocrx_word' id='word_1_739' title='bbox 2263 4910 2319 4964; x_wconf 92' lang='lat' dir='ltr'><strong>in</strong></span> <span class='ocrx_word' id='word_1_740' title='bbox 2345 4923 2454 4979; x_wconf 90' lang='lat' dir='ltr'><strong>qua</strong></span> <span class='ocrx_word' id='word_1_741' title='bbox 2507 4907 2817 4978; x_wconf 87' lang='lat' dir='ltr'><strong>procedens</strong></span> <span class='ocrx_word' id='word_1_742' title='bbox 2846 4905 3203 4978; x_wconf 86' lang='lat' dir='ltr'><strong>imperatorio</strong></span> <span class='ocrx_word' id='word_1_743' title='bbox 3245 4921 3399 4962; x_wconf 88' lang='lat' dir='ltr'><strong>more</strong></span> <span class='ocrx_word' id='word_1_744' title='bbox 3441 4905 3662 4976; x_wconf 87' lang='lat' dir='ltr'><strong>publice</strong></span> 
     </span>
    </p>
   </div>
   <div class='ocr_carea' id='block_1_110' title="bbox 2083 4997 3661 5072">
    <p class='ocr_par' dir='ltr' id='par_1_110' title="bbox 2083 4997 3661 5072">
     <span class='ocr_line' id='line_1_110' title="bbox 2083 4997 3661 5072; baseline -0.004 -15"><span class='ocrx_word' id='word_1_745' title='bbox 2083 5017 2208 5058; x_wconf 91' lang='lat' dir='ltr'><strong>cum</strong></span> <span class='ocrx_word' id='word_1_746' title='bbox 2231 5015 2405 5072; x_wconf 91' lang='lat' dir='ltr'><strong>puero</strong></span> <span class='ocrx_word' id='word_1_747' title='bbox 2443 4999 2634 5056; x_wconf 90' lang='lat' dir='ltr'><strong>retulit</strong></span> <span class='ocrx_word' id='word_1_748' title='bbox 2667 5000 2915 5055; x_wconf 79' lang='lat' dir='ltr'><strong>ecclesiae</strong></span> <span class='ocrx_word' id='word_1_749' title='bbox 2947 5009 3199 5064; x_wconf 86' lang='lat' dir='ltr'><strong>stemma,</strong></span> <span class='ocrx_word' id='word_1_750' title='bbox 3234 4997 3385 5070; x_wconf 88' lang='lat' dir='ltr'><strong>quod</strong></span> <span class='ocrx_word' id='word_1_751' title='bbox 3413 4997 3594 5052; x_wconf 88' lang='lat' dir='ltr'><strong>fuerat</strong></span> <span class='ocrx_word' id='word_1_752' title='bbox 3629 5011 3661 5049; x_wconf 90' lang='lat' dir='ltr'><strong>a</strong></span> 
     </span>
    </p>
   </div>
   <div class='ocr_carea' id='block_1_111' title="bbox 2082 5086 3661 5163">
    <p class='ocr_par' dir='ltr' id='par_1_111' title="bbox 2082 5086 3661 5163">
     <span class='ocr_line' id='line_1_111' title="bbox 2082 5086 3661 5163; baseline -0.007 -13"><span class='ocrx_word' id='word_1_753' title='bbox 2082 5095 2281 5150; x_wconf 92' lang='lat' dir='ltr'><strong>marito</strong></span> <span class='ocrx_word' id='word_1_754' title='bbox 2301 5092 2599 5158; x_wconf 89' lang='lat' dir='ltr'><strong>sublatum,</strong></span> <span class='ocrx_word' id='word_1_755' title='bbox 2625 5091 2994 5163; x_wconf 88' lang='lat' dir='ltr'><strong>pulcherrime</strong></span> <span class='ocrx_word' id='word_1_756' title='bbox 3013 5090 3372 5148; x_wconf 86' lang='lat' dir='ltr'><strong>fabrefactum</strong></span> <span class='ocrx_word' id='word_1_757' title='bbox 3388 5086 3632 5158; x_wconf 90' lang='lat' dir='ltr'><strong>etpretio</strong></span> <span class='ocrx_word' id='word_1_758' title='bbox 3647 5113 3661 5122; x_wconf 90' lang='lat'><strong>-</strong></span> 
     </span>
    </p>
   </div>
   <div class='ocr_carea' id='block_1_112' title="bbox 2083 5172 3661 5256">
    <p class='ocr_par' dir='ltr' id='par_1_112' title="bbox 2083 5172 3661 5256">
     <span class='ocr_line' id='line_1_112' title="bbox 2083 5172 3661 5256; baseline -0.01 -14"><span class='ocrx_word' id='word_1_759' title='bbox 2083 5188 2162 5243; x_wconf 87' lang='lat' dir='ltr'><strong>sis</strong></span> <span class='ocrx_word' id='word_1_760' title='bbox 2191 5185 2466 5256; x_wconf 89' lang='lat' dir='ltr'><strong>lapidibus</strong></span> <span class='ocrx_word' id='word_1_761' title='bbox 2503 5191 2877 5240; x_wconf 84' lang='lat' dir='ltr'><strong>venustatum.</strong></span> <span class='ocrx_word' id='word_1_762' title='bbox 2915 5181 3204 5238; x_wconf 85' lang='lat' dir='ltr'><strong>Promovit</strong></span> <span class='ocrx_word' id='word_1_763' title='bbox 3238 5187 3424 5234; x_wconf 90' lang='lat' dir='ltr'><strong>autem</strong></span> <span class='ocrx_word' id='word_1_764' title='bbox 3476 5172 3661 5244; x_wconf 81' lang='lat' dir='ltr'><strong>llelpi-</strong></span> 
     </span>
    </p>
   </div>
   <div class='ocr_carea' id='block_1_113' title="bbox 2085 5269 3670 5347">
    <p class='ocr_par' dir='ltr' id='par_1_113' title="bbox 2085 5269 3670 5347">
     <span class='ocr_line' id='line_1_113' title="bbox 2085 5269 3670 5347; baseline -0.004 -14"><span class='ocrx_word' id='word_1_765' title='bbox 2085 5277 2234 5333; x_wconf 89' lang='lat' dir='ltr'><strong>dium</strong></span> <span class='ocrx_word' id='word_1_766' title='bbox 2267 5283 2554 5347; x_wconf 87' lang='lat' dir='ltr'><strong>pratorem</strong></span> <span class='ocrx_word' id='word_1_767' title='bbox 2614 5275 2672 5331; x_wconf 89' lang='lat' dir='ltr'><strong>in</strong></span> <span class='ocrx_word' id='word_1_768' title='bbox 2703 5275 2914 5340; x_wconf 55' lang='lat' dir='ltr'><strong>Sicilia.</strong></span> <span class='ocrx_word' id='word_1_769' title='bbox 2943 5275 3041 5345; x_wconf 84' lang='lat' dir='ltr'><strong>qui</strong></span> <span class='ocrx_word' id='word_1_770' title='bbox 3069 5282 3127 5328; x_wconf 87' lang='lat' dir='ltr'><strong>et</strong></span> <span class='ocrx_word' id='word_1_771' title='bbox 3169 5280 3296 5327; x_wconf 91' lang='lat' dir='ltr'><strong>ante</strong></span> <span class='ocrx_word' id='word_1_772' title='bbox 3325 5269 3440 5324; x_wconf 89' lang='lat' dir='ltr'><strong>illic</strong></span> <span class='ocrx_word' id='word_1_773' title='bbox 3463 5277 3670 5338; x_wconf 86' lang='lat' dir='ltr'><strong>prator.</strong></span> 
     </span>
    </p>
   </div>
   <div class='ocr_carea' id='block_1_114' title="bbox 2085 5357 3661 5437">
    <p class='ocr_par' dir='ltr' id='par_1_114' title="bbox 2085 5357 3661 5437">
     <span class='ocr_line' id='line_1_114' title="bbox 2085 5357 3661 5437; baseline -0.009 -11"><span class='ocrx_word' id='word_1_774' title='bbox 2085 5369 2391 5427; x_wconf 80' lang='lat' dir='ltr'><strong>exstiterat.</strong></span> <span class='ocrx_word' id='word_1_775' title='bbox 2409 5369 2581 5425; x_wconf 90' lang='lat' dir='ltr'><strong>Porro</strong></span> <span class='ocrx_word' id='word_1_776' title='bbox 2607 5367 2824 5423; x_wconf 89' lang='lat' dir='ltr'><strong>decimo</strong></span> <span class='ocrx_word' id='word_1_777' title='bbox 2843 5366 3079 5437; x_wconf 78' lang='lat' dir='ltr'><strong>septimo</strong></span> <span class='ocrx_word' id='word_1_778' title='bbox 3107 5362 3473 5421; x_wconf 83' lang='lat' dir='ltr'><strong>Kalendarum</strong></span> <span class='ocrx_word' id='word_1_779' title='bbox 3498 5357 3661 5413; x_wconf 84' lang='lat' dir='ltr'><strong>Maia-</strong></span> 
     </span>
    </p>
   </div>
   <div class='ocr_carea' id='block_1_115' title="bbox 2087 5450 3678 5527">
    <p class='ocr_par' dir='ltr' id='par_1_115' title="bbox 2087 5450 3678 5527">
     <span class='ocr_line' id='line_1_115' title="bbox 2087 5450 3678 5527; baseline -0.011 -10"><span class='ocrx_word' id='word_1_780' title='bbox 2087 5477 2212 5517; x_wconf 91' lang='lat' dir='ltr'><strong>rum</strong></span> <span class='ocrx_word' id='word_1_781' title='bbox 2229 5467 2521 5516; x_wconf 90' lang='lat' dir='ltr'><strong>accusatus</strong></span> <span class='ocrx_word' id='word_1_782' title='bbox 2541 5458 2688 5514; x_wconf 90' lang='lat' dir='ltr'><strong>idem</strong></span> <span class='ocrx_word' id='word_1_783' title='bbox 2719 5455 3006 5527; x_wconf 84' lang='lat' dir='ltr'><strong>Helpidius</strong></span> <span class='ocrx_word' id='word_1_784' title='bbox 3031 5454 3178 5525; x_wconf 90' lang='lat' dir='ltr'><strong>quod</strong></span> <span class='ocrx_word' id='word_1_785' title='bbox 3200 5467 3326 5508; x_wconf 90' lang='lat' dir='ltr'><strong>cum</strong></span> <span class='ocrx_word' id='word_1_786' title='bbox 3353 5450 3678 5508; x_wconf 84' lang='lat' dir='ltr'><strong>Casaribus.</strong></span> 
     </span>
    </p>
   </div>
   <div class='ocr_carea' id='block_1_116' title="bbox 2088 5541 3671 5620">
    <p class='ocr_par' dir='ltr' id='par_1_116' title="bbox 2088 5541 3671 5620">
     <span class='ocr_line' id='line_1_116' title="bbox 2088 5541 3671 5620; baseline -0.009 -9"><span class='ocrx_word' id='word_1_787' title='bbox 2088 5555 2337 5618; x_wconf 87' lang='lat' dir='ltr'><strong>sentiret,</strong></span> <span class='ocrx_word' id='word_1_788' title='bbox 2374 5561 2432 5608; x_wconf 92' lang='lat' dir='ltr'><strong>et</strong></span> <span class='ocrx_word' id='word_1_789' title='bbox 2463 5550 2633 5606; x_wconf 89' lang='lat' dir='ltr'><strong>misso</strong></span> <span class='ocrx_word' id='word_1_790' title='bbox 2664 5548 2976 5620; x_wconf 80' lang='lat' dir='ltr'><strong>Theophilo</strong></span> <span class='ocrx_word' id='word_1_791' title='bbox 3003 5544 3285 5618; x_wconf 88' lang='lat' dir='ltr'><strong>spathario</strong></span> <span class='ocrx_word' id='word_1_792' title='bbox 3313 5541 3575 5616; x_wconf 88' lang='lat' dir='ltr'><strong>praecepit</strong></span> <span class='ocrx_word' id='word_1_793' title='bbox 3602 5551 3671 5597; x_wconf 86' lang='lat' dir='ltr'><strong>ut</strong></span> 
     </span>
    </p>
   </div>
   <div class='ocr_carea' id='block_1_117' title="bbox 2089 5626 3662 5718">
    <p class='ocr_par' dir='ltr' id='par_1_117' title="bbox 2089 5626 3662 5718">
     <span class='ocr_line' id='line_1_117' title="bbox 2089 5626 3662 5718; baseline -0.01 -15"><span class='ocrx_word' id='word_1_794' title='bbox 2089 5626 2416 5718; x_wconf 90' lang='lat' dir='ltr'><strong>compendio</strong></span> <span class='ocrx_word' id='word_1_795' title='bbox 2446 5652 2666 5716; x_wconf 90' lang='lat' dir='ltr'><strong>raperet</strong></span> <span class='ocrx_word' id='word_1_796' title='bbox 2717 5650 2776 5697; x_wconf 90' lang='lat' dir='ltr'><strong>et</strong></span> <span class='ocrx_word' id='word_1_797' title='bbox 2805 5641 3034 5696; x_wconf 85' lang='lat' dir='ltr'><strong>duceret</strong></span> <span class='ocrx_word' id='word_1_798' title='bbox 3067 5651 3219 5694; x_wconf 91' lang='lat' dir='ltr'><strong>eum.</strong></span> <span class='ocrx_word' id='word_1_799' title='bbox 3249 5635 3353 5704; x_wconf 81' lang='lat' dir='ltr'><strong>Qui</strong></span> <span class='ocrx_word' id='word_1_800' title='bbox 3381 5650 3507 5692; x_wconf 91' lang='lat' dir='ltr'><strong>cum</strong></span> <span class='ocrx_word' id='word_1_801' title='bbox 3532 5649 3662 5704; x_wconf 89' lang='lat' dir='ltr'><strong>pcr-</strong></span> 
     </span>
    </p>
   </div>
   <div class='ocr_carea' id='block_1_118' title="bbox 2094 5728 3663 5802">
    <p class='ocr_par' dir='ltr' id='par_1_118' title="bbox 2094 5728 3663 5802">
     <span class='ocr_line' id='line_1_118' title="bbox 2094 5728 3663 5802; baseline -0.011 -4"><span class='ocrx_word' id='word_1_802' title='bbox 2094 5741 2344 5802; x_wconf 85' lang='lat' dir='ltr'><strong>rexisset.</strong></span> <span class='ocrx_word' id='word_1_803' title='bbox 2379 5756 2490 5797; x_wconf 88' lang='lat' dir='ltr'><strong>non</strong></span> <span class='ocrx_word' id='word_1_804' title='bbox 2541 5737 2814 5796; x_wconf 86' lang='lat' dir='ltr'><strong>dederunt</strong></span> <span class='ocrx_word' id='word_1_805' title='bbox 2855 5734 3008 5793; x_wconf 88' lang='lat' dir='ltr'><strong>illum</strong></span> <span class='ocrx_word' id='word_1_806' title='bbox 3042 5731 3234 5791; x_wconf 90' lang='lat' dir='ltr'><strong>Siculi.</strong></span> <span class='ocrx_word' id='word_1_807' title='bbox 3268 5730 3339 5788; x_wconf 78' lang='lat' dir='ltr'><strong>At</strong></span> <span class='ocrx_word' id='word_1_808' title='bbox 3365 5730 3452 5786; x_wconf 88' lang='lat' dir='ltr'><strong>illa</strong></span> <span class='ocrx_word' id='word_1_809' title='bbox 3502 5728 3663 5799; x_wconf 80' lang='lat' dir='ltr'><strong>huius</strong></span> 
     </span>
    </p>
   </div>
  </div>
