3978 6212
372 262 513 363 1395

1466 253 1875 335 ANASTASII
1900 249 2538 317 BIBLIOTHEGARII

3511 242 3659 310 I356

368 352 599 429 uxorem
652 385 716 427 ac
774 370 917 425 ﬁlios
969 340 1143 427 caesos
1190 376 1246 445 et
1297 375 1484 422 tensos
1539 363 1767 439 praetori
1799 362 2028 439 misit‘A
2054 361 2324 419 exiissem
2370 358 2692 423 Stauracius
2738 366 2797 415 et
2854 357 3054 413 Petrus
3103 355 3369 428 magister
3416 367 3481 413 et
3539 358 3659 414 An-

372 464 782 521 eustodiendos.
816 460 981 521 Junio
1013 470 1197 521 autem
1249 474 1438 517 mense
1465 458 1648 513 omnia
1686 456 1951 527 ulteriora

372 561 614 617 themata
670 556 970 612 destinavit
1022 553 1092 611 ad
1149 554 1436 608 elausuras
1493 548 1845 619 custodiendi
1895 557 1953 603 et

368 648 700 708 observandi
747 648 956 706 exitum
992 646 1258 712 Arabum,
1308 657 1631 717 proponens
1663 641 1748 697 eis
1784 650 1950 711 caput

366 740 631 796 Joannem
666 736 1039 802 sacellarium,
1067 735 1162 806 qui
1198 742 1319 789 erat
1356 732 1649 789 eunuchus
1672 740 1728 785 et
1756 730 1948 785 dome-

368 830 543 887 sticus
566 831 706 907 ejus.
756 828 827 891 At
850 844 983 884 vero
1036 826 1179 883 Madi
1217 825 1367 881 misit
1398 824 1563 880 Cebir
1588 838 1715 879 cum
1744 822 1950 877 virtute

368 924 563 991 multa,
592 930 650 980 et
676 930 986 985 occurrunt
1029 921 1085 977 in
1118 922 1304 976 locum
1330 923 1709 989 nuncupatum
1736 915 1948 980 Milum,

371 1027 429 1075 et
459 1018 602 1075 inito
640 1016 788 1073 bello
816 1022 1150 1088 superantur
1174 1010 1407 1075 Arabes,
1432 1019 1490 1065 et
1519 1008 1853 1064 occiduntur
1882 1022 1951 1062 ex

369 1111 453 1167 eis
475 1109 660 1176 multi,
692 1117 749 1165 et
786 1108 863 1165 ita
886 1122 1011 1162 cum
1042 1103 1369 1160 confusione
1399 1100 1608 1156 reversi
1636 1108 1786 1156 sunt.
1826 1098 1951 1157 Cte-

366 1209 572 1279 perunt
590 1208 853 1274 praeterea
866 1197 1106 1270 piissimi
1125 1195 1409 1267 principes
1418 1192 1752 1249 ﬁducialiter
1765 1206 1946 1262 agere,

367 1306 425 1354 et
455 1295 683 1371 verbum
720 1291 937 1348 Domini
965 1288 1205 1355 dilatari,
1232 1296 1288 1343 et
1326 1285 1421 1357 qui
1449 1285 1709 1341 volebant
1722 1282 1946 1349 salvari,

368 1389 487 1447 sine
511 1384 888 1459 prohibitione
915 1381 1123 1437 mundo
1147 1379 1563 1445 abrenuntiare,
1590 1386 1646 1437 et
1680 1376 1951 1449 gloriﬁca-

369 1476 448 1534 tio
506 1477 604 1532 Dei
664 1472 918 1541 exaltari,
965 1487 1031 1527 ac
1085 1470 1421 1527 monasteria
1475 1467 1736 1534 recreari,
1783 1478 1949 1539 atque

369 1584 532 1626 omne
556 1568 761 1623 bonum
795 1562 1158 1620 maniiestari.

440 1658 554 1714 lloe
585 1658 750 1713 etiam
786 1671 933 1711 anno
979 1655 1036 1709 in
1078 1653 1259 1726 longis
1302 1652 1530 1709 Thracae
1572 1653 1749 1709 muris
1784 1651 1951 1708 homo

2056 457 2244 515 tonius
2313 454 2696 519 domesticus,
2760 466 2875 509 non
2953 448 3291 505 studuerunt
3362 450 3659 507 subtiliter

2031 566 2239 623 ﬁgere,
2279 556 2340 611 ut
2376 548 2609 605 verbum
2655 554 2816 605 caute
2852 542 3205 613 susciperent
3242 551 3302 598 et
3358 543 3511 599 ﬁlios
3542 547 3659 615 pri-

2053 658 2271 701 morum
2292 682 2311 710 ,
2361 642 2462 701 sed
2508 648 2779 699 exeuntes
2832 635 3143 693 inconsulte
3190 634 3330 690 tenti
3396 646 3531 692 sunt
3587 638 3657 692 ab

2054 734 2167 793 illis
2218 743 2277 789 et
2326 731 2693 802 compedibus
2741 728 2914 785 vincti
2962 737 3112 795 situt,
3156 736 3215 783 et
3262 737 3480 784 coacta
3525 740 3660 786 sunt

2053 836 2299 897 utraeque
2349 837 2536 897 partes
2590 823 2661 883 ad
2714 822 3031 881 iaciendum
3082 836 3304 894 pacem.
3358 823 3433 878 Et
3476 824 3654 878 dona-

2054 928 2257 979 verunt
2299 919 2561 982 invicem.
2605 918 2854 988 Augusta
2894 915 3110 972 scilicet
3140 924 3198 972 et
3239 919 3452 981 Aaron,
3491 919 3652 973 xenia

2036 1012 2263 1081 multa,
2315 1021 2477 1083 pacto
2522 1011 2740 1069 ﬁrmato
2789 1016 2854 1065 ut
2892 1024 2994 1080 per
3041 1009 3297 1080 singulos
3345 1026 3529 1067 annos
3568 1012 3652 1067 eis

2053 1119 2281 1160 censum
2337 1102 2629 1163 tribueret.
2692 1102 2763 1158 Et
2824 1099 2969 1157 facta
3041 1115 3182 1170 pace
3233 1101 3645 1165 discesserunt,

2052 1194 2400 1251 dimittentes
2438 1194 2609 1251 etiam
2647 1202 2703 1250 et
2749 1192 3032 1253 civitatem
3072 1192 3322 1249 Nacoliaa.
3356 1195 3511 1250 Tulit
3545 1212 3645 1251 au-

2055 1296 2166 1345 tem
2216 1296 2276 1347 et
2326 1287 2584 1345 Atasates
2641 1301 2872 1344 uxorem
2926 1301 3086 1342 suam
3138 1296 3189 1341 et
3223 1300 3440 1342 omnem
3496 1290 3637 1344 sub-

2053 1377 2336 1436 stantiam.

2122 1474 2286 1535 Anno
2332 1472 2552 1543 imperii
2595 1471 2684 1529 sui
2733 1471 2923 1537 tertio,
2976 1484 3115 1543 pace
3168 1470 3308 1525 facta
3348 1485 3472 1525 eum
3501 1470 3630 1527 Ara-

2052 1567 2220 1622 bibus
2262 1575 2320 1622 et
2354 1566 2507 1622 aditu
2545 1572 2788 1635 reperto,
2819 1562 3056 1619 Heirene
3085 1562 3262 1618 mittit
3300 1563 3641 1619 Stauractum

2059 1658 2362 1730 patricium
2388 1665 2448 1715 et
2493 1657 2829 1729 logothetam
2864 1655 3043 1711 dromi
3070 1670 3199 1711 eum
3237 1655 3449 1710 virtute
3482 1656 3646 1710 multa

369 1740 598 1822 quidam
651 1748 869 1803 fodiens
918 1745 1132 1802 invenit
1184 1743 1460 1814 lapideam
1535 1759 1753 1810 arcam,
1794 1757 1957 1815 quam
1990 1727 2034 1787 Β
2062 1727 2260 1808 eontra
2306 1727 2691 1809 δοιεγίηοὶιιω
2728 1757 2942 1820 genus,
2998 1746 3106 1814 Qui
3154 1758 3287 1802 cum
3331 1746 3652 1803 descendis.

370 1857 495 1899 cum
541 1847 899 1911 expurgasset
941 1846 997 1894 et
1040 1837 1358 1903 revelasset,
1404 1835 1614 1909 reperit
1657 1835 1840 1891 virum
1878 1834 1963 1907 ja—

370 1942 588 1993 centem
625 1941 682 1990 et
716 1933 931 1988 litteras
965 1929 1373 1999 conglutinatas
1415 1942 1579 1991 arcte,
1611 1927 1962 1985 continentes

369 2028 488 2082 haec
518 2044 532 2083 :
565 2024 804 2081 Christus
842 2032 1089 2078 nascetur
1124 2036 1186 2076 ea:
1222 2019 1400 2074 Maria
1442 2019 1686 2091 Virgine,
1720 2028 1770 2073 et
1808 2017 1963 2073 credo

368 2119 427 2172 in
455 2134 594 2172 eum.
620 2116 726 2171 Sub
759 2104 1113 2171 constantiae
1133 2128 1253 2167 vero
1285 2122 1334 2166 et
1363 2110 1589 2166 Heirene
1623 2111 1961 2183 imperatori-

370 2203 484 2268 bus,
517 2219 546 2256 ο
566 2201 670 2269 sol,
700 2203 891 2257 iterum
926 2214 1009 2253 me
1036 2198 1253 2254 videbis.

439 2300 600 2352 Anno
651 2295 870 2368 imperii
918 2290 1269 2351 Constantini
1318 2298 1375 2347 et
1415 2289 1668 2346 Heirena:
1717 2286 1962 2345 secundo

371 2392 576 2448 direxit
627 2391 866 2447 Heirene
909 2388 1194 2449 Costahim
1262 2386 1610 2442 sacellarium
1657 2391 1715 2439 et
1755 2382 1961 2436 Mama-

371 2483 485 2539 lum
529 2482 913 2553 primicerium
956 2481 1023 2536 ad
1064 2479 1323 2536 Carolum
1360 2493 1544 2552 regem
1590 2477 1959 2541 Francorum,

372 2590 483 2645 quo
525 2574 691 2630 tiliam
740 2568 893 2628 suam
935 2574 1133 2643 nuptui
1181 2572 1425 2627 traderet
1466 2568 1784 2640 imperatori
1813 2566 1961 2623 Con-

372 2664 615 2720 stantino
660 2663 772 2718 ﬁlio
809 2679 931 2719 suo.
965 2663 1032 2717 Et
1075 2662 1220 2717 facto
1257 2660 1461 2732 placito
1501 2675 1566 2715 ac
1595 2658 1958 2731 jurejurando

373 2755 520 2809 inter
558 2763 863 2823 utrosque,
922 2752 1269 2821 reliquerunt
1319 2750 1577 2804 Elisaaum
1636 2748 1953 2805 eunuchum

372 2856 539 2917 atque
571 2846 847 2900 notarium
879 2843 945 2898 ad
971 2841 1276 2898 docendam
1321 2842 1471 2896 illam
1509 2840 1822 2896 Graecorum
1860 2841 1949 2895 lit-

370 2944 521 2992 teras
551 2934 717 2993 simul
754 2943 811 2991 et
840 2935 1117 3007 linguam;
1154 2933 1251 2989 sed
1292 2941 1350 2989 et
1384 2942 1445 2988 ut
1474 2932 1723 2988 erudiret
1750 2948 1871 2988 eam
1902 2940 1959 2988 ct

2067 1850 2156 1901 set
2205 1842 2264 1897 in
2321 1840 2658 1901 Thessaliam
2708 1846 2769 1897 et
2813 1839 3114 1903 Greciam,
3173 1837 3415 1910 subjecit
3465 1852 3655 1893 omnes

2065 1946 2122 1993 et
2175 1935 2499 1993 tributarios
2530 1934 2680 1991 iecit
2737 1933 2996 2004 imperio.
3049 1932 3307 1987 Introivit
3361 1940 3548 1987 autem
3600 1941 3656 1986 et

2064 2028 2125 2084 in
2154 2027 2620 2097 Peloponnesum,
2653 2033 2711 2080 et
2750 2023 2983 2079 multam
3020 2022 3402 2094 captivitatem
3434 2031 3493 2078 et
3519 2036 3655 2078 eau—

2064 2120 2183 2178 vias
2214 2119 2466 2179 Romane
2497 2116 2732 2189 imperio
2755 2116 2967 2173 attulit.

2131 2211 2296 2269 Anno
2348 2209 2570 2280 imperii
2624 2207 2978 2264 Constantini
3036 2223 3107 2263 ac
3162 2206 3419 2264 “sirenas
3458 2216 3655 2277 quarto

2062 2304 2231 2360 rediit
2275 2302 2635 2367 Stauracius,
2682 2301 2753 2356 de
2805 2316 2919 2372 quo
2980 2315 3149 2371 supra
3174 2300 3390 2356 dictum
3446 2309 3569 2363 est,
3622 2315 3655 2353 e

2063 2396 2295 2460 Sclavis,
2345 2402 2403 2450 et
2436 2393 2722 2464 triumpho
2758 2392 3136 2448 manifestavit
3159 2393 3409 2462 tropbara
3435 2392 3495 2448 in
3529 2392 3653 2462 Dig»

2061 2488 2375 2559 podromio.
2429 2485 2637 2548 Mense,
2666 2495 2851 2542 autem
2908 2485 3054 2542 Maio
3103 2486 3352 2557 ejusdem
3404 2484 3651 2556 septima

2063 2579 2394 2655 indictionis
2445 2579 2618 2635 exivit
2671 2579 2997 2650 imperatrix
3052 2578 3287 2634 Heirene
3348 2592 3461 2633 una
3525 2592 3657 2632 cum

2064 2671 2184 2727 lilio
2245 2686 2347 2727 suo
2396 2671 2719 2727 et.virtute
2776 2671 2993 2741 copiosa
3057 2670 3114 2724 in
3164 2669 3469 2730 Thracem.
3529 2669 3657 2721 cir-

2061 2762 2378 2821 cumferens
2423 2777 2630 2834 organa
2675 2773 2733 2819 et
2776 2772 2966 2824 caetera
3016 2776 3217 2832 genera
3267 2759 3654 2820 musicorum,

2052 2864 2117 2913 et
2155 2855 2256 2910 ivit
2294 2869 2471 2926 usque
2514 2856 2797 2922 Bormam,
2825 2868 2885 2912 et
2926 2854 3069 2910 hanc
3109 2852 3417 2909 mdiiicariv
3444 2851 3658 2924 iubens

2054 2947 2367 3005 nominavit
2398 2947 2837 3018 Heirenopolim.
2878 2946 3041 3003 Venit
3064 2954 3251 3000 autem
3280 2952 3343 2999 et
3369 2959 3552 3014 usque
3581 2942 3651 2997 ad

373 3028 677 3087 secundum
714 3043 896 3085 mores
927 3027 1302 3083 Romanorum
1328 3026 1568 3098 imperii.
1608 3025 1956 3083 Constructis

2063 3040 2485 3111 Philippopolim
2522 3056 2648 3098 eum
2696 3041 2845 3097 omni
2878 3041 3284 3108 securitate,et
3319 3039 3649 3106 rediit,cmn

371 3132 557 3180 autem
591 3120 861 3177 classibus
898 3120 1231 3186 numerosis,
1262 3128 1321 3175 et
1362 3119 1555 3175 electis
1583 3134 1653 3174 ex
1698 3119 1961 3175 themati-
1983 3119 2026 3137 υ
2063 3132 2474 3191 construxisset
2496 3132 2664 3191 etiam
2689 3133 3048 3189 Anchialum.

372 3214 480 3271 bus
517 3213 737 3285 populis
777 3227 841 3268 ac
880 3213 1262 3284 principibus,
1306 3210 1402 3280 qui
1446 3209 1790 3276 sitdicerem,
1828 3225 1961 3280 pro-

374 3300 548 3359 movit
577 3302 929 3359 Theodorum
964 3302 1257 3371 patricium
1289 3300 1629 3367 eunuchum,
1663 3301 1843 3355 virum
1876 3302 1962 3356 in-

377 3395 678 3460 dustrium,
700 3402 757 3448 et
777 3393 980 3447 direxit
1001 3392 1058 3446 in
1080 3378 1322 3447 Siciliam
1340 3392 1606 3448 adversus
1620 3392 1958 3463 Helpidium.

373 3486 621 3556 Cumque
676 3484 849 3543 multa
913 3485 1109 3541 fierent
1180 3485 1359 3551 bella,
1424 3485 1679 3542 vicerunt
1747 3487 1803 3542 hi
1862 3487 1957 3558 qui

371 3575 520 3632 circa
578 3574 933 3631 Theodorum
984 3585 1164 3633 erant.
1210 3576 1330 3644 Quo
1387 3578 1506 3633 viso
1544 3578 1830 3650 Helpidius
1886 3579 1958 3637 ti-

372 3666 543 3734 muit,
599 3676 657 3723 et
690 3669 926 3739 sumptis
955 3679 1227 3741 quotquot
1274 3672 1510 3728 habebat
1552 3674 1805 3744 pecuniis
1830 3690 1954 3735 cum

369 3758 685 3831 Nicephoro
710 3763 1065 3817 transmeavit
1097 3763 1154 3818 in
1170 3764 1432 3829 Africam,
1450 3773 1506 3821 et
1532 3775 1759 3838 accepto
1786 3768 1955 3823 verbo

372 3851 688 3910 securitatis
709 3853 777 3908 ad
806 3854 1017 3910 Arabes
1042 3855 1295 3924 conﬂuit;
1327 3874 1491 3928 quem
1526 3860 1605 3915 illi
1639 3872 1956 3932 susceptum

376 3952 436 3998 ut
499 3944 877 4000 Romanorum
932 3947 1324 4018 imperatorem
1380 3951 1731 4017 retinebant,
1794 3968 1955 4019 coro:

376 4046 572 4095 nantes
631 4053 759 4092 eum
833 4039 1139 4107 incassum,
1206 4052 1262 4098 et
1320 4043 1501 4099 ocreis
1553 4053 1609 4100 et
1667 4055 1956 4105 Stemmata

373 4126 690 4184 induentes.
738 4128 882 4185 Cum
931 4141 1118 4187 autem
1171 4134 1545 4190 Romanorum
1604 4136 1663 4191 in
1716 4136 1803 4193 his
1850 4154 1950 4209 po—

371 4223 535 4292 pulus
587 4230 836 4289 vacaret,
885 4224 1168 4295 egreditur
1215 4225 1357 4281 Madi
1413 4226 1557 4283 filius
1594 4228 1777 4285 Aaron
1826 4246 1954 4287 cum

370 4321 659 4383 potentatu
703 4322 761 4367 et
810 4324 1077 4383 apparatu
1124 4316 1324 4381 nimio,
1364 4327 1475 4374 tam
1520 4319 1952 4391 Maurophorum

2132 3225 2342 3281 Eodem
2396 3239 2621 3296 quoque
2668 3241 2820 3282 anno
2873 3236 2931 3282 et
2998 3224 3247 3281 Arabum
3299 3222 3409 3277 dux
3464 3217 3634 3287 Hadi,

2061 3317 2157 3385 qui
2204 3326 2261 3371 et
2310 3317 2585 3383 Maumed,
2632 3326 2884 3374 mortuus
2920 3328 3040 3381 est,
3092 3324 3152 3372 et
3197 3314 3423 3370 obtinuit
3464 3311 3667 3369 loses.

2058 3404 2211 3461 illius
2257 3407 2398 3478 ejus.
2445 3408 2619 3466 Porro
2648 3407 2829 3479 pridie
2870 3407 3245 3465 Kalendarum
3282 3392 3669 3475 Septembris!

2060 3514 2184 3553 rum
2219 3498 2467 3570 ejusdem
2509 3500 2757 3571 septima:
2784 3498 3113 3557 indictionis
3146 3498 3353 3555 Paulus
3384 3494 3652 3552 almilicus

2058 3598 2118 3645 et
2174 3590 2561 3647 sanctissimus
2633 3592 2947 3662 patriarcha
3009 3590 3323 3646 inﬁrmatus
3387 3588 3649 3642 thronum

2060 3681 2289 3751 reliquit
2354 3691 2412 3738 et
2484 3681 2828 3739 descendens
2895 3681 2966 3737 ad
3031 3680 3441 3736 monasterium
3506 3678 3654 3734 Fieri

2058 3774 2446 3830 monachicum
2476 3774 2724 3844 suscepit
2770 3774 3042 3835 habitum,
3070 3771 3306 3843 imperio
3342 3771 3654 3843 ignorante.

2057 3868 2197 3924 Cum
2240 3876 2427 3924 autem
2474 3868 2583 3924 hoc
2634 3866 2924 3927 didicisset
2969 3863 3322 3935 impcratrix,
3370 3862 3531 3917 venit
3587 3858 3654 3913 ad

2057 3976 2183 4017 eum
2223 3974 2349 4014 cum
2384 3958 2498 4016 tilio
2533 3959 2710 4015 tristis
2743 3966 2801 4013 et
2845 3958 3114 4020 clamans,
3145 3955 3277 4021 Cur,
3315 3951 3524 4023 inquit,
3562 3951 3657 4005 llos

2057 4052 2366 4121 fecisti?At
2419 4052 2512 4107 ille
2566 4066 2692 4108 cum
2733 4049 2991 4106 lamentis
3020 4047 3213 4103 multis
3265 4048 3347 4103 ait
3374 4046 3445 4101 ad
3493 4059 3651 4100 eam:

2061 4143 2278 4204 Utinam
2311 4161 2406 4198 nec
2437 4160 2676 4215 unquam
2714 4143 2965 4198 sedissem
3005 4145 3081 4215 in,
3106 4141 3394 4197 sacerdotii
3440 4143 3654 4201 throno,

2059 4235 2296 4293 Ecclesia
2347 4236 2446 4291 Dei
2492 4212 2831 4308 tyrannidem
2880 4212 3144 4308 potiente,
3191 4234 3491 4305 praesertim
3534 4249 3653 4287 cum

2058 4331 2223 4385 scissa
2253 4331 2325 4385 sit
2352 4347 2386 4386 a
2422 4322 2642 4401 reliquis
2670 4330 3058 4385 “iurantibus
3087 4327 3297 4382 sedibus
3336 4337 3388 4381 et
3430 4328 3657 4380 anothe-

371 4398 534 4472 quam
590 4401 764 4457 totius
824 4401 997 4475 Syria:
1060 4415 1117 4459 et
1178 4404 1583 4476 Mesopotamiae
1641 4419 1807 4482 atque
1854 4412 1954 4468 de-
1988 4419 2031 4479 υ
2064 4425 2361 4481 ῃιαιίεαια]
2403 4398 2546 4490 Qum.
2579 4423 2803 4478 demum
2846 4422 3051 4478 ascitos
3083 4419 3351 4491 patricios
3396 4429 3458 4475 οι
3493 4434 3653 4474 “na-

373 4492 526 4559 serti,
573 4503 630 4549 et
674 4495 827 4550 venit
868 4494 1271 4568 Chrysopolim,
1319 4497 1588 4558 derelicto
1634 4502 1859 4561 Bunuso
1887 4506 1955 4563 ad
2060 4526 2151 4577 ωε
2194 4518 2468 4587 primores
2509 4517 2661 4573 misit
2708 4516 2777 4570 ad
2821 4531 2951 4571 eum
3006 4514 3202 4570 audire
3239 4528 3368 4583 Quae
3414 4512 3487 4567 ab
3533 4512 3650 4580 ipso

308 4650 313 4657 δ
373 4587 741 4645 obsidendum
773 4588 1055 4645 Nacoliam
1085 4599 1141 4645 et
1176 4591 1602 4671 custodiendum
1635 4593 1798 4651 dorsa
1833 4612 1955 4653 sua.
2058 4608 2424 4674 dicebantur;
2465 4608 2558 4679 qui
2590 4607 2735 4663 dixit
2770 4606 2841 4661 ad
2890 4607 3014 4661 illos
3044 4623 3058 4659 :
3103 4605 3224 4661 Nisi
3256 4605 3489 4676 synodus
3522 4603 3651 4655 ani-

370 4679 517 4735 Misit
572 4692 757 4738 autem
806 4690 863 4738 et
906 4681 1185 4768 Burnicbe
1230 4684 1310 4751 in,
1333 4684 1518 4742 Asiam
1557 4702 1685 4743 cum
1728 4688 1801 4743 30
1833 4691 1958 4746 mil—
2058 4698 2279 4760 νενεαιίε
2317 4697 2437 4767 βαι,
2487 4706 2539 4752 ιε
2576 4714 2730 4752 ενι-οι-
2762 4698 2853 4767 ,με
2885 4706 2964 4752 αι
2992 4696 3048 4749 in
3078 4695 3252 4749 ,πράξει
3290 4694 3455 4749 ,κτενί
3487 4691 3644 4747 coni.

366 4772 550 4842 libus;
586 4774 682 4846 qul
716 4791 847 4831 cum
878 4775 1211 4833 debellasset
1241 4776 1804 4835 Lachanodraconem
1830 4796 1956 4851 cum
2058 4799 2239 4861 gamr,
2271 4788 2503 4845 saluum
2534 4804 2641 4843 non
2684 4788 2959 4843 habebas,
3008 4786 3079 4842 Αι
3125 4785 3206 4840 im
3248 4784 3519 4840 dixem:
3554 4784 3651 4838 ei:

372 4865 616 4923 themate
682 4868 1109 4926 Thracesiorum
1186 4870 1245 4926 iu
1314 4869 1440 4927 loco
1518 4872 1724 4943 Darino
1774 4872 1957 4940 dicto,
2062 4882 2132 4938 Et
2166 4896 2338 4952 quam
2377 4881 2763 4951 subscripsisti,
2818 4897 2939 4935 cum
2985 4881 3403 4943 consecratam,
3455 4893 3566 4931 non
3612 4888 3656 4930 te

373 4974 499 5041 eum
549 4966 605 5013 et
654 4958 757 5029 ipsi
802 4961 1026 5032 triginta
1080 4961 1255 5017 millia
1296 4972 1508 5029 essent,
1550 4965 1797 5037 quinque
1830 4968 1956 5022 mil-

372 5050 445 5107 lia
505 5051 803 5108 interfecit.
856 5053 956 5109 Ast
1005 5054 1328 5132 imperatrix
1367 5056 1534 5113 misso
1574 5057 1818 5116 Antonio
1855 5060 1961 5116 do-

374 5146 607 5201 mestico
669 5160 795 5202 cum
852 5144 1146 5201 ordinibus
1198 5147 1440 5203 obtinuit
1497 5150 1684 5219 Barin,
1722 5162 1782 5209 et
1823 5168 1960 5209 con-

374 5238 662 5296 cluserunt
705 5254 820 5296 eos.
882 5238 1141 5311 Confugit
1191 5248 1375 5296 autem
1433 5242 1502 5297 ad
1551 5260 1648 5301 eos
1705 5246 1965 5304 Tazatius

370 5330 805 5389 Bucellariomm
866 5340 1098 5405 praetor,
1156 5332 1286 5389 odio
1343 5334 1491 5406 quod
1551 5345 1745 5393 contra
1802 5338 1962 5395 Stan-

372 5423 582 5480 racium
637 5425 879 5482 habebat
919 5426 1215 5497 patricium
1268 5435 1326 5483 et
1379 5426 1717 5500 logothetam
1757 5432 1960 5500 dromi,

370 5516 690 5571 eunuchum
749 5517 1040 5594 omnibus,
1098 5517 1192 5591 qui
1249 5528 1380 5578 tunc
1430 5520 1764 5578 videbantur
1815 5539 1963 5591 esse,

373 5602 788 5669 przeminentem
823 5616 885 5663 et
929 5610 1115 5666 omnia
1163 5610 1570 5681 disponentem.
1610 5613 1679 5669 Et
1717 5614 1845 5671 dato
1881 5616 1970 5673 eis

370 5691 833 5766 consiliopaccm
876 5690 1318 5772 postulaverunt.
1360 5702 1497 5763 Cum
1537 5714 1718 5764 autem
1756 5708 1825 5766 ad
1861 5710 1966 5767 hoc

2062 4982 2497 5029 consesraturum
2531 4974 2781 5028 ἰωνιαωῖ
2814 4973 2906 5028 Ait
2939 4982 3164 5028 autem:
3211 4971 3427 5026 Etenim
3461 4971 3655 5025 idcirco

2065 5064 2309 5122 lamentis
2347 5064 2558 5137 afﬁcior
2594 5074 2644 5119 et
2675 5065 2885 5119 cucurri
2924 5065 2996 5118 ad
3040 5064 3429 5135 penitentiam,
3465 5062 3652 5133 depre-

2063 5168 2279 5215 caturus
2320 5157 2512 5223 Deum,
2559 5173 2624 5212 ne
2659 5158 2799 5210 sicut
2840 5158 3167 5211 sacerdotem
3201 5169 3285 5209 me
3312 5156 3539 5215 cruciet,
3568 5152 3654 5222 qui

2066 5249 2321 5305 tacuerint
2370 5263 2536 5319 usque
2586 5263 2727 5301 nunc
2767 5254 2818 5300 et
2856 5261 2969 5316 pne
3017 5246 3204 5299 timore
3247 5244 3451 5314 furoris
3492 5246 3653 5300 uestri

2066 5356 2170 5401 nos
2214 5339 2613 5410 praedictionis!
2654 5340 2952 5395 veritatem.
2975 5338 3046 5393 Et
3090 5337 3147 5391 in
3184 5336 3275 5392 bis
3313 5334 3651 5391 obdormivit

2066 5433 2125 5488 iu
2176 5446 2343 5501 pace,
2394 5431 2665 5487 derelicto
2714 5430 2963 5485 lameuto
3015 5428 3192 5485 multo
3246 5439 3362 5484 tam
3418 5429 3650 5499 imperis

2067 5541 2232 5596 quam
2272 5525 2381 5595 piis
2406 5536 2465 5581 et
2496 5524 2770 5596 religiosis
2799 5524 2877 5578 rei
2907 5523 3140 5594 publica
3167 5522 3304 5578 viris
3333 5540 3350 5577 :
3388 5522 3651 5579 colendus

2068 5618 2218 5681 enim
2255 5617 2344 5674 vir
2376 5628 2520 5685 erat,
2553 5628 2616 5674 et
2639 5632 2806 5688 supra
2839 5631 3154 5672 mensuram
3192 5616 3554 5682 misericors,
3589 5630 3652 5671 ae

2070 5712 2221 5769 omni
2283 5711 2591 5769 reverentia
2651 5709 2873 5781 dignus,
2940 5708 3280 5779 multamque
3333 5707 3505 5765 ﬁdem
3554 5709 3647 5763 ha~
