3978 6212
1150 322 1529 390 HISTORIA
1546 332 2121 404 ECCLESIASTICA
2156 345 2260 409 EX
2296 348 2777 420 ΤΗΕΟΡΗΑΝΕ.

3462 375 3608 439 ῒ398

2590 416 2599 417 ί
2646 416 2777 420 ~-—~
3465 416 3604 439 ιηυ

331 416 500 473 nam
552 424 662 473 tam
690 437 801 495 (res
846 426 1064 495 publica
1115 444 1279 504 quam
1336 437 1632 511 imperium
1679 462 1810 520 εἴϐει
1859 449 1925 503 ίι·
1953 456 1999 513 Δ
2026 463 2199 512 urunt
2249 460 2479 529 fundata
2517 476 2616 531 est,
2664 472 2885 527 scissam
2915 490 3056 530 nunc
3084 488 3134 531 et
3157 481 3400 547 divisam,
3430 497 3479 539 et
3511 505 3604 541 nos

331 505 447 547 Imm
525 510 603 547 li"
663 521 796 547 ιιι-η.
848 523 979 547 λων.
1027 526 1188 547 -..μμ
1244 528 1341 547 νιρΑ·
1437 541 1450 547 -
1521 535 1554 547 ..
1756 540 1769 547 -
2075 546 2080 547 ,

326 505 471 565 lum.
524 510 605 567 Ex
663 521 796 571 tunc
847 523 981 591 ergo
1023 526 1193 595 coepit
1234 528 1344 585 dici

322 1077 461 1123 stes.
496 1068 613 1125 Hoc
639 1086 862 1145 quoque
882 1090 1031 1134 anno
1054 1081 1288 1140 collecto
1317 1085 1638 1158 imperatrix
1674 1093 1910 1155 Heirene

316 1250 495 1318 Scitis,
528 1254 743 1324 fratres,
774 1261 901 1330 quid
928 1262 1107 1332 fecerit
1134 1265 1337 1325 Paulus
1387 1275 1732 1346 patriarcha;
1754 1250 1806 1335 et
1828 1281 1907 1338 si-

317 1342 533 1413 quidem
558 1347 792 1417 vixisset,
821 1367 928 1406 non
958 1356 1141 1423 utique
1165 1342 1471 1431 pateremur
1489 1368 1627 1424 hunc
1639 1342 1906 1431 dimittere

313 1441 605 1497 sacerdotii
655 1447 926 1515 thronum,
993 1447 1119 1515 licet,
1161 1460 1512 1516 monasticam
1554 1464 1792 1522 habitum
1819 1469 1904 1525 in-

314 1531 539 1586 duisset.
574 1532 712 1600 Quia
741 1552 885 1605 vero,
915 1540 1072 1598 sicuti
1086 1543 1196 1600 Deo
1226 1546 1448 1621 placuit,
1472 1552 1537 1607 de
1563 1555 1671 1611 vita
1695 1559 1902 1631 migra-

293 1615 412 1689 vit,
445 1626 816 1695 provideamus
838 1632 1123 1704 hominem,
1158 1615 1252 1709 qui
1278 1615 1442 1712 possit
1467 1663 1685 1718 poscere
1711 1615 1807 1709 no;
1836 1665 1900 1710 et

310 1712 613 1771 Ecclesium
627 1715 721 1772 Dei
736 1719 1071 1780 didascalicis
1099 1744 1413 1789 conservare
1427 1740 1775 1797 sermonibus.
1791 1743 1896 1812 Qui

1398 541 1456 588 et
1501 535 1772 608 disputari
1823 557 1906 598 su-

2024 546 2137 603 alia
2169 557 2329 622 atque
2357 554 2518 611 aliter
2545 557 2840 631 loquentes,
2866 574 2918 620 et
2965 567 3125 623 aliter
3156 586 3244 626 eos
3268 535 3602 632 Christianos

328 617 432 671 per
488 604 694 661 sanctis
743 606 1082 682 imaginibus
1133 632 1319 677 sermo
1370 623 1442 683 ab
1482 604 1745 686 omnibus
1789 648 1906 689 cum

2021 641 2113 689 aui
2143 642 2199 689 in

1896 954 1910 968 .
2013 932 2168 987 pinna
2193 930 2273 975 est
2301 926 2587 984 anathema
2616 946 2634 986 :
2664 934 2849 1003 procul
2877 954 2911 990 a
2944 937 3055 993 Deo
3078 943 3291 1009 emittit,
3320 952 3418 1000 eta
3440 962 3601 1017 regno

2014 1009 2268 1067 calorum
2295 1018 2532 1088 expellit,
2573 1022 2768 1080 ducens
2804 1029 2859 1082 in
2882 1031 3125 1087 tenebras
3157 1038 3465 1091 exteriores.
3497 1009 3604 1093 lie-

2007 1103 2105 1157 scit
2129 1103 2381 1165 Ecclesia
2407 1110 2494 1166 lex
2519 1116 2604 1170 vel
2647 1122 2905 1177 terminus
2944 1136 3149 1182 sectam
3172 1132 3281 1185 sive
3304 1137 3598 1190 contentio-

1889 1207 1905 1244 :
2011 1210 2149 1261 nem,
2205 1200 2298 1254 sed
2330 1202 2471 1259 sicut
2517 1209 2661 1263 novit
2694 1212 2936 1279 conﬁteri
2980 1233 3143 1273 unum
3199 1221 3386 1288 Deum,
3435 1241 3600 1282 unum

2007 1284 2295 1357 baptisma,
2326 1311 2490 1351 unum
2522 1298 2706 1367 fidem,
2749 1305 2826 1359 ita
2860 1315 2911 1359 et
2958 1312 3297 1368 concordiam
3340 1284 3504 1371 unum
3541 1318 3597 1372 in

2005 1380 2152 1433 omni
2202 1382 2554 1444 ecclesiastico
2597 1395 2826 1463 negotio.
2881 1396 3032 1452 Nihil
3076 1402 3217 1456 enim
3257 1414 3334 1458 est
3365 1407 3422 1460 in
3468 1423 3595 1461 con-

2002 1459 2186 1541 specta
2239 1474 2339 1531 Dei
2368 1488 2481 1533 tam
2523 1459 2800 1555 acceptum
2858 1496 3016 1557 atque
3044 1491 3307 1560 placabile
3332 1514 3493 1568 quam
3534 1510 3593 1554 ut

2002 1577 2167 1618 unum
2190 1567 2350 1623 simul
2371 1579 2419 1624 et
2442 1588 2549 1628 una
2568 1576 2822 1646 eﬁiciatur
2845 1580 3104 1637 catholica
3134 1567 3396 1655 Ecclesia,
3411 1606 3597 1660 quem-

2001 1654 2291 1714 admodum
2316 1663 2373 1716 in
2423 1666 2643 1722 sincera:
2692 1678 2889 1727 nostra:
2938 1672 3065 1749 fidei
3113 1678 3346 1748 symbolo
3369 1654 3591 1750 confite-

2002 1763 2142 1803 mur.
2168 1748 2240 1804 Et
2271 1753 2498 1823 petimus
2532 1774 2649 1825 nos,
2687 1762 2906 1830 fratres,
2948 1773 3006 1819 ut
3056 1783 3197 1830 reor,
3228 1778 3279 1823 et
3307 1788 3420 1838 vos,
3456 1748 3591 1845 quo-

1814 1809 1834 1812 _
2271 1809 2282 1823 ι
2478 1809 2490 1811 _
2534 1809 2649 1825 ,,_-,
2687 1809 2906 1830 ,-..-.-..,
2950 1809 3005 1819 ..υ
3057 1809 3197 1830 ..ιν-ν
3228 1809 3277 1823 νυ
3310 1809 3420 1838 νυν.
3456 1809 3591 1845 ιιιιυ-

311 1809 653 1871 unanimiter
696 1826 890 1871 omnes
940 1814 1205 1876 dixerunt
1250 1838 1363 1880 non
1418 1826 1538 1885 fore
1575 1831 1746 1889 alium
1785 1836 1893 1893 nisi
1922 1825 1972 1886 Β
2001 1839 2147 1895 niam
2170 1843 2277 1897 scio
2305 1846 2548 1902 timorem
2572 1867 2663 1908 vos
2688 1850 2788 1907 Dei
2808 1854 3021 1925 habere,
3058 1876 3091 1912 a
3129 1862 3381 1932 piissimis
3406 1874 3454 1919 et
3501 1884 3591 1923 or-

311 1896 605 1932 T°,..:..m
650 1917 678 1932 ,ι
717 1904 945 1932 ,ΛΑ-ΑΗ..
1013 1908 1069 1932 Δ.
1117 1910 1201 1932 2η-
1242 1929 1253 1932 Α
1315 1914 1373 1932 η.
1628 1923 1640 1932 ·
1750 1925 1808 1932 ---

310 2354 412 2412 Dei
434 2368 554 2413 sunt
573 2361 913 2449 aemulatores
941 2364 1147 2435 ﬁdeles,
1177 2354 1523 2449 imperatores
1556 2354 1743 2453 nostri,
1766 2400 1894 2446 tan-

309 2463 475 2519 quam
503 2449 739 2535 omnium
766 2457 823 2510 in
844 2446 1233 2531 beneplacitum
1256 2446 1376 2534 ejus
1396 2480 1446 2525 et
1474 2474 1532 2528 in
1555 2446 1891 2540 commodum

313 2547 555 2596 nostrum
581 2532 768 2600 curam
793 2546 1066 2618 facientes,
1092 2562 1141 2607 et
1197 2561 1430 2614 maxime
1459 2578 1600 2618 nunc
1643 2568 1892 2635 ecclesia-

278 2632 445 2688 ‘stica
470 2637 678 2706 negotia
708 2637 990 2709 diligenter
1010 2650 1060 2695 et
1084 2643 1307 2699 sollicite
1347 2652 1761 2726 considerantes,
1785 2632 1890 2732 quo

308 2740 545 2781 summus
567 2729 814 2783 sacerdos
841 2731 897 2784 in
916 2732 1016 2787 hac
1054 2734 1200 2806 regia
1233 2739 1362 2795 urbe
1386 2758 1487 2801 sua
1518 2729 1886 2821 constituerer,

307 2817 370 2871 in
420 2834 532 2873 suis
573 2820 784 2898 pietatis
823 2839 906 2878 me
952 2828 1195 2884 animum
1253 2848 1671 2908 assumpserunt,
1730 2817 1787 2901 et
1828 2817 1888 2903 ut

278 2908 594 2978 “manifeste
612 2895 739 2966 mihi
766 2912 1030 2970 diceretur
1053 2920 1195 2990 quod
1224 2895 1490 2999 consilidti
1530 2895 1670 2985 sunt,
1686 2950 1886 3005 prlece-

301 3008 527 3071 perunt.
553 2997 786 3074 Cumque
807 3007 876 3061 ad
903 3007 999 3062 hoc
1040 3026 1124 3069 me
1170 3013 1447 3084 indignum
1487 3036 1599 3077 esse
1643 2997 1884 3095 pronun-

303 3092 503 3145 tiarem
553 3101 605 3146 et
659 3097 863 3152 nullum
889 3116 1201 3163 consensum
1246 3108 1519 3181 efﬁcerem,
1548 3092 1728 3188 utpote
1790 3125 1884 3194 qui

292 3182 491 3254 jugum
515 3185 676 3258 hujus
704 3194 930 3253 sarcina:
956 3205 1172 3267 portare
1194 3200 1276 3257 uel
1299 3205 1521 3278 sufferre
1535 3182 1639 3267 non
1653 3182 1878 3284 possein,

292 3274 570 3344 jusserunt
620 3298 705 3335 me
745 3284 938 3342 adduci
980 3299 1106 3344 ante
1152 3274 1666 3375 faciemqvestram;
1690 3322 1788 3376 pro
1819 3274 1881 3365 eo

301 3368 444 3438 quod
468 3369 626 3442 hujus
651 3375 857 3431 consilii
887 3382 1163 3438 unanimes
1198 3394 1250 3439 et
1275 3368 1702 3460 comprobatur-ei
1713 3398 1876 3469 effecti

300 3461 440 3541 sitis.
486 3462 559 3519 Et
592 3482 749 3536 nunc,
801 3487 832 3524 o
874 3473 997 3538 viri,
1042 3477 1133 3546 qui
1176 3476 1349 3539 Deum
1383 3482 1575 3541 timetis
1603 3495 1654 3542 et
1676 3461 1883 3561 semper

301 3556 442 3615 hunc
465 3558 521 3612 in
546 3561 785 3618 cordibus
809 3567 995 3621 vestris
1022 3568 1244 3637 habetis,
1290 3575 1484 3646 quique
1512 3576 1709 3636 Christi
1730 3556 1882 3639 .4...

298 3648 463 3714 tione,
484 3652 595 3706 veri
609 3652 845 3710 videlicet
868 3656 966 3711 Dei
992 3662 1176 3725 nostri,
1196 3666 1551 3725 nominamini
1571 3669 1879 3741 Christiani,

296 3742 413 3809 aio,
438 3745 619 3800 audite
646 3748 816 3807 brevis
853 3755 1111 3809 sermonis
1144 3755 1209 3810 ab
1260 3761 1544 3831 exiguitate
1579 3780 1642 3819 ac
1668 3767 1884 3822 humili-

297 3842 417 3890 tate
434 3846 616 3893 nostra
654 3841 938 3901 rationem.
971 3844 1088 3917 Ego
1118 3850 1328 3919 quidem
1357 3853 1612 3925 quidquid
1642 3858 1746 3931 piis
1780 3859 1882 3913 im-

294 3927 632 3994 peratoribus
663 3932 860 3986 nostris
880 3940 931 3986 et
963 3951 1059 4005 per
1085 3940 1266 3994 omnia
1319 3943 1622 4011 orthodoxis
1642 3927 1881 4020 respon-

294 4013 493 4083 derim,
524 4028 573 4073 et
602 4021 658 4076 in
678 4033 953 4095 conspectu
984 4038 1154 4083 vestro
1186 4034 1441 4089 orationis
1476 4053 1606 4092 meae
1633 4013 1881 4112 analogia

299 4109 675 4180 respondeam,
705 4114 893 4170 timore
921 4117 1191 4190 deprimor
1219 4123 1289 4178 ad
1314 4128 1745 4186 consentiendum
1762 4109 1882 4191 huic

291 4198 561 4269 electioni,
594 4210 644 4258 et
674 4220 856 4262 vereor
880 4224 914 4262 a
944 4209 1082 4281 facie
1118 4210 1210 4267 Dei
1228 4230 1445 4272 currere
1482 4218 1662 4276 taliter
1682 4230 1734 4278 et
1748 4240 1882 4297 quo-

294 4289 585 4347 modolibet
613 4295 1100 4369 incircumspectus,
1155 4311 1213 4357 ut
1265 4321 1368 4359 non
1402 4309 1626 4366 terribili
1655 4289 1884 4371 damna-

293 4384 435 4438 tioni
461 4386 819 4444 succumbam.
849 4387 907 4446 Si
940 4393 1077 4447 enim
1120 4394 1332 4452 divinus
1365 4397 1567 4458 Paulus
1587 4407 1878 4476 apostolus,

2003 1932 2242 1989 thodoxis
2265 1936 2671 2009 imperatoribus
2706 1949 2901 2003 nostris
2937 1952 3201 2022 synodum
3231 1957 3589 2017 uniuersalem

2001 2023 2200 2096 colligi,
2251 2038 2309 2082 ut
2370 2031 2657 2101 efficiamur
2715 2054 2829 2106 nos,
2884 2042 2976 2113 qui
3024 2045 3180 2100 unius
3230 2046 3333 2103 Dei
3381 2067 3585 2114 sumus.

1999 2130 2186 2181 unum,
2209 2126 2259 2172 et
2286 2122 2377 2191 qui
2406 2121 2681 2201 Trinitatis
2725 2128 2952 2187 cultores
2993 2136 3315 2206 exsistimus,
3348 2143 3484 2196 uniti
3541 2156 3589 2200 et

1996 2210 2276 2266 unanimes
2300 2224 2350 2270 et
2387 2214 2621 2290 collegia,
2651 2230 2699 2274 et
2736 2224 2826 2291 qui
2850 2227 3039 2296 capitis
3065 2232 3234 2285 nostri
3263 2231 3459 2289 Christi
3493 2252 3584 2290 su-

1978 2300 2134 2364 ‘mus,
2165 2302 2453 2372 efﬁciamur
2479 2326 2667 2381 corpus
2693 2329 2855 2370 unum
2877 2306 3207 2389 compactum
3250 2332 3409 2395 atque
3459 2342 3587 2382 con-

1995 2407 2212 2460 nexum,
2252 2405 2302 2450 et
2326 2400 2416 2469 qui
2434 2404 2606 2456 sancti
2638 2402 2868 2476 Spiritus
2904 2425 3107 2475 sumus,
3143 2416 3433 2484 efficiamur
3478 2436 3585 2475 non

1995 2493 2183 2541 contra
2213 2488 2456 2558 invicem,
2488 2494 2581 2548 sed
2608 2513 2704 2565 pro
2730 2498 2969 2567 invicem,
3000 2512 3051 2556 et
3074 2507 3163 2575 qui
3183 2509 3420 2565 veritatis
3449 2513 3587 2569 exsi-

1990 2578 2199 2644 stimus,
2228 2582 2517 2651 efficiamur
2540 2586 2596 2639 id
2623 2587 2792 2658 ipsum
2815 2592 3079 2661 sapientes
3121 2606 3281 2669 atque
3316 2600 3569 2671 dicentes,

1991 2677 2042 2723 et
2067 2685 2173 2724 non
2216 2673 2286 2726 sit
2316 2674 2371 2728 in
2422 2676 2569 2730 nobis
2603 2687 2871 2735 certamen
2930 2683 3038 2738 sive
3066 2686 3341 2750 dissensio.
3390 2700 3448 2745 ut
3470 2709 3579 2759 pax

1988 2759 2107 2828 Dei,
2166 2780 2285 2835 qua:
2344 2779 2629 2837 exsuperat
2668 2788 2876 2827 omnem
2918 2792 3152 2845 sensum,
3228 2782 3433 2836 muniat
3485 2800 3578 2839 nos

1987 2868 2189 2908 omnes.
2217 2853 2289 2909 Et
2313 2856 2569 2928 siquidem
2594 2860 2853 2930 jusserint
2893 2866 3217 2922 orthodoxiat
3265 2888 3574 2944 propugna-

1987 2950 2147 3009 tores,
2175 2946 2523 3017 imperatores
2550 2951 2785 3007 videlicet
2807 2957 2995 3023 nostri,
3043 2959 3390 3028 postulationi
3452 2981 3583 3020 mea:

1984 3051 2240 3102 annuere,
2267 3041 2537 3094 consentio
2560 3050 2609 3095 et
2646 3059 2760 3115 ego.
2782 3042 2879 3101 Sin
2914 3057 3116 3116 autem,
3147 3053 3464 3122 impossibile
3498 3051 3578 3115 es‘

1983 3127 2113 3182 mihi
2129 3129 2224 3183 hoc
2249 3129 2444 3199 facere,
2476 3149 2541 3187 ne
2569 3135 2824 3206 subjiciar
2854 3142 3185 3201 anathemati
3235 3154 3285 3198 et
3324 3146 3568 3205 inveniar

1982 3219 2361 3276 condemnatus
2382 3225 2440 3278 in
2458 3224 2544 3278 die
2576 3224 2792 3284 Domini
2821 3214 2990 3285 nostri
3019 3240 3067 3286 et
3082 3233 3313 3303 justitice
3348 3237 3573 3301 Judicis,

1979 3310 2067 3365 ubi
2094 3326 2258 3381 neque
2276 3313 2585 3385 imperator,
2612 3332 2780 3388 neque
2805 3322 3069 3389 sacerdos,
3105 3342 3272 3396 neque
3290 3330 3576 3399 principes.

1982 3418 2147 3476 neque
2205 3405 2476 3462 hominum
2532 3409 2815 3466 multitudo
2849 3417 3037 3483 poterit
3104 3420 3309 3491 eripere
3356 3438 3457 3479 me.
3504 3422 3575 3478 Et

1981 3497 2238 3572 quidquid
2273 3497 2534 3570 placuerit
2566 3504 2735 3570 vobis,
2755 3505 2974 3576 fratres,
3011 3509 3135 3565 date
3164 3512 3422 3584 apologiat
3447 3532 3576 3572 mea:

1980 3591 2080 3657 vel,
2116 3600 2175 3646 ut
2200 3593 2386 3650 melius
2413 3597 2607 3662 dicam,
2631 3601 2867 3668 petitioni
2900 3620 3030 3659 mea:
3051 3608 3363 3664 assentionis
3383 3618 3569 3667 vestrie

1983 3698 2319 3752 responsum.
2345 3685 2413 3740 Et
2438 3684 2678 3743 libenter
2723 3692 3023 3749 audierunt
3055 3709 3251 3751 omnes
3277 3686 3399 3767 qua).
3422 3698 3571 3757 dicta

1982 3782 2133 3840 sunt,
2159 3789 2489 3832 consensum
2527 3780 2841 3849 prebentes
2883 3791 2946 3837 ut
2989 3785 3436 3860 ﬁeretsynodus.
3498 3791 3569 3845 At

1982 3880 2117 3921 vero
2152 3865 2411 3927 Tarasius
2441 3884 2637 3927 rursus
2663 3872 2732 3927 ad
2780 3874 3051 3945 populum
3096 3877 3390 3949 disputans
3443 3881 3523 3936 ait
3555 3900 3568 3934 :

1984 3958 2088 4015 Leo
2115 3960 2408 4031 imperator
2428 3965 2683 4020 subvertit
2707 3967 3004 4040 imagines;
3024 3979 3075 4024 et
3098 3972 3319 4041 quando
3337 3974 3571 4043 synodus

1984 4050 2127 4119 facta
2171 4062 2270 4114 est,
2312 4053 2586 4115 subserses
2617 4054 2747 4113 illas
2800 4060 3020 4114 invenit.
3070 4061 3140 4116 Et
3163 4070 3380 4134 propter
3428 4066 3572 4135 quod

1982 4140 2329 4212 imperatoria
2350 4160 2513 4199 manu
2542 4146 2805 4203 subversat
2823 4157 2972 4213 sunt,
2998 4150 3196 4205 iterum
3224 4154 3571 4223 quaestionem

1982 4231 2138 4286 habet
2164 4233 2304 4288 idem
2329 4234 2642 4305 capitulum.
2670 4239 2925 4307 quoniam
2973 4242 3251 4310 antiquam
3282 4252 3564 4300 consuetu-

1980 4321 2159 4379 dinem
2209 4323 2271 4380 in
2314 4325 2552 4383 Ecclesia
2608 4330 2867 4386 traditam
2914 4344 3390 4406 prasumpserunt,
3430 4337 3565 4390 sicut

1981 4415 2057 4469 eis
2113 4416 2317 4472 libitum
2374 4418 2496 4489 fuit,
2548 4423 2926 4481 exterminare.
2969 4424 3075 4482 Sed
3125 4429 3320 4483 veritas
3350 4428 3471 4496 Dei,
3505 4439 3565 4485 ut

289 4478 388 4547 qui
421 4477 519 4533 Dei
540 4497 684 4537 voces
706 4486 909 4541 audivit
931 4488 1223 4563 caelumque
1257 4494 1440 4551 habuit
1468 4499 1710 4556 erudiens
1748 4519 1805 4558 se
1828 4512 1878 4557 et
1911 4514 1954 4572 1)
1981 4508 2267 4570 apostolice
2290 4477 2556 4579 dicamus,
2579 4530 2685 4568 non
2716 4525 2795 4570 est
2812 4477 3059 4589 alligata.

287 4568 542 4638 paradisi
554 4572 816 4642 inspector
840 4579 1047 4648 effectus
1071 4591 1148 4636 est
1179 4584 1481 4653 audivitque
1496 4606 1703 4646 arcana
1718 4594 1875 4650 verba

287 4669 348 4715 et
399 4667 631 4732 portavit
656 4685 846 4725 nomen
902 4671 1002 4729 Dei
1041 4691 1225 4731 coram
1276 4681 1519 4750 gentibus
1546 4693 1598 4739 et
1642 4688 1874 4757 regibus,

286 4752 484 4809 dixit:
522 4774 541 4808 ι
575 4755 654 4813 Ne
673 4760 828 4830 forte,
863 4780 983 4818 cum
1029 4765 1152 4824 aliis
1192 4770 1614 4840 pradicaverim,
1661 4752 1775 4848 ipse
1794 4752 1877 4834 re-

248 4828 492 4914 'probus
525 4828 740 4934 efficiar,
776 4856 1097 4925 iquomodo
1138 4828 1253 4930 ego,
1305 4862 1395 4934 qui
1432 4864 1489 4919 in
1529 4828 1878 4927 mundocori—

282 4929 618 4996 versatus‘et
655 4959 775 4998 cum
798 4944 950 5002 laicis
999 4962 1410 5011 connumeratus
1436 4958 1492 5011 in
1518 4959 1878 5031 imperatoriis

278 5027 849 5091 administrationibus
904 5030 1149 5109 militavi,
1184 5046 1259 5101 sic
1315 5047 1509 5119 absque
1558 5027 1878 5115 indicatione

279 5128 461 5192 atque
485 5124 945 5199 circumspectione
972 5148 1184 5203 possum
1220 5137 1426 5194 insilire
1488 5142 1560 5196 ad
1599 5148 1882 5204 sacerdotii

279 5214 741 5284 magnitudinem,
778 5220 1099 5281 horrendum
1136 5242 1395 5286 conamen
1425 5232 1495 5286 ad
1532 5236 1876 5305 exiguitatem

281 5322 493 5375 meam,
539 5318 589 5364 et
637 5317 981 5389 temerarium
1012 5319 1244 5376 studium
1266 5321 1293 5378 ?
1315 5322 1490 5381 Causa
1523 5343 1644 5382 vero
1672 5330 1877 5386 timoris

275 5402 345 5451 et
377 5390 727 5466 refutationis~
759 5421 889 5461 mea:
935 5407 1045 5462 [nec
1081 5419 1157 5463 est
1176 5426 1196 5465 :
1237 5414 1436 5484 aspicio
1477 5416 1617 5471 enim
1647 5425 1698 5473 et
1725 5420 1873 5475 video

277 5486 615 5561 Ecclesium,
638 5511 755 5563 qua:
770 5513 933 5570 supra
961 5508 1169 5569 petram
1192 5501 1454 5560 Christum
1476 5505 1762 5565 Dominum
1777 5527 1877 5567 no-

2046 4598 2239 4669 ltsque
2282 4609 2477 4660 octavo
2535 4604 2805 4661 Kalendas
2840 4606 3131 4665 Ianuarias
3181 4619 3388 4667 octavae
3417 4611 3564 4668 indi-

1982 4689 2188 4749 ctionis
2212 4705 2573 4752 consecratus
2596 4706 2685 4753 est
2711 4698 2889 4754 almus
2908 4699 3073 4756 Pater
3094 4711 3285 4759 noster
3305 4703 3566 4762 Tarasius

1975 4782 2291 4854 patriarcha
2342 4785 3019 4859 Constantinopolitanae;
3066 4795 3163 4865 qui
3225 4796 3413 4853 missis
3447 4798 3562 4854 Ro-

1975 4890 2123 4935 mam
2154 4878 2436 4949 synodicis
2467 4879 2585 4936 suis
2602 4888 2661 4937 et
2677 4881 2867 4939 libello
2893 4883 3024 4941 ﬁdei
3054 4900 3169 4943 sua
3196 4899 3458 4960 receptus
3471 4900 3561 4949 est

1977 4969 2053 5025 ab
2097 4970 2376 5028 Hadriano
2428 4987 2589 5043 papa.
2649 4973 2873 5033 Mittens
2927 4985 3111 5035 autem
3140 4989 3200 5061 et
3227 4983 3555 5055 insperati-ix

1976 5059 2142 5129 petiit
2195 5068 2257 5115 ut
2303 5060 2549 5119 mitteret
2602 5062 2842 5128 litteras.
2872 5081 3002 5124 suas
3048 5078 3109 5126 et
3132 5059 3409 5143 homines,
3444 5089 3558 5143 quo

1977 5150 2367 5208 invenirentur
2397 5154 2455 5209 in
2485 5155 2733 5226 synodo;
2784 5158 2881 5228 qui
2914 5160 3121 5218 direxit
3144 5163 3371 5223 Petrum
3400 5163 3554 5220 vice-

1979 5241 2265 5299 dominum
2298 5242 2410 5314 (88)
2438 5242 2699 5307 Ecclesia:
2725 5262 2861 5314 suae,
2913 5258 2971 5305 et
3026 5250 3251 5306 Petrum
3279 5251 3555 5321 [legume-

1979 5348 2113 5390 num
2150 5332 2207 5387 S.
2239 5332 2418 5396 Salue,
2470 5334 2623 5392 viros
2654 5336 3008 5395 honorabiles
3065 5354 3131 5395 ac
3163 5341 3315 5399 omni
3347 5340 3553 5397 virtute

1983 5423 2298 5480 adornatos.
2330 5422 2479 5481 Misit
2509 5435 2696 5487 autem
2744 5436 2802 5483 et
2833 5428 3180 5485 Antiochiam
3231 5438 3288 5493 et
3318 5431 3553 5487 Alexan-

1983 5515 2161 5573 driam
2207 5521 2316 5570 tam
2372 5515 2695 5588 imperatrix
2737 5534 2903 5590 quam
2957 5520 3324 5589 patriarcha:
3371 5520 3571 5582 adhuc

1870 5628 2054 5684 OTIE.

1390 5660 1393 5661 ,
1870 5628 1888 5678 ί
2036 5666 2054 5684 .
2556 5652 2557 5659 χ

365 5698 482 5796 (ξε)
527 5701 930 5796 Yicetlpm‘inui
947 5719 1033 5766 est
1076 5728 1419 5771 mcenomus.
1458 5714 1520 5771 V.
1564 5625 1865 5788 Rusone:
1888 5626 2217 5777 gafardum
2250 5719 2319 5776 ad
2361 5718 2723 5780 Concordiam
2747 5726 3058 5796 regularum
3083 5743 3133 5783 c.
3160 5727 3253 5794 28,
3280 5728 3368 5785 cui
3407 5730 3549 5788 adde

272 5770 659 5832 Flodoardum
696 5776 747 5845 Ι,
781 5778 867 5835 l7.
889 5778 1046 5838 ann.
