3978 6212
495 283 636 347 i399

1594 286 1996 348 ANASTASII
2042 288 2670 352 BIBLIOTIIECARII

3617 297 3716 362 lllltl

487 413 729 466 namque
765 412 889 467 pax,
919 412 1041 466 qua:
1063 394 1208 452 facta
1242 394 1422 451 fuerat
1450 412 1574 452 cum
1623 398 1923 460 Arabibus.
1955 414 2068 454 non
2097 405 2143 460 Λ
2172 415 2411 470 persona
2457 410 2725 458 venerant
2759 418 2868 458 non
2913 401 3223 471 dimiserat,
3275 405 3376 461 sed
3404 416 3626 466 retentos
3657 429 3718 470 se-

489 498 610 546 erat
635 491 837 546 soluta.
865 491 930 544 Et
958 487 1239 546 duxerunt
1267 489 1645 548 ab'Antiochia
1665 493 2074 565 quidemloan-

491 599 617 639 nem
667 595 927 652 magnum
991 589 1160 652 atque
1217 581 1512 644 famosum.
1573 584 1751 639 verbo
1777 567 1844 640 ἐι
1907 599 2075 655 opere

489 674 798 731 sanctitatis
826 673 1173 744 participem,
1205 674 1300 744 qui
1333 684 1391 729 et
1423 676 1702 747 syncellus
1740 677 2073 734 Antiocheni

490 765 825 835 patriarchae
853 764 979 830 fuit,
1014 773 1072 820 et
1103 764 1372 820 Thomam
1405 767 1862 834 Alexandrinum,
1883 769 2072 840 ;virum

493 860 794 914 zelatorem
855 866 913 914 et
958 857 1460 930 religiosissimum,
1525 861 1620 930 qui
1669 870 1727 916 et
1782 861 2077 918 Thessalo-

488 950 630 1006 nicae
678 965 888 1020 magnae
947 949 1211 1016 civitatis,
1243 966 1367 1020 qua:
1397 960 1484 1006 est
1532 951 1589 1006 in
1621 951 1860 1023 lllyrico,
1895 953 2075 1009 factus

492 1043 953 1113 archiepiscopus
983 1042 1248 1098 emeruit.
1287 1043 1504 1098 Interea
1563 1053 1782 1100 mortuo
1815 1044 1964 1100 Mose
2017 1044 2078 1100 fit

490 1135 737 1192 Arabum
797 1133 909 1189 dux
943 1133 1115 1191 frater
1154 1135 1278 1205 ejus
1325 1135 1531 1201 Aaron,
1567 1135 1662 1206 qui
1697 1136 1879 1191 tribus
1908 1145 1964 1192 et
1990 1136 2073 1192 vi-

494 1227 652 1283 cenis
675 1226 760 1283 eis
789 1226 1012 1298 praefuit
1039 1225 1202 1282 annis
1234 1234 1291 1282 et
1325 1226 1496 1281 multa
1548 1227 1692 1282 mala
1743 1227 2077 1284 Christianis

495 1318 760 1377 ostendit.

564 1457 723 1512 Anno
769 1457 985 1529 imperii
1039 1457 1123 1514 sui
1164 1467 1320 1516 sexto
1372 1459 1656 1517 mittentes
1711 1461 2075 1531 imperatores

495 1557 947 1605 convocaverunt
983 1564 1199 1615 omnes,
1231 1550 1328 1621 qui
1374 1550 1477 1606 sub
1503 1565 1697 1606 eorum
1738 1559 1897 1606 erant
1929 1560 2082 1620 pote-

495 1649 660 1711 state,
721 1643 1022 1711 antistites,
1071 1643 1528 1714 pervenientibus
1575 1659 1796 1714 quoque
1832 1659 1861 1698 a
1909 1643 2079 1698 Roma

497 1737 844 1794 transmissis
872 1737 940 1793 ab
964 1736 1244 1792 lladriano
1265 1735 1624 1807 papalitteris
1655 1744 1712 1791 et
1738 1735 2079 1802 hominibus,
2111 1751 2157 1811 Β

495 1837 558 1883 ιιι
604 1829 986 1899 przediximus,
1009 1837 1066 1885 et
1089 1828 1159 1884 ab
1202 1828 1493 1884 Antiochia
1517 1838 1572 1885 et
1609 1828 1957 1884 Alexandria.
2017 1827 2085 1883 Et

413 1923 422 1932 ‘
493 1917 731 1989 septimo
759 1917 887 1974 ldus
923 1919 1200 1988 Augustas
1228 1932 1388 1972 nona:
1421 1915 1742 1972 indictionis
1777 1916 2086 1988 praesidem:

496 2021 582 2066 tes
612 2011 666 2066 in
705 2014 912 2081 templo
933 2009 1263 2065 Sanctorum
1293 2009 1682 2079 Apostolorum
1709 2008 1854 2079 apud
1879 2008 2084 2080 regiam

496 2100 692 2157 urbem
713 2115 931 2172 erepere
959 2108 1180 2157 sanctas
1207 2099 1524 2171 Scripturas
1556 2100 1822 2172 relegere,
1853 2110 1908 2156 et
1939 2100 2085 2172 obji-

495 2208 623 2249 cere
677 2192 938 2260 invicem,
997 2191 1429 2263 imperatoribus
1468 2207 1534 2248 ac
1554 2192 1970 2248 catechumenis
2004 2191 2087 2248 in.

493 2285 884 2357 spicientihus.
926 2287 1026 2341 Ast
1055 2285 1296 2357 populus
1335 2284 1742 2341 scholariorum
1774 2294 1830 2340 et
1855 2285 2089 2341 excubi-

495 2361 654 2434 tuum
688 2390 853 2452 atque
889 2379 1151 2436 ordinum
1185 2388 1512 2436 caeterorum
1539 2379 1781 2436 accusati
1819 2396 1847 2435 a
1877 2379 2088 2451 princi-

495 2469 662 2540 pibus
721 2472 860 2538 suis,
889 2486 1015 2528 cum
1066 2470 1344 2526 haberent
1381 2470 1566 2526 adhuc
1592 2479 1650 2527 et
1706 2471 2087 2542 magisterium

497 2578 720 2635 quoque
767 2577 1005 2634 nequam
1063 2561 1312 2618 doctoris
1373 2563 1482 2631 sui,
1534 2563 1831 2622 denudatis
1890 2565 2088 2637 gladiis

497 2653 791 2710 irrucrunt
826 2651 884 2707 in
915 2668 1035 2721 eos,
1078 2652 1400 2708 minitantes
1432 2653 1768 2711 mortificare
1799 2665 1908 2711 tam
1938 2672 2086 2713 sum-

497 2761 651 2802 mum
693 2745 1035 2802 sacerdotem
1084 2759 1250 2816 quam
1282 2745 1625 2802 orthodoxos
1675 2747 1974 2817 episcopos
2029 2757 2088 2804 et

498 2839 749 2895 abbates.
778 2838 1016 2910 Imperio
1043 2854 1174 2896 vero
1197 2854 1298 2910 per
1319 2825 1644 2894 asSistentes
1663 2838 1768 2894 sibi
1787 2837 2089 2896 familiares

499 2931 755 2986 homines
785 2930 887 2985 hos
924 2929 1116 2986 sedare
1136 2928 1352 2986 nitente
1373 2943 1486 2984 non
1515 2928 1935 3000 acquieverunt,
1954 2931 2088 3002 quin

498 3024 688 3096 potius
715 3023 1210 3096 exprobraverunt.
1244 3021 1383 3079 Cum
1406 3030 1592 3078 autem
1625 3021 1941 3094 patriarcha
1963 3039 2089 3080 sur-

499 3115 738 3172 rexisset
788 3124 845 3171 et
893 3115 1136 3170 tribunal
1179 3129 1305 3170 cum
1361 3113 1644 3185 episcopis
1688 3121 1746 3172 et
1801 3113 2160 3172 monachisc

501 3210 701 3265 luisset
761 3209 1066 3280 ingressus,
1119 3207 1175 3262 hi
1227 3207 1326 3278 qui
1383 3207 1608 3278 maligni
1661 3222 1858 3263 sensus
1891 3223 2087 3264 eorum

501 3309 663 3356 erant
709 3297 958 3368 episcopi
994 3297 1252 3370 exigi-unt
1306 3295 1377 3350 ad
1408 3311 1528 3363 eos,
1572 3295 1873 3351 clamantes
1906 3306 2077 3367 atque

502 3390 795 3445 dicentes:
831 3388 1081 3444 Vicimus.
1121 3387 1191 3442 Et
1215 3386 1388 3459 gratia
1416 3385 1514 3442 Dei
1545 3385 1755 3442 nemini
1776 3398 2091 3445 nocuerunt

503 3480 701 3536 furiosi
736 3479 816 3535 illi
841 3488 898 3535 et
921 3477 1230 3534 inhumani.
1256 3473 1325 3534 Et
1357 3478 1544 3535 taliter
1581 3476 1850 3535 dissoluta
1875 3480 2089 3554 synodo

505 3571 646 3629 abiit
675 3570 1054 3642 unusquisque
1085 3569 1153 3626 ad
1194 3569 1440 3642 propria.

577 3709 736 3765 Anno
758 3706 974 3779 imperii
1001 3704 1087 3762 sui
1110 3705 1344 3776 septimo
1385 3704 1556 3762 misso
1589 3704 1832 3762 Heirene
1854 3705 2090 3764 Staura-

503 3803 597 3861 cio
638 3800 874 3873 patricio
918 3808 976 3856 et
1004 3799 1282 3871 logotheta
1319 3798 1376 3854 in
1405 3798 1704 3867 Thracem,
1733 3815 1928 3856 mense
1982 3799 2086 3856 Se-

504 3892 806 3965 ptembrio,
858 3890 1016 3949 initio
1067 3889 1654 3956 decimaeindictionis,
1704 3889 1774 3946 ad
1825 3891 2088 3946 ulteriora

507 3985 772 4048 themata,
797 3981 1073 4054 persuasit
1096 3981 1181 4038 eis
1211 3981 1320 4038 sibi
1361 3980 1651 4053 cooperari
1695 3989 1754 4038 et
1807 3980 2087 4052 depellere

505 4078 577 4134 ab
609 4077 748 4134 urbe
770 4075 1000 4147 impium
1035 4075 1506 4146 populum,quem
1539 4074 1916 4145 nequissimus
1941 4075 2086 4132 Con-

503 4171 786 4227 stantinus
817 4171 1154 4227 instruxerat
1179 4177 1238 4224 et
1255 4166 1558 4223 erudierat.
1581 4165 1651 4221 Et
1677 4181 1804 4221 cum
1832 4180 1892 4222 se
1913 4165 2084 4238 ﬁnge»

505 4273 593 4321 ret
640 4264 789 4335 quod
844 4265 1150 4319 exercitum
1206 4270 1426 4317 motura
1473 4269 1623 4317 esset
1672 4261 1730 4315 in
1775 4259 2086 4317 Orientales

505 4363 712 4426 partes,
732 4369 800 4410 eo
823 4353 970 4424 quod
987 4352 1199 4408 Arabes
1224 4351 1461 4406 fuissent
1487 4349 1719 4420 egressi,
1747 4348 1885 4406 exiit
1904 4349 2085 4404 omnis

505 4447 691 4519 regius
747 4453 1048 4518 apparatus
1098 4453 1267 4514 atque
1337 4441 1582 4521 supellex
1631 4455 1808 4511 usque
1853 4441 1922 4496 ad
1968 4440 2086 4495 Ha-

506 4543 684 4615 lagma
704 4561 721 4613 ;
741 4555 800 4600 et
825 4543 1177 4600 introeuntes
1205 4541 1262 4598 bi
1292 4541 1388 4612 qui
1406 4539 1744 4596 exteriorum
1776 4539 2084 4594 thematum

505 4647 667 4692 erant
718 4645 1020 4693 tenuerunt
1075 4635 1292 4691 urbem.
1353 4632 1576 4688 Mittens
1629 4641 1815 4686 autem
1853 4629 1922 4685 ad
1965 4630 2090 4686 illos

505 4728 780 4798 significat
832 4728 916 4784 eis
974 4726 1211 4783 dicens:
1265 4725 1458 4781 Mittite
1491 4723 1618 4778 mihi
1654 4737 1810 4776 arma
1863 4729 2036 4776 vestra
2069 4737 2089 4777 :

504 4837 636 4890 opus
675 4822 821 4876 enim
854 4822 996 4876 vobis
1019 4820 1204 4875 habeo.
1248 4818 1320 4873 At
1363 4817 1446 4873 illi
1484 4816 1637 4873 stulti
1666 4814 1931 4872 divinitus
1959 4814 2090 4871 facti

507 4913 786 4969 dederunt
813 4930 898 4970 ea.
959 4913 1120 4970 Tunc
1171 4911 1358 4968 missis
1379 4910 1601 4966 familiis
1622 4924 1814 4966 eorum
1840 4907 1895 4962 in
1921 4923 2090 4964 naves

505 5003 729 5060 exsules
753 5019 851 5059 eos
881 5004 1066 5059 emisit
1090 5004 1159 5059 ab
1190 5004 1351 5069 urbe,
1386 5002 1441 5057 in
1486 5001 1762 5074 propriam
1812 5001 2090 5072 regionem

507 5109 968 5166 unumquemque
1020 5094 1221 5166 jubens
1295 5094 1452 5150 abire
1479 5133 1494 5158 ,
1528 5094 1584 5149 in
1623 5108 1729 5163 qua
1765 5100 1820 5147 et
1873 5091 2092 5162 genitus

508 5200 676 5247 esset.
708 5188 775 5245 Et
799 5204 923 5246 cum
948 5187 1172 5243 fecisset
1195 5186 1498 5243 exercitum
1540 5186 1826 5257 proprium
1855 5195 1911 5239 et
1945 5184 2093 5254 prin-

506 5286 667 5357 'cipes
693 5283 800 5342 sibi
854 5284 1324 5356 obtemperantes,
1360 5280 1478 5351 ipsa
1515 5295 1704 5336 mense
1729 5279 1868 5333 Maio
1891 5279 2091 5333 iterum

510 5379 740 5434 mittens
787 5393 888 5448 per
909 5391 1130 5433 omnem
1186 5375 1368 5431 locum
1422 5371 1746 5428 convocavit
1781 5369 2089 5440 episcopos,

513 5487 626 5538 quo
656 5471 914 5526 venirent
942 5471 996 5526 in
1031 5468 1398 5525 Nicaeensium
1429 5465 1708 5521 civitatem
1739 5460 2006 5532 Bithyniae
2024 5459 2093 5514 ad

515 5559 867 5615 efﬁciendum
901 5561 1012 5615 illic
1037 5561 1352 5616 concilium.
1378 5559 1447 5614 Et
1490 5572 1589 5628 per
1626 5563 1798 5609 totum
1840 5552 2092 5608 aestivum

518 5654 738 5716 tempus
790 5653 1108 5721 congregati
1167 5661 1298 5708 sunt
1355 5666 1548 5706 omnes
1613 5645 1757 5717 apud
1814 5645 2092 5709 Nicaeam,

519 5738 790 5810 siquidem
814 5759 909 5798 eos
938 5743 1032 5812 qui
1054 5761 1119 5799 ex
1147 5746 1404 5803 Romana:
1455 5742 1602 5799 sedis
1643 5749 1695 5796 et
1731 5738 2092 5797 Orientalium

2183 506 2310 546 cum
2339 491 2598 550 habebat.

2253 586 2411 640 Anno
2445 586 2664 657 imperii
2683 585 2931 643 lleirenaa
2960 597 3016 644 et
3045 586 3401 647 Constantini
3431 604 3606 650 octavo
3619 596 3722 654 exiit

2178 677 2442 734 Tarasius
2463 679 2848 735 sanctissimus
2878 681 3340 753 archiepiscopus
3370 683 3716 746 Constantino-

2175 767 2368 838 poleos
2412 767 2467 822 in
2501 768 2864 826 Niemensium
2893 769 3198 839 civitatem,
3261 787 3319 829 ct
3369 777 3620 835 celebrata
3658 784 3726 839 est

2181 866 2371 914 sancta
2393 868 2451 914 et
2475 859 2808 917 universalis
2832 862 3071 932 septima
3100 865 3351 936 synodus
3367 868 3726 941 episcoporum,

2179 959 2238 1006 et
2261 951 2471 1022 recepit
2492 953 2765 1008 catholica
2821 954 3067 1011 Ecclesia
3098 958 3350 1028 priscum
3384 975 3724 1020 ornamentum

2179 1056 2364 1108 suum,
2416 1042 2493 1098 nil
2553 1059 2760 1100 novum
2819 1046 3152 1116 przedicans,
3217 1050 3316 1106 sed
3371 1062 3656 1111 sanctorum
3680 1067 3728 1114 et

2178 1133 2472 1190 beatorum
2512 1135 2743 1191 Patrum
2767 1135 3023 1208 dogmata
3065 1139 3294 1196 immota
3336 1144 3643 1213 custodiens,
3678 1159 3727 1206 et

2180 1241 2383 1281 novam
2414 1225 2669 1283 haeresim
2695 1228 2984 1298 abdicans,
3013 1241 3236 1302 tresque
3261 1233 3418 1292 falsos
3440 1239 3724 1296 nominatos

2181 1314 2524 1385 patriarchas
2573 1317 3070 1388 anathematizans,
3106 1322 3432 1381 Anastasium
3458 1327 3714 1391 videlicet.

2178 1407 2607 1464 Constantinum
2654 1419 2711 1466 et
2757 1409 3030 1478 Nicetam,
3067 1422 3233 1486 atque
3255 1431 3432 1473 omnes
3451 1430 3710 1474 consenta-

2181 1513 2319 1555 neos
2343 1515 2563 1556 eorum.
2609 1501 2773 1558 Facta
2821 1515 2907 1559 est
2937 1518 3131 1562 autem
3165 1507 3342 1578 prima
3370 1512 3632 1567 conventio
3661 1528 3721 1569 ac

2181 1592 2358 1648 sessio
2379 1592 2765 1665 episcoporum
2793 1594 2849 1650 in
2894 1596 3135 1652 ecclesia
3159 1599 3428 1655 catholica
3458 1600 3512 1655 S.
3536 1600 3727 1671 Sophia:

2183 1685 2416 1742 Nicaznze
2446 1685 2686 1742 civitatis
2716 1687 2911 1758 quinto
2943 1688 3072 1745 ldus
3118 1689 3409 1748 Octobrias
3451 1691 3730 1750 indictionis

2188 1776 2515 1833 undecimze.
2578 1777 2645 1834 Et
2694 1778 3032 1836 Novembrio
3108 1796 3300 1838 mense
3357 1783 3577 1855 ingressi
3623 1794 3735 1840 sunt

2188 1883 2384 1926 omnes
2409 1870 2614 1942 regiam
2644 1871 2861 1938 urbem,
2887 1879 2943 1928 et
2968 1873 3396 1944 prtesidentibus
3418 1871 3739 1948 imperatori-

2189 1961 2295 2018 bus
2328 1977 2437 2018 una
2473 1978 2600 2019 cum
2629 1963 2908 2035 episcopis
2957 1965 3014 2020 in
3041 1965 3337 2038 Magnaura
3363 1968 3532 2024 lectus
3563 1979 3638 2024 est
3662 1981 3738 2024 to-

2188 2063 2413 2120 mus,ct
2463 2055 2795 2127 subscripsit
2848 2066 2958 2112 tam
3022 2055 3329 2130 imperator
3372 2075 3528 2131 quam
3580 2070 3742 2116 mater

2187 2142 2329 2222 ejus,
2387 2142 2671 2201 firmantes
2737 2144 3001 2216 pietatem
3055 2148 3361 2204 secundum
3404 2150 3623 2221 antiqua
3658 2151 3742 2206 do-

2189 2246 2394 2309 gmata,
2455 2253 2626 2310 opera
2682 2239 3032 2297 sacerdotum
3084 2242 3306 2310 honori,
3355 2253 3412 2299 et
3440 2242 3744 2300 dimiserunt

2189 2343 2306 2394 eos,
2336 2337 2394 2384 et
2438 2343 2570 2400 pace
2628 2330 2804 2400 potita
2861 2340 2950 2386 est
2977 2329 3223 2388 Ecclesia
3276 2334 3396 2398 Dei,
3455 2349 3743 2406 quanquam

2193 2421 2455 2478 inimicus
2510 2422 2719 2478 zizania
2776 2423 2832 2479 in
2887 2424 3440 2496 operationibussuis
3496 2429 3747 2483 seminare

2190 2528 2303 2569 non
2331 2521 2531 2570 cesset.
2581 2512 2689 2570 Sed
2731 2512 2979 2570 Ecclesia
3023 2515 3121 2572 Dei
3174 2531 3389 2589 semper
3444 2517 3749 2589 impugnata

2192 2605 2519 2676 triumphat.

2264 2695 2424 2752 Anno
2455 2695 2674 2768 imperii
2706 2697 2793 2754 sui
2815 2713 2960 2756 nono
2986 2695 3213 2756 Heirene
3255 2699 3598 2770 imperatrix,
3627 2717 3761 2772 pace

2193 2786 2372 2843 soluta
2405 2787 2647 2846 faciendi
2701 2805 2828 2847 cum
2854 2791 3068 2847 Francis
3107 2791 3375 2863 nuptiales
3406 2801 3756 2859 contractus,

2192 2880 2398 2937 direxit
2447 2881 2847 2954 Theophanem
2896 2884 3392 2956 protospatharium
3423 2892 3485 2940 et
3541 2883 3760 2940 abduxit

2191 2975 2433 3045 puellam
2455 2989 2521 3030 ex
2551 2975 2894 3031 Armeniacis
2925 2976 3148 3031 nomine
3182 2974 3415 3031 Mariam
3463 2973 3534 3031 ab
3558 2977 3756 3040 Amnia,

2193 3078 2251 3126 et
2277 3068 2463 3141 junxit
2495 3083 2617 3124 eam
2647 3067 3015 3125 Constantino
3068 3067 3391 3140 imperatori
3416 3077 3474 3124 et
3505 3066 3616 3146 filio
3645 3083 3756 3132 suo,

2192 3175 2321 3218 cum
2372 3162 2492 3232 ipse
2541 3162 2778 3216 multum
2825 3162 3146 3218 tristaretur
3205 3170 3263 3218 et
3303 3162 3492 3229 nollet,
3546 3170 3758 3232 praptcr

2192 3255 2454 3311 affectum
2480 3269 2590 3326 quo
2621 3269 2752 3327 erga
2786 3254 2968 3312 Caroli
3026 3254 3198 3310 filiam
3247 3253 3570 3310 Francorum
3617 3252 3758 3324 regis

2191 3346 2477 3419 ﬂagrabat,
2527 3362 2693 3418 quam
2737 3347 2953 3404 scilicet
2984 3356 3148 3404 antea
3201 3347 3631 3420 desponsaverat.
3681 3346 3744 3401 Et

2192 3446 2723 3495 consummaverunt
2780 3439 3003 3510 nuptias
3051 3441 3172 3512 ejus
3221 3455 3414 3498 mense
3442 3437 3760 3495 Novembris

2192 3533 2514 3590 indictionis
2532 3531 2896 3589 duodecimae.
2927 3533 3143 3590 interea
3172 3533 3417 3589 Heirene
3453 3533 3598 3588 misit
3612 3531 3766 3588 Joan-

2189 3639 2315 3680 nem
2348 3623 2710 3680 Sacellarium
2758 3632 2815 3680 et
2848 3624 3185 3696 logothetam
3230 3625 3285 3679 in
3314 3621 3766 3696 Longobardiam,

2191 3733 2299 3773 una
2338 3731 2464 3773 cum
2519 3716 2810 3772 Theodoto
2864 3716 3073 3772 dudum
3130 3733 3260 3788 rege
3311 3717 3548 3789 majoris
3570 3715 3768 3785 Longo-

2190 3809 2418 3876 bardiaz,
2468 3809 2536 3866 ad
2559 3809 2827 3864 ultionem
2876 3809 3247 3873 inferendam,
3271 3808 3329 3864 si
3356 3819 3568 3880 posset.
3603 3807 3657 3862 in
3679 3805 3765 3862 Ca-

2191 3902 2372 3957 rolum
2395 3909 2452 3956 et
2481 3899 2748 3971 quosdam
2778 3899 3168 3955 subducendos
3199 3898 3269 3954 ab
3330 3900 3450 3955 illo.
3478 3897 3765 3954 Descende-

2190 4002 2325 4048 runt
2341 4007 2472 4062 ergo
2487 4007 2613 4047 cum
2635 3990 2930 4046 Theodoro
2949 3990 3181 4062 patricio
3210 3999 3266 4046 et
3283 3999 3538 4062 pratore
3570 3988 3767 4053 Siciiiaa,

2187 4099 2244 4146 et
2266 4089 2404 4144 inito
2432 4088 2578 4144 bello
2596 4095 2781 4144 tentus
2803 4102 2833 4141 a
2852 4086 3075 4142 Francis
3102 4101 3287 4142 amare
3319 4096 3650 4158 peremptus
3680 4095 3768 4141 est.

2258 4182 2418 4237 Anno
2438 4178 2652 4251 imperii
2666 4179 2906 4234 Heircne
2929 4177 3360 4236 etConstantini
3385 4179 3607 4235 decimo
3625 4179 3772 4234 movit

2190 4273 2443 4330 diabolus
2467 4272 2642 4327 livore
2677 4272 2901 4343 pietatis
2937 4272 3351 4343 imperatorum
3384 4272 3666 4337 homines,
3695 4270 3774 4341 qui

2189 4364 2595 4436 instigaverunt
2623 4371 2856 4418 matrem
2881 4361 3151 4418 adversus
3173 4362 3358 4418 lilium
3386 4372 3446 4418 et
3481 4363 3653 4419 tilium
3686 4359 3772 4414 ad-

2120 4465 2162 4520 υ
2191 4470 2387 4511 versus
2408 4463 2640 4508 matrem
2669 4471 2683 4507 :
2706 4452 3201 4509 inﬂexeruntenim
3218 4469 3356 4509 eam
3378 4455 3546 4527 quasi
3572 4471 3635 4512 ex
3655 4469 3776 4524 prae-

2191 4546 2536 4618 signantibus
2551 4545 2736 4600 futura
2754 4545 3164 4622 cognitionibus
3185 4547 3525 4613 certiﬂcati,
3542 4561 3776 4602 a~sercn-

2191 4649 2275 4695 tes
2321 4639 2373 4695 ei
2405 4637 2563 4694 :Non
2587 4646 2662 4693 est
2707 4638 3140 4709 prwdestiuatum
3163 4637 3316 4708 apud
3350 4637 3534 4695 Deum
3585 4635 3777 4693 tenendi

2188 4729 2363 4799 ﬁlium
2396 4738 2544 4784 tuum
2584 4729 2884 4800 imperium.
2912 4728 3005 4782 sed
3045 4737 3194 4782 tuum
3221 4736 3301 4783 est
3337 4749 3375 4785 α
3410 4731 3528 4786 Deo
3583 4731 3670 4784 tibi
3693 4730 3776 4781 dae

2191 4829 2324 4876 tum.
2347 4820 2414 4875 At
2438 4819 2529 4875 illa
2549 4826 2611 4874 ut
2628 4821 2831 4874 mulier
2851 4819 3100 4884 seducta,
3133 4822 3464 4890 przesertim
3492 4837 3620 4878 cum
3642 4834 3776 4876 amo-

2191 4929 2307 4969 rem
2341 4927 2559 4983 quoque
2586 4911 2930 4983 principatus
2964 4911 3214 4976 haberet,
3249 4914 3513 4970 credidit
3543 4915 3618 4969 ita
3655 4926 3774 4972 esse,

2190 5012 2246 5060 et
2281 5019 2390 5058 non
2427 5002 2750 5074 recogitavit
2791 5001 2940 5074 quod
2991 5002 3096 5074 ipsi
3147 5002 3417 5060 volentes
3473 5006 3777 5078 dispensare

2191 5111 2281 5151 res
2304 5095 2359 5150 id
2417 5094 2522 5150 sub
2546 5093 2836 5150 occasione
2865 5095 3296 5165 praetenderent.
3328 5096 3494 5168 Ergo
3541 5114 3666 5154 cum
3695 5098 3776 5150 im-

2192 5197 2416 5259 perator
2445 5189 2554 5260 jam
2586 5187 2779 5259 viginti
2827 5198 2975 5243 esset
3039 5204 3312 5244 annorum
3393 5191 3592 5248 factus
3633 5199 3776 5260 atque

2193 5279 2454 5335 robustus
2498 5277 2796 5334 admodum
2838 5260 2895 5334 et
2949 5277 3204 5345 idoneus,
3248 5279 3499 5336 videbat
3560 5298 3621 5338 se
3657 5279 3774 5336 nihil

2193 5367 2486 5438 potestatis
2516 5376 2819 5439 gerentem,
2854 5373 2911 5421 ct
2942 5367 3290 5432 tristabatur,
3328 5369 3581 5425 intuens
3607 5385 3638 5425 e
3665 5383 3771 5424 eon-

2196 5461 2368 5516 trario
2393 5461 2744 5516 Stauracium
2773 5460 3066 5531 patricium
3098 5471 3154 5516 et
3193 5461 3562 5532 logotbetam
3615 5460 3773 5517 omnia

2193 5553 2496 5625 possidere,
2531 5570 2834 5625 omnesque
2863 5555 2930 5609 ad
2967 5555 3121 5608 illum
3163 5554 3512 5625 procedere,
3543 5565 3601 5612 et
3623 5554 3770 5610 nemi-

2197 5660 2318 5700 nem
2341 5644 2408 5698 ad
2439 5659 2498 5700 se
2531 5644 2884 5715 frequentare
2917 5643 3144 5699 audere.
3177 5643 3334 5697 Tunc
3372 5648 3632 5701 consilio
3660 5645 3770 5699 inito

2199 5752 2320 5793 cum
2376 5736 2748 5794 familiaribus
2811 5736 3104 5809 perpaucis
3150 5735 3491 5793 hominibus
3545 5739 3674 5802 suis,
3725 5748 3771 5791 Ct
