3960 6228
302 327 435 394 1401

1091 310 1460 383 HISTORIA
1485 313 2060 378 ECCLESIASTICA
2084 312 2190 374 EX
2214 310 2699 374 ΤΗΕΟΡΗΑΝΕ.

3424 296 3569 365 ιιοξ

301 446 466 500 Petro
499 435 820 507 magistratu
845 439 902 487 et
932 429 1228 486 Theodoro
1253 427 1491 500 patricio
1531 436 1587 483 et
1614 424 1881 481 Damiano
1907 420 1960 481 Α
1983 445 2274 511 versuti”,
2295 445 2574 515 quomodo
2594 458 2694 514 per
2722 440 2892 496 mum
2915 437 3102 495 stude,
3119 443 3441 507 argumenta
3471 450 3570 506 ge.

299 547 457 603 aeque
498 526 754 600 patricio,
803 523 1039 578 ﬁrmavit
1061 537 1172 592 quo
1205 519 1706 591 comprehenderet
1747 529 1876 571 eum

299 635 357 681 et
395 622 643 679 exsulem
682 618 738 672 in
769 616 1013 673 Siciliam
1035 613 1362 678 destinaret,
1390 613 1619 682 ipseque
1669 614 1881 663 teneret

303 712 599 786 imperium
633 725 759 764 cum
787 716 962 762 matre
987 720 1106 761 sua.
1139 703 1314 758 Porro
1363 700 1560 772 quinto
1588 697 1717 753 Idus
1777 697 1882 752 Fe-

303 805 559 864 bruarias
604 802 787 857 factus
829 807 915 854 est
951 797 1238 852 horribilis
1273 806 1436 850 terra:
1477 799 1683 854 motus,
1723 789 1797 844 ita
1821 795 1883 844 ut

303 917 414 957 non
443 897 678 954 auderet
711 892 1002 964 quisquam
1037 890 1185 945 domi
1243 884 1508 950 dormire,
1565 882 1659 939 sed
1691 895 1884 936 omnes

308 997 360 1052 in
389 991 568 1050 hortis
593 999 649 1046 et
677 987 782 1044 sub
814 985 906 1041 dio
936 981 1308 1042 tabernaculis
1345 977 1506 1034 factis
1542 987 1599 1032 et
1629 971 1885 1031 tentoriis

306 1084 552 1146 extensis
607 1079 905 1151 degebant.
936 1077 1039 1132 Ast
1086 1071 1411 1143 impcratrix
1449 1084 1558 1124 una
1607 1082 1734 1122 cum
1769 1064 1886 1120 tilio

306 1197 408 1238 suo
446 1189 664 1246 egressa
695 1181 779 1228 est
807 1169 874 1225 ad
909 1169 968 1226 S.
998 1168 1253 1223 Mamam.
1277 1162 1414 1219 Cum
1441 1169 1624 1215 autem
1653 1157 1885 1214 Staura-

309 1273 396 1328 cio
451 1267 705 1325 nuntiata
760 1261 955 1317 fuisset
1014 1256 1336 1329 prmsignata
1386 1268 1474 1308 res
1501 1291 1516 1314 .
1578 1257 1890 1307 commovet

312 1365 612 1434 Augustam
668 1365 864 1412 contra
922 1352 1093 1406 [ilium
1126 1367 1141 1417 ;
1171 1364 1292 1420 quae
1323 1345 1758 1417 comprehensos
1787 1344 1888 1397 bo-

313 1433 492 1508 mines
551 1443 903 1518 imperatoris
953 1455 1149 1496 omnes
1178 1437 1381 1495 cecidit
1412 1447 1578 1507 atque
1628 1433 1888 1499 totondit,

316 1562 426 1601 una
457 1558 585 1600 cum
624 1539 837 1596 Joanne
893 1533 1342 1608 protospathario
1375 1539 1432 1586 et
1463 1529 1650 1600 baiulo
1694 1529 1890 1598 ipsius,

313 1648 371 1694 et
410 1635 605 1692 exsilio
654 1631 917 1701 relegavit
945 1630 1000 1682 in
1045 1625 1409 1681 inferioribus
1432 1621 1685 1692 partibus
1717 1633 1894 1690 usque

314 1733 369 1788 in
397 1728 664 1790 Siciliam,
691 1726 917 1780 Petrum
951 1736 1086 1777 vero
1124 1719 1506 1790 magistratum
1558 1714 1892 1770 dehonesta-

315 1821 563 1878 tionibus
591 1817 928 1873 submittens
958 1813 1014 1867 in
1053 1812 1219 1867 domo
1243 1825 1342 1865 sua
1373 1808 1568 1864 sedere
1604 1806 1888 1877 praecepit,

316 1911 570 1968 similiter
618 1917 676 1962 et
709 1903 1071 1959 Theodorum
1095 1899 1414 1971 patricium.
1463 1898 1636 1952 Porro
1675 1896 1893 1952 Damia-

317 2019 449 2059 num
480 1998 779 2072 patricium
800 2011 1001 2051 caesum
1034 2003 1091 2049 et
1116 2001 1335 2048 tonsum
1368 1991 1424 2045 in
1455 1998 1696 2046 castrum
1725 1990 1896 2060 Apol-

318 2093 594 2151 loniadem
639 2090 884 2145 exsulem
924 2087 1042 2142 fore
1072 2085 1380 2144 constituit.
1430 2082 1752 2137 Percutiens
1794 2096 1895 2135 au-

323 2198 433 2243 tem
459 2193 513 2242 et
550 2183 722 2239 illium
753 2179 1128 2249 conviciisque
1157 2177 1346 2232 multis
1369 2177 1646 2230 lacessens
1685 2174 1799 2244 egit
1827 2188 1897 2228 ne

319 2277 642 2352 procederet
702 2289 800 2345 per
847 2272 969 2328 dies
1034 2284 1144 2324 non
1190 2283 1415 2338 paucos.
1456 2266 1640 2336 C(Bpit
1712 2275 1898 2320 autem

321 2367 717 2443 adiuramentis
751 2363 1077 2420 submittere
1112 2359 1347 2432 [iurare]
1391 2358 1642 2413 militiam
1670 2359 1780 2428 iam
1817 2357 1902 2412 di-

321 2473 564 2527 centem,
599 2460 727 2532 quia
761 2458 1064 2526 Quousque
1092 2464 1148 2510 tu
1186 2453 1349 2519 vivis,
1371 2467 1483 2506 non
1517 2452 1902 2520 permittemus

323 2556 596 2626 imperare
626 2552 799 2613 lilium
837 2559 1015 2604 tuum.
1046 2547 1116 2601 Et
1159 2545 1417 2616 iurabant
1443 2557 1639 2597 omnes
1664 2542 1766 2606 sic,
1803 2557 1901 2596 ne-

323 2649 472 2704 mine
531 2642 911 2701 contradicere
966 2653 1135 2708 super
1197 2636 1304 2691 hoc
1365 2633 1625 2689 audente.
1689 2633 1904 2687 interea

323 2740 514 2796 classis
547 2735 786 2791 Arabum
810 2733 864 2788 in
910 2732 1150 2803 Cyprum
1204 2727 1394 2783 exivit.
1446 2724 1604 2792 Quod
1660 2739 1906 2794 praecog-

323 2846 561 2888 noscens
598 2825 921 2897 imperatrix
958 2819 1304 2879 coacervavit
1342 2828 1401 2875 et
1424 2818 1542 2889 ipsa
1582 2818 1768 2872 omnia
1797 2817 1908 2871 Βοι-

323 2939 488 2978 mana
534 2918 774 2989 navigia,
819 2925 875 2971 et
923 2913 1075 2969 misit
1116 2912 1382 2966 adversus
1409 2926 1526 2965 eos.
1556 2909 1691 2964 Cum
1723 2920 1908 2964 autem

325 3029 504 3085 usque
554 3013 703 3084 Myra
744 3017 981 3078 uterque
1031 3012 1234 3075 praetor
1280 3001 1557 3065 venisset,
1625 3001 1849 3055 divertit
1881 3016 1911 3055 a

1979 553 2085 592 nus
2114 537 2398 592 hominum
2424 536 2657 607 perdere
2675 536 2687 590 ι
2706 533 2808 601 Qui
2833 533 2978 588 enim
2997 541 3124 587 ante
3141 528 3452 600 quindecim
3471 543 3574 583 an-

1981 641 2082 683 nos
2108 627 2337 682 terribili
2350 626 2713 699 jurejurando
2734 625 3062 696 iuraverunt
3089 627 3145 676 ct
3172 619 3312 674 facta
3337 618 3575 688 prOprite

1983 734 2180 774 manus
2220 719 2428 789 scripta
2469 719 2526 772 in
2586 725 2778 773 sancto
2805 712 3068 770 tribunali
3104 709 3562 771 recondiderunt,

1985 809 2192 865 iterum
2220 809 2485 881 iurabant
2512 823 2570 862 se
2601 822 2631 861 a
2657 806 2774 860 ﬁlio
2805 805 2932 876 eius
2969 818 3081 857 non
3135 797 3488 870 imperandos
3519 797 3576 851 in

1988 900 2101 954 vita
2129 898 2323 971 ipsius,
2347 906 2403 953 et
2432 911 2626 951 rursus
2660 895 2766 951 hoc
2798 888 3065 949 oblivioni
3088 890 3372 946 tradentes
3417 885 3566 942 Con-

1987 993 2291 1050 stantinum
2322 991 2711 1060 imperatorem
2753 987 2912 1042 bona:
2938 985 3097 1040 famae
3142 982 3403 1038 laudibus
3425 979 3564 1034 elle—

1991 1085 2208 1148 rebant,
2257 1098 2369 1138 non
2402 1055 2816 1152 perpendentes
2845 1076 3038 1132 miseri
3074 1073 3228 1145 quod
3263 1055 3580 1140 non.opor-

1991 1185 2102 1232 teat
2129 1175 2471 1246 reciprocum
2495 1172 2614 1228 ﬁeri
2632 1173 3033 1244 iuramentum.
3079 1165 3393 1222 Necessitas
3413 1162 3566 1217 enim

1991 1268 2264 1327 incumbit
2294 1276 2355 1324 ut
2399 1278 2623 1322 omnem
2657 1265 2995 1334 reciprocam
3022 1257 3358 1332 iurationem
3385 1251 3503 1325 peri
3517 1266 3580 1305 u-

1992 1362 2135 1417 rium
2171 1359 2566 1428 subsequatur.
2596 1355 2910 1427 Periurium
2937 1361 3121 1407 autem
3157 1358 3242 1405 est
3281 1345 3575 1415 abnegatio

1993 1454 2112 1512 Dei.
2143 1453 2368 1510 Collecti
2403 1459 2586 1505 autem
2610 1446 2874 1504 Octobrio
2902 1458 3090 1499 mense
3115 1440 3344 1496 decimae
3367 1443 3579 1507 quarta:

1995 1547 2315 1606 indictionis
2335 1545 2387 1599 hi
2411 1543 2508 1614 qui
2533 1557 2600 1597 ex
2620 1539 2959 1596 thematihus
2989 1544 3147 1591 erant
3168 1531 3311 1604 apud
3330 1531 3580 1589 Att-0am,

1995 1641 2579 1712 exquisieruntomnes
2607 1630 2886 1687 communi
2916 1619 3581 1684 consilioConstantinum

1929 1763 1973 1820 Β
2001 1737 2411 1805 imperatorem,
2445 1727 2768 1783 vicesimum
2800 1731 3052 1794 agentem
3096 1731 3323 1773 annum.
3355 1713 3584 1767 'l'imens

2001 1802 2183 1880 autem
2222 1820 2459 1876 ileirene
2503 1817 2771 1887 impetum
2826 1811 3015 1883 populi
3056 1807 3293 1864 absolvit
3337 1819 3487 1860 eum.
3513 1802 3586 1856 At

2002 1915 2083 1970 illi
2125 1913 2274 1967 hunc
2298 1909 2525 1980 quidem
2561 1906 2952 1975 imperatorem
3007 1898 3439 1958 aiiirmaverunt,
3474 1891 3584 1947 ltu-

1998 2009 2089 2080 ius
2111 2016 2295 2060 autem
2355 2010 2588 2056 matrem
2637 2000 2993 2066 respuerunt.
3053 1981 3322 2045 Praeterea
3371 1983 3580 2039 direxit

2002 2098 2258 2170 protinus
2314 2093 2616 2163 imperator
2645 2086 2969 2142 Michaelcm
3023 2078 3586 2137 Lachanodraconem

2003 2169 2061 2247 et
2090 2189 2357 2246 Joannem
2381 2184 2630 2250 baiulum
2671 2195 2832 2235 suum
2858 2192 2922 2232 ac
2947 2169 3488 2246 protospatharium,
3527 2176 3584 2220 et

2002 2279 2330 2356 iuramentis
2355 2275 2733 2333 submiserunt
2745 2267 3123 2328 Armeniacos,
3145 2278 3213 2318 ne
3237 2260 3591 2330 susciperent

2008 2375 2302 2432 Ileirenem
2361 2376 2590 2422 matrem
2617 2377 2773 2419 suam
2831 2356 3261 2430 imperatricem.
3333 2349 3588 2406 Alexium

2008 2480 2141 2521 vero
2171 2457 2518 2518 conﬁrmavit
2550 2455 2607 2510 itt
2638 2461 2928 2524 praetorem
2952 2461 3136 2504 suum.
3171 2445 3240 2500 Et
3267 2457 3395 2498 cum
3439 2438 3590 2495 redi-

2012 2555 2145 2611 isset
2191 2553 2496 2622 imperator
2527 2547 2582 2601 in
2616 2544 2812 2598 urbem
2856 2555 3046 2594 "tense
3098 2533 3452 2596 Decembrio,
3481 2545 3592 2584 ca:-

2011 2659 2131 2698 sum
2162 2651 2219 2696 et
2251 2619 2474 2694 tonsum
2503 2633 2849 2691 Stauracium
2879 2629 3124 2684 exsulem
3159 2624 3290 2679 fecit
3321 2620 3466 2692 apud
3490 2619 3596 2674 Ar-

2014 2733 2396 2790 meniacorum
2445 2729 2626 2783 thema
2655 2723 2724 2778 ad
2779 2718 3212 2777 satisfactionem
3259 2727 3475 2770 eorum.
3530 2709 3592 2764 ln

2016 2825 2277 2882 exsilium
2323 2817 2690 2876 nihilominus
2716 2821 2772 2868 et
2802 2811 3021 2867 Aetium
3074 2805 3246 2870 misit,
3297 2802 3598 2875 spadonem

2015 2910 2526 2989 protospatharium
2557 2915 2614 2962 et
2643 2905 2899 2960 intimum
2925 2902 3068 2971 eius,
3099 2908 3156 2953 et
3180 2910 3373 2952 omnes
3405 2893 3598 2948 dome-

2018 3006 2186 3062 sticos
2222 3003 2396 3072 ipsius
2433 2998 2727 3068 spadones.
2761 2994 2916 3048 llanc
2938 2999 3120 3046 autem
3166 3003 3292 3042 cum
3330 2985 3602 3040 suavitate

325 3076 708 3182 promontorio
763 3076 1322 3161 Chelidoniorum,et
1372 3093 1653 3165 ingressus
1717 3101 1804 3148 est
1850 3091 1907 3147 in

2013 3113 2114 3157 sua
2137 3105 2192 3152 et
2225 3091 2505 3149 allluentia
2535 3087 2737 3143 locavit
2769 3087 2821 3140 in
2847 3081 3055 3155 palatio
3085 3077 3420 3142 Eleutherii,
3452 3076 3601 3144 quod

325 3193 543 3259 Attaliae
571 3198 776 3256 sinum.
816 3193 887 3248 At
913 3206 1046 3247 vero
1077 3189 1288 3244 Arabes
1328 3187 1462 3242 moti
1486 3201 1517 3242 a
1551 3185 1750 3258 Cypro,
1774 3200 1900 3240 cum

328 3294 596 3352 serenitas
621 3305 718 3346 eos
756 3287 1012 3357 cepisset,
1033 3280 1570 3339 circumferebantur
1593 3280 1649 3334 in
1675 3277 1890 3348 pelago.

328 3385 577 3454 Cumque
617 3388 779 3436 terrae
819 3373 1056 3447 proximi
1090 3380 1434 3437 tenerentur,
1488 3370 1748 3426 viderunt
1807 3383 1904 3424 eos

329 3485 615 3548 praetores,
651 3481 707 3527 et
733 3469 852 3526 acie
877 3467 1086 3522 directa
1111 3465 1404 3536 praeparati
1430 3471 1557 3521 sunt
1583 3462 1651 3519 ad
1686 3463 1904 3518 bellan-

332 3571 486 3626 dum.
533 3562 876 3634 Theophilus
940 3569 1122 3615 autem
1147 3557 1652 3630 Cibyrrhmotorum
1681 3563 1904 3626 praetor,

333 3673 460 3714 cum
497 3654 584 3708 vir
608 3659 756 3708 esset
779 3648 1042 3704 robustus
1070 3655 1236 3716 atque
1284 3646 1642 3711 fortissimus,
1668 3645 1802 3698 ilsus
1849 3649 1908 3697 et

338 3757 470 3806 ante
529 3757 721 3800 omnes
747 3753 1003 3811 egressus
1034 3745 1221 3793 tentus
1248 3747 1334 3791 est
1382 3734 1452 3790 ab
1487 3736 1570 3791 eis
1601 3733 1734 3804 ;qui
1783 3747 1908 3788 cum

338 3843 538 3898 ductus
564 3836 632 3894 ad
663 3837 845 3890 Aaron
877 3831 1073 3887 fuisset
1114 3829 1184 3885 ab
1207 3843 1274 3886 eo
1309 3825 1604 3892 videndus,
1646 3825 1914 3881 adhorta-

339 3943 432 3991 tus
463 3941 547 3988 est
593 3935 655 3985 ut
689 3924 942 3998 proditor
971 3922 1128 3978 ﬁeret
1159 3927 1216 3977 et
1249 3918 1571 3989 temporalia
1601 3918 1746 3973 dona
1789 3931 1914 3972 sus-

340 4026 568 4096 ciperet.
586 4018 690 4087 Qui
712 4031 838 4072 cum
853 4013 961 4069 hoc
981 4011 1299 4068 nullatenus
1313 4008 1645 4071 admisisset,
1673 4021 1771 4077 per
1799 4021 1916 4060 am-

339 4115 595 4188 pliusque
609 4115 837 4167 coactus
850 4118 1194 4177 nequaquam
1215 4101 1489 4167 cessisset,
1504 4098 1667 4170 gladii
1681 4097 1920 4154 animad-

341 4207 652 4264 versionem
677 4202 956 4259 sustinens
982 4207 1192 4269 martyr
1238 4194 1482 4266 optimus
1524 4201 1605 4248 est
1639 4199 1918 4247 ostensus.

411 4299 600 4356 Mundi
643 4310 789 4352 anno
849 4290 989 4349 6285
1021 4331 1037 4357 ,
1101 4289 1304 4344 divinae
1369 4282 1768 4342 incarnationis
1824 4297 1924 4337 an-

344 4408 418 4448 no
442 4391 569 4456 783,
623 4401 767 4443 anno
841 4399 976 4439 vero
1047 4379 1264 4451 imperii
1323 4375 1670 4434 Constantini
1740 4372 1923 4444 primo

2004 3190 2122 3262 ipsa
2177 3185 2583 3248 :ediiieaverat,
2619 3179 2677 3234 in
2715 3190 2826 3248 quo
2875 3175 3044 3231 etiam
3093 3169 3358 3242 pecunias
3402 3167 3604 3222 multas

2003 3278 2392 3339 absconderat.

2080 3374 2311 3431 Factum
2348 3383 2481 3425 vero
2515 3373 2602 3422 est
2655 3363 2850 3419 eodem
2907 3375 3098 3416 mense
3132 3355 3475 3418 incendium,
3532 3360 3591 3406 et

2006 3473 2419 3526 concrematum
2456 3469 2541 3516 est
2571 3456 2873 3513 triclinium
2906 3449 3253 3525 patriarchii,
3277 3446 3426 3520 quod
3453 3444 3606 3500 dici“

2008 3571 2102 3617 tur
2129 3556 2469 3618 Thomaites,
2491 3559 2548 3606 et
2578 3557 2938 3620 quaestorum,
2962 3553 3017 3599 et
3043 3543 3163 3599 aliae
3183 3541 3381 3595 domus
3431 3551 3610 3606 usque

2019 3653 2089 3709 ad
2119 3651 2356 3706 Milium.
2400 3645 2677 3700 Caaterum
2730 3637 2903 3708 Aprili
2948 3650 3136 3689 mense
3204 3630 3604 3689 Constantinus

2012 3757 2141 3802 cum
2174 3749 2354 3795 castra
2403 3732 2666 3790 movisset
2716 3736 2910 3784 contra
2967 3725 3277 3795 Vulgares,
3331 3719 3486 3774 venit
3534 3714 3606 3772 ad

2014 3831 2306 3888 castellum
2329 3823 2477 3898 quod
2503 3821 2708 3877 dicitur
2736 3815 2981 3878 Probati,
2999 3814 3064 3868 ad
3093 3813 3272 3866 rivum
3296 3808 3511 3866 scilicet
3537 3804 3602 3862 S.

2014 3907 2288 3994 Georgii;
2333 3926 2390 3974 et
2456 3930 2582 3971 eum
2655 3908 2988 3967 occurrisset
3037 3901 3310 3959 Cardamo
3378 3897 3604 3954 domino

2015 3987 2336 4086 Vulgarite,
2383 4007 2586 4080 pusillo
2641 4004 2789 4059 circa
2858 4010 3149 4067 vesperam
3225 3991 3370 4046 iacto
3429 3987 3606 4052 bello,

2023 4106 2394 4165 formidantes
2433 4099 2492 4155 hi
2529 4097 2626 4168 qui
2681 4110 2752 4150 ex
2797 4102 2954 4163 parte
2987 4088 3364 4143 Romanorum
3421 4087 3608 4144 erant,

2025 4219 2127 4277 per
2147 4208 2367 4255 noctem
2406 4194 2668 4265 fugerunt
2694 4195 2750 4245 et
2780 4183 2996 4257 inglorii
3026 4181 3352 4245 redierunt;
3384 4174 3518 4247 quin
3545 4181 3604 4228 et

2032 4275 2288 4362 llulgares
2315 4289 2627 4340 metuentes
2656 4275 2867 4334 reversi
2896 4280 3046 4329 sunt.

2093 4350 2254 4438 Anno
2306 4372 2532 4446 imperii
2589 4368 2676 4426 sui
2724 4363 3220 4424 secundmmense
3265 4350 3616 4428 Septembrio

347 4494 538 4537 mense
592 4473 965 4546 Septembrio,
1029 4444 1353 4526 indictionis
1408 4465 1636 4521 decima
1683 4471 1918 4533 quartae,

2025 4479 2206 4532 castra
2241 4444 2412 4523 movit
2455 4465 2757 4534 imperator
2803 4457 3071 4513 adversus
3097 4449 3326 4515 Arabes,
3353 4455 3411 4504 et
3435 4444 3620 4517 profc-

348 4577 621 4626 vcnerunt
654 4566 751 4636 qui
777 4562 1105 4635 adiurabant
1131 4559 1198 4614 ad
1219 4557 1670 4612 Armeniacorum
1695 4553 1916 4634 thema;

348 4664 440 4733 qui
463 4664 651 4733 iurare
675 4657 903 4713 minime
934 4657 1354 4713 consenserunt,
1392 4647 1519 4718 quia
1541 4647 1661 4702 Non
1693 4645 1927 4716 impera-

348 4752 535 4807 bimur
556 4765 588 4805 a
621 4749 732 4804 ﬁlio
761 4757 856 4802 tuo
888 4746 944 4800 in
979 4745 1093 4800 vita
1139 4751 1252 4807 tua,
1283 4739 1379 4796 sed
1403 4753 1505 4794 nec
1531 4737 1926 4808 praeponimus,

353 4842 631 4912 inquiunt,
659 4853 858 4893 nomen
889 4835 1138 4892 ﬂeirenae
1171 4842 1298 4888 ante
1325 4829 1669 4887 Constantini
1705 4843 1928 4893 nomen,

2029 4573 2159 4622 ctus
2191 4561 2260 4617 ab
2295 4558 2516 4614 Amorio
2554 4553 2690 4611 abiit
2713 4551 2946 4606 Tarsum
2979 4545 3206 4602 Ciliciae.
3241 4541 3378 4598 Cum
3431 4545 3617 4592 autem

2026 4655 2279 4711 venisset
2334 4650 2402 4706 ad
2450 4649 2746 4716 inaquosas
2807 4651 2989 4697 turres
3024 4678 3039 4701 ,
3100 4632 3386 4705 repedavit
3441 4626 3622 4683 inanis

2038 4759 2228 4802 mense
2258 4740 2521 4799 Octobrio
2551 4733 2875 4792 indictionis
2901 4729 3129 4785 decimae
3177 4723 3407 4795 quintae.
3439 4720 3621 4775 Porro

2035 4838 2252 4894 decimo
2289 4842 2486 4889 octavo
2517 4826 2788 4884 Kalendas
2817 4819 3144 4879 Februarias
3193 4823 3416 4887 rogatus
3448 4813 3623 4878 impe-

353 4936 450 4992 sed
472 4930 818 4991 Constantini
849 4938 904 4985 et
954 4927 1224 4991 Heirenae,
1266 4931 1330 4979 ut
1377 4923 1447 4978 ab
1479 4921 1642 4976 initio
1687 4918 1918 4989 suscepi-

2037 4937 2188 4982 rator
2209 4941 2239 4980 a
2265 4921 2490 4995 propria
2517 4927 2692 4973 matre
2715 4925 2771 4971 et
2800 4929 2830 4968 a
2863 4912 3050 4967 multis
3092 4905 3452 4980 optimatibus
3499 4917 3626 4973 pro-

355 5043 500 5083 Illus-
563 5023 712 5079 Μίδίι
756 5031 941 5077 autem
999 5021 1204 5075 ἱῑεττιιιη
1262 5016 1330 5071 ad
1395 5011 1786 5069 inﬂectendum
1839 5025 1935 5065 €03
2036 4991 2414 5072 nuntiat-eam
2460 5010 2663 5064 iterum
2712 5001 3144 5074 imperatricem,
3174 5003 3230 5052 et
3277 4991 3440 5049 laude
3491 5003 3621 5043 cum

355 5121 608 5178 Alexium
635 5117 978 5189 spatharium
1010 5123 1066 5169 ct
1093 5111 1454 5182 drungarium
1485 5107 1709 5178 vigiliae.
1750 5107 1818 5159 At
1857 5104 1914 5158 ill

2045 5109 2141 5164 illo
2163 5104 2324 5162 simul
2358 5101 2654 5162 attollitur,
2689 5105 2747 5152 ut
2779 5111 2809 5151 a
2843 5092 3147 5165 primordio
3190 5080 3538 5145 Constantini
3570 5086 3635 5136 et,

359 5218 609 5268 tenentes
640 5223 788 5272 eum.
812 5216 875 5261 ιη
899 5205 1034 5261 δίδη
1055 5210 1334 5274 Ρνωθεεθῑν
1367 5193 1941 5269 ΡτονθιοτυηιοΝίοθ·
2041 5200 2320 5255 Heirente.
2345 5194 2550 5250 Omnes
2580 5189 2802 5262 quidem
2837 5185 3126 5242 obediunt.
3178 5181 3278 5234 Ast
3339 5169 3630 5229 Armenia—

361 5307 598 5376 phorum
623 5315 754 5354 vero
776 5296 1070 5370 patricium
1091 5304 1148 5350 et
1172 5301 1459 5364 praetorem
1490 5304 1652 5345 suum
1681 5285 1943 5342 custodiae
2043 5304 2236 5348 corum
2262 5288 2444 5342 thema
2472 5283 2832 5355 pertinaciter
2866 5280 3079 5334 instans
3109 5273 3180 5328 ad
3207 5272 3315 5325 hoc
3341 5263 3626 5340 renititur,

359 5395 766 5464 manciparuut,
823 5387 1359 5456 Constantinumque
1417 5383 1595 5439 solum
1636 5379 1918 5452 principen

2047 5393 2104 5439 et
2131 5379 2327 5451 qurerit
2365 5353 2637 5439 Alexium,
2670 5374 2765 5443 qui
2813 5371 3151 5442 paulo-ante
3183 5369 3390 5433 prtetor
3441 5357 3496 5410 in
3546 5353 3632 5410 eis

365 5499 420 5546 et
477 5491 870 5558 imperatorem
938 5483 1305 5539 laudaverunt
1353 5488 1412 5534 et
1479 5477 1944 5531 acclamavcrunt.
2050 5447 2250 5537 fuerat,
2275 5479 2332 5526 ct
2360 5469 2428 5524 ab
2456 5468 2798 5537 imperatore
2831 5470 2964 5516 tunc
2988 5463 3252 5512 evocatus
3277 5447 3627 5530 et$dignitate

365 5584 480 5639 lloc
513 5589 796 5652 comperto
841 5579 1180 5649 reliquorum
1211 5572 1399 5645 populi
1449 5571 1774 5631 thematum,
1809 5581 1950 5636 prte-
2051 5562 2269 5636 patricii
2313 5561 2620 5616 honoratus
2653 5567 2822 5624 penes
2857 5551 3037 5620 ipsum
3066 5545 3264 5615 degere
3310 5539 3630 5595 videbatur.

367 5676 582 5732 toribus
609 5672 724 5729 suis
755 5673 1002 5743 expulsis
1049 5668 1471 5727 Constantinum
1523 5672 1734 5718 tantum
1778 5661 1951 5729 impc—
2053 5632 2216 5712 llunc
2263 5667 2396 5722 ergo
2445 5655 2672 5720 propter
2739 5638 3056 5714 huiusmodi
3101 5632 3518 5706 requisitioncm
3579 5635 3636 5682 οι

3341 5725 3355 5738 .
3439 5719 3600 5743 __2|.-I:

373 5719 724 5732 .ν...,...,....--
757 5719 1001 5743 μνη-.-
1056 5719 1397 5727 πωνή-,πη
1859 5719 1873 5729 ,
2334 5719 2349 5722 ,
2450 5719 2453 5720 ν

373 5779 609 5824 ratorem
655 5775 710 5822 et
760 5765 862 5836 ipsi
926 5762 1314 5836 prazdicabant.
1353 5759 1396 5815 Ο
1462 5754 1685 5827 maligni
1746 5749 1951 5810 diaboli
2063 5747 2634 5823 quosdamscrmones
2659 5751 2823 5809 super
2867 5733 2989 5789 illos
3018 5731 3216 5796 dictos,
3265 5725 3388 5798 quia
3438 5719 3633 5780 vidcii~
