3978 6212
485 298 628 363 1ιί03

1587 297 1985 360 ΑΝΑΞΤΑΞΠ
2039 295 2664 360 BIBLIOTHECARJI

3607 290 3712 357 1464

487 420 576 478 eet
607 414 931 480 regnaturus
958 414 1127 472 esset,
1168 407 1386 463 credens
1427 423 1490 462 ac
1518 407 1750 464 tondens
1780 407 1838 462 in
1867 415 2064 478 prreto-
2094 413 2140 469 Α
2238 405 2398 461 Anno
2433 406 2652 476 imperii
2688 404 3038 460 Constantini
3077 411 3277 474 quarto
3322 407 3716 473 ceperuntAra-

489 505 574 562 rio
607 502 816 572 posuit.
1085 570 1096 574 1

555 596 703 653 Julio
733 610 865 650 vero
898 610 1087 648 mense
1111 593 1414 648 exercitum
1447 594 1617 648 movit
1649 594 1913 650 adversus
1939 595 2069 648 Vul-

488 703 666 759 gares,
701 695 758 742 et
789 686 1099 742 construxit
1128 693 1367 742 castrum
1395 684 1800 750 Marcellorum,
1837 695 1894 740 et
1922 686 2065 741 duo-

488 778 704 833 decimo
730 777 1098 832 Kalendarum
1143 780 1511 847 Augustarum
1547 777 1718 831 exivit
1763 777 2070 833 Cardamus

490 868 1026 938 dominusVulgarize
1053 883 1177 922 cum
1207 868 1356 922 omni
1383 868 1589 922 virtute
1623 879 1816 930 sua,et
1838 868 1992 922 stetit
2013 868 2068 924 in

491 960 914 1016 munitionibus.
952 959 1176 1014 Fiducia
1210 975 1342 1015 vero
1377 958 1552 1014 fretus
1577 967 1633 1012 et
1663 974 1692 1013 a
1725 959 2068 1029 pseudopro-

481 1053 671 1122 phetis
703 1053 1003 1121 imperator
1045 1052 1271 1108 credere
1315 1067 1610 1122 persuasus
1641 1051 1790 1121 quod
1819 1053 1938 1121 ejus
1976 1067 2068 1106 es-

488 1155 575 1202 set
596 1145 846 1208 victoria,
891 1145 1352 1213 incircumspecte
1390 1159 1455 1198 ac
1518 1143 1831 1199 inordinate
1864 1144 2069 1199 bellum

487 1236 678 1299 infert,
705 1244 762 1291 et
805 1235 988 1289 valido
1028 1234 1266 1289 vincitur
1292 1232 1486 1300 Marte,
1524 1233 1850 1304 fugatusque
1904 1234 2071 1290 rediit

490 1326 548 1382 in
583 1326 808 1389 urbem,
841 1327 1028 1380 rnultis
1092 1324 1311 1380 amissis
1365 1342 1476 1380 non
1527 1325 1704 1379 solum
1761 1325 2110 1382 communis'

493 1420 705 1488 populi,
729 1418 825 1474 sed
854 1427 911 1472 et
940 1417 1261 1487 primatum,
1292 1417 1435 1472 inter
1459 1433 1599 1486 quos
1627 1426 1683 1472 et
1703 1417 1931 1472 Michael
1952 1434 2069 1474 ma-

491 1510 800 1578 gistratus,
857 1510 1281 1564 Lachanodraco
1324 1519 1380 1563 et
1424 1509 1628 1564 Bardas
1684 1511 1950 1580 patricius
2006 1526 2071 1566 ac

493 1602 806 1672 Stephanus
837 1603 1314 1674 protospatbarius
1329 1603 1680 1668 exstiterunt,
1696 1603 1915 1657 Nicetas
1936 1618 2072 1672 quo-

490 1709 600 1763 que
633 1709 698 1756 ac
754 1695 1138 1766 Thcognostus
1173 1695 1300 1750 facti
1360 1703 1666 1764 praetores,
1714 1704 1772 1749 et
1819 1695 2070 1750 homines

2174 497 2278 553 bes
2307 497 2600 553 Thebesan
2647 505 2889 552 castrum
2939 496 3046 552 sub
3077 495 3270 560 verbo,
3326 506 3550 564 propter
3596 499 3715 566 quod

2172 601 2229 648 et
2261 591 2539 661 principes
2559 591 2682 660 ejus
2705 589 3036 646 dimiserunt
3058 590 3125 644 ad
3160 590 3408 660 propria.

2245 682 2406 736 Anno
2432 682 2651 751 imperii
2685 681 2773 736 sui
2806 682 3005 752 quinto
3037 681 3472 744 Constantinus,
3498 680 3616 736 odio
3641 682 3717 736 ha-

2173 775 2310 830 bens
2355 774 2580 829 Mariam
2631 789 2858 829 uxorem
2887 789 3065 837 suam,
3121 775 3513 830 summissione
3559 777 3718 832 matris

2174 881 2288 922 sua:
2313 866 2681 936 principatum
2729 867 3040 936 appetentis
3099 877 3157 921 et
3212 882 3326 937 quo
3384 869 3452 923 ab
3498 870 3718 925 omnibus

2175 959 2632 1029 reprehensibilis
2673 959 3016 1029 judicaretur
3045 960 3382 1026 an‘ectantis,
3423 963 3716 1033 coegiteatn

2175 1059 2237 1105 ut
2263 1051 2419 1105 tier-et
2446 1050 2717 1105 monacha
2748 1067 2765 1116 ;
2795 1067 2961 1120 quam
2991 1065 3117 1106 cum
3151 1050 3475 1116 inflexisset,
3505 1052 3716 1109 totondit

2175 1157 2366 1198 mense
2390 1142 2673 1198 Januario.
2705 1141 2775 1198 Et
2800 1142 2975 1212 Aprili
3004 1156 3195 1198 mense
3233 1142 3406 1197 movit
3445 1143 3714 1199 exercitum

2174 1234 2441 1290 adversus
2469 1236 2701 1301 Arabes,
2734 1246 2792 1290 et
2829 1249 3018 1291 mense
3050 1233 3196 1289 Maio
3225 1233 3424 1289 bellum
3461 1235 3624 1290 iniens
3657 1235 3710 1292 in

2175 1341 2410 1382 occursu
2456 1327 2730 1397 ipsorum,
2771 1327 2826 1382 in
2877 1326 3001 1382 loco
3048 1326 3146 1395 qui
3211 1325 3399 1382 dicitur
3439 1327 3701 1394 Amusan,

2174 1418 2332 1480 vicit,
2362 1419 2552 1483 vertit,
2579 1427 2636 1473 et
2668 1419 2770 1474 hos
2795 1419 3084 1474 insecutus
3109 1426 3197 1472 est
3227 1431 3389 1486 usque
3407 1417 3467 1471 ad
3485 1432 3694 1472 amnem.

2174 1510 2242 1567 Et
2269 1526 2396 1566 cum
2421 1511 2666 1568 venisset
2695 1512 2975 1580 Ephesum
3003 1518 3062 1566 et
3088 1509 3233 1580 apud
3277 1508 3369 1564 Dei
3397 1509 3556 1563 locu
3594 1524 3701 1563 era-

2177 1602 2358 1658 tiones
2411 1603 2652 1666 fecisset,
2698 1602 3095 1658 commercium
3149 1601 3533 1666 nundinarum,
3580 1601 3708 1671 quod

2176 1702 2397 1749 centum
2430 1702 2550 1749 erat
2587 1695 2707 1749 auri
2737 1695 3027 1758 librarum,
3079 1693 3307 1749 indulsit
3331 1694 3398 1748 ad
3425 1693 3708 1748 famulatum

491 1787 626 1856 regii
658 1802 768 1840 non
800 1789 984 1856 pauci.
1009 1787 1117 1842 Sed
1140 1795 1195 1842 et
1228 1788 1556 1842 Pancratius
1585 1787 2069 1858 pseudopropheta
2105 1771 2145 1827 Β
2177 1783 2234 1839 S.
2265 1785 2496 1841 Joannis
2524 1787 2778 1856 apostoli.
2812 1787 3063 1856 Augusto
3091 1802 3225 1841 vero
3252 1800 3439 1842 mense
3461 1784 3717 1842 coronavit

493 1889 550 1931 et
575 1887 948 1942 astronomus,
1001 1880 1096 1949 qui
1136 1890 1193 1934 et
1221 1880 1500 1934 victurum
1530 1879 1684 1934 illum
1738 1881 2070 1937 vaticinatus

491 1981 600 2026 est.
628 1972 991 2026 Abstulerunt
1032 1983 1214 2027 autem
1259 1973 1524 2042 Vulgares
1567 1975 1733 2028 etiam
1772 1975 2068 2040 sarcinam,

490 2063 776 2131 pecunias,
809 2078 982 2132 equos
1009 2071 1066 2117 et
1103 2064 1273 2117 aulaea
1320 2079 1426 2116 una
1475 2078 1600 2118 cum
1663 2063 1926 2119 universo
1978 2080 2070 2119 re-

496 2152 588 2222 gio
641 2164 930 2222 apparatu.
983 2153 1119 2208 Cum
1181 2162 1366 2209 autem
1422 2154 1646 2209 ordines
1688 2155 1907 2209 collecti
1978 2171 2070 2211 es-

498 2253 626 2301 sent
657 2245 712 2299 in
737 2245 897 2310 urbe,
933 2246 1210 2301 consiliati
1241 2254 1370 2300 sunt
1411 2245 1649 2302 educere
1697 2246 2070 2317 Nicephorum

497 2349 568 2388 ex
631 2333 844 2389 Caesare
887 2344 943 2389 et
985 2335 1375 2404 imperatorem
1437 2344 1703 2390 statuere.
1753 2335 1872 2402 Quo
1926 2351 2077 2392 com-

492 2436 655 2494 perto
683 2425 1083 2481 Constantinus
1121 2425 1293 2492 misit,
1325 2435 1381 2482 et
1408 2427 1599 2482 eduxit
1627 2436 1895 2497 utrosque
1931 2427 2072 2484 ﬁlios

494 2515 842 2571 Constantini
877 2519 963 2571 avi
987 2517 1074 2571 sui
1109 2517 1178 2572 ad
1206 2517 1263 2572 S.
1309 2519 1560 2582 Mamam,
1600 2529 1657 2574 et
1699 2520 2071 2590 Nicephorum

495 2607 720 2674 quidem
760 2608 958 2674 oculis,
989 2608 1453 2679 ChristOphorum
1481 2621 1647 2679 atque
1687 2611 1932 2666 Nicetam
1964 2613 2076 2666 An-

497 2693 841 2763 lhimumque
870 2705 1036 2764 atque
1072 2696 1377 2750 Eudocium
1417 2698 1621 2768 linguis
1648 2698 1922 2766 privavit;
1947 2715 2071 2754 cum

491 2783 697 2853 quibus
721 2793 777 2838 et
801 2785 1127 2854 praedictum
1153 2786 1404 2841 Alexium
1435 2787 1730 2857 patricium
1769 2790 2073 2846 luminibus

492 2875 801 2940 exorbavit,
850 2875 1117 2933 obediens
1169 2879 1434 2933 maternis
1461 2886 1518 2932 et
1547 2880 1756 2950 praelati
1799 2879 2074 2938 Stauracii

493 2965 714 3034 patricii
755 2966 1014 3030 suadelis,
1047 2967 1098 3022 ei
1130 2969 1564 3024 asseverantium
1593 2971 1740 3040 quod
1770 2971 1874 3026 nisi
1925 2973 2073 3028 hunc

494 3069 700 3110 aecum
744 3055 1020 3122 redderet,
1049 3057 1105 3112 in
1141 3057 1530 3128 imperatorem
1592 3076 1716 3116 eum
1757 3061 1935 3117 forent
1963 3064 2072 3119 ele-

467 3143 658 3214 ‘cturi.
692 3143 857 3198 Facta
892 3154 977 3199 est
999 3154 1183 3201 autem
1210 3147 1404 3202 horum
1434 3164 1594 3219 prena
1648 3166 1835 3207 mense
1880 3153 2068 3224 Augu-

493 3240 600 3295 sto,
632 3232 722 3288 die
770 3234 1019 3298 Sabbati,
1049 3237 1370 3292 indictionis
1397 3239 1627 3294 decimae
1667 3241 1905 3310 quintae,
1936 3243 2070 3300 hora

492 3335 660 3376 nona.
713 3325 1103 3379 Verumtamen
1163 3343 1273 3381 non
1325 3328 1381 3382 in
1430 3329 1653 3399 longum
1709 3331 1804 3387 Dei
1849 3333 2067 3401 justitia

493 3411 637 3466 hanc
651 3414 921 3469 actionem
945 3416 1154 3471 dimisit
1185 3419 1416 3473 inultam
1450 3432 1608 3490 :post
1628 3423 2067 3493 quinquennium

493 3518 730 3574 namque
762 3508 956 3564 eodem
986 3525 1176 3566 mense
1203 3519 1260 3567 et
1297 3515 1488 3568 eadem
1520 3515 1744 3570 Sabbati
1778 3517 1867 3573 die
1903 3520 2062 3576 orba-

495 3602 586 3648 tur
625 3596 801 3654 oculis
833 3615 865 3655 a
900 3602 1122 3672 propria
1149 3614 1322 3660 matre
1344 3605 1736 3662 Constantinus
1763 3610 1931 3666 idem.

565 3687 724 3742 Anno
763 3690 979 3762 imperii
1020 3693 1368 3751 Constantini
1413 3699 1575 3754 tertio
1609 3700 1900 3766 audientes
1962 3704 2068 3758 Ar-

473 3779 728 3858 .meniaci
757 3781 825 3838 de
861 3783 1052 3840 Alexio
1088 3787 1321 3856 patricio
1358 3789 1506 3859 quod
1545 3806 1722 3848 caecus
1754 3792 1934 3849 fuerat
1988 3795 2069 3852 fa-

473 3878 634 3936 ~ctus,
655 3874 921 3930 custodia:
950 3881 1334 3949 mancipavere
1357 3892 1649 3948 praetorem
1679 3900 1862 3951 suum,
1891 3886 2069 3943 Theo-

471 3958 692 4042 dorum
724 3964 981 4021 videlicet
1010 3967 1396 4026 Camulianum
1421 3972 1729 4044 patricium.
1762 3973 1881 4042 Quo
1918 3993 2069 4032 com-

492 4061 650 4120 perto
697 4054 1000 4127 imperator
1055 4061 1207 4117 misit
1269 4063 1494 4131 quidem
1559 4065 1798 4133 primum
1859 4067 1927 4122 ad
1971 4085 2068 4126 eos

490 4146 810 4213 nonnullos,
847 4161 969 4219 post
1002 4163 1254 4208 sanctum
1287 4170 1417 4210 vero
1472 4153 1680 4212 Pascha
1719 4157 1835 4228 ipse
1878 4174 1979 4228 per
2008 4174 2066 4214 se

492 4237 664 4291 movit
689 4242 988 4296 exercitum
1035 4254 1226 4299 contra
1277 4247 1501 4303 eosdem
1543 4250 1902 4307 Armeniacos
1959 4268 2065 4307 una

462 4323 617 4407 cum
646 4330 872 4401 reliquis
902 4338 1117 4392 cunctis
1163 4339 1517 4396 thematibus.
1560 4343 1630 4398 Et
1673 4345 1910 4414 septimo
1960 4350 2064 4404 Ka-

2173 1878 2475 1948 imperator
2500 1878 2842 1935 Theodotem
2889 1879 3287 1934 cubiculariam
3322 1878 3377 1933 in
3423 1877 3716 1948 Augustam,

2171 1979 2228 2026 et
2257 1969 2615 2039 desponsavit
2650 1987 2772 2026 eam
2803 1970 3013 2040 inique.

2243 2061 2402 2116 Anno
2437 2059 2654 2131 imperii
2673 2061 2768 2116 sui
2801 2070 2978 2127 sexto,
3028 2059 3335 2116 indictione
3371 2058 3553 2130 prima.
3586 2057 3721 2114 cele-

2173 2152 2355 2208 bravit
2431 2153 2729 2224 imperator
2804 2154 3204 2210 Constantinus
3273 2168 3401 2208 cum
3462 2150 3722 2208 Theodote

2175 2245 2489 2314 nuptiarum
2523 2246 2796 2316 principia
2825 2247 2880 2300 in
2909 2247 3113 2316 palatio
3165 2245 3222 2302 S.
3272 2246 3460 2302 Hamas
3492 2260 3586 2316 per
3619 2244 3724 2299 dies

2173 2336 2539 2406 quadraginta
2608 2337 3080 2406 prolongatarum.
3134 2337 3321 2392 Mense
3363 2350 3495 2391 vero
3542 2332 3726 2406 Aprilis

2172 2428 2422 2499 ejusdem
2477 2428 2794 2483 indictionis
2847 2437 3122 2484 nocturno
3172 2436 3416 2499 tempore
3461 2427 3729 2484 factusest

2175 2527 2333 2574 terra:
2361 2529 2545 2575 motus
2576 2521 2632 2574 in
2656 2521 2833 2576 insula
2860 2519 3021 2575 Creta
3049 2520 3207 2575 valde
3242 2521 3522 2585 terribilis,
3555 2533 3730 2576 mense

2173 2623 2358 2668 autem
2390 2613 2530 2669 Maio
2551 2612 2728 2668 factus
2740 2622 2825 2669 est
2857 2612 3325 2682 Constantinopoli
3351 2611 3520 2666 nimis
3561 2610 3734 2666 borri-

2176 2702 2325 2758 bilis.
2347 2703 2650 2758 Cardamus
2675 2711 2940 2773 praeterea
2971 2704 3217 2758 dominus
3235 2701 3496 2771 Vulgaria:
3523 2701 3740 2756 denun-

2175 2795 2334 2850 tiavit
2378 2796 2703 2865 imperatori
2754 2795 2948 2852 dicens
2983 2796 3116 2850 :Aru
3163 2795 3330 2847 tribue
3374 2793 3508 2848 mihi
3551 2802 3736 2863 pacta,

2171 2899 2270 2944 aut
2298 2890 2507 2944 veniam
2544 2889 2614 2945 ad
2661 2905 2884 2942 auream
2934 2903 3089 2957 usque
3132 2893 3362 2954 portant,
3395 2894 3446 2939 ct
3481 2883 3730 2941 dentalia!

2176 2979 2448 3033 Thracem.
2486 2977 2584 3033 Ast
2625 2977 2924 3046 imperator
2976 2975 3149 3046 posita
3200 2975 3402 3045 equina
3446 2974 3508 3030 in
3552 2991 3734 3046 mappa

2175 3079 2416 3128 stercora
2451 3068 2754 3127 transmisit
2785 3069 2838 3124 ei
2870 3085 2884 3121 :
2912 3066 3128 3134 Qualia,
3178 3067 3455 3137 inquiens,
3485 3077 3533 3121 te
3571 3069 3733 3122 decere

2174 3169 2330 3232 pacta
2355 3160 2590 3230 praesidi,
2625 3159 2894 3214 transmisi
2943 3158 3054 3212 tibi.
3110 3155 3300 3211 Verum
3330 3159 3452 3227 quia
3487 3173 3640 3210 senet
3665 3174 3731 3220 es,

2173 3253 2294 3307 nolo
2343 3263 2399 3306 ut
2447 3253 2684 3323 [aligeris
2711 3265 2872 3320 usque
2917 3249 2986 3303 ad
3015 3249 3128 3303 haec
3156 3248 3296 3314 loca,
3333 3248 3421 3302 sed
3455 3264 3544 3318 ego
3590 3249 3732 3302 venia

2171 3359 2336 3414 usque
2392 3341 2670 3408 Marcella,
2713 3350 2761 3394 et
2800 3350 2856 3394 tu
2895 3341 3000 3403 exi,
3034 3349 3084 3393 et
3134 3341 3384 3411 quidquid
3423 3338 3730 3410 judicanrit

2170 3432 2308 3486 Deus
2326 3432 2444 3499 ﬁat.
2479 3433 2548 3487 Et
2583 3447 2710 3487 cum
2749 3431 2989 3486 misisset
3039 3430 3343 3502 imperator
3385 3432 3450 3487 ad
3481 3429 3729 3485 ulteriora

2173 3525 2436 3586 themata,
2461 3524 2738 3596 congessit
2781 3525 3050 3594 populum
3085 3538 3251 3578 suum
3281 3531 3344 3579 et
3383 3523 3532 3580 venit
3571 3535 3735 3590 usque

2172 3615 2546 3680 Versinitiam,
2597 3623 2655 3670 et
2708 3613 3010 3669 Cardamus
3045 3629 3222 3684 usque
3247 3615 3319 3668 ad
3362 3615 3548 3669 lucum
3572 3613 3737 3668 Abro-

2169 3706 2318 3770 leva;
2349 3716 2406 3761 et
2448 3721 2572 3761 cum
2609 3705 2955 3770 formidaret,
2990 3706 3192 3761 mansit
3244 3705 3302 3759 in
3356 3720 3605 3760 nemore.
3655 3703 3742 3760 Ast

2171 3797 2469 3868 imperator
2521 3797 2834 3854 confortato
2879 3799 3080 3868 populo
3129 3813 3233 3853 suo
3290 3798 3441 3852 abiit
3475 3813 3645 3867 usque
3681 3795 3740 3849 ad

2169 3889 2353 3944 lucum
2377 3890 2742 3956 Abrolevam,
2802 3891 3041 3945 invitans
3097 3905 3226 3943 eum
3258 3905 3366 3959 per
3398 3890 3522 3947 dies
3569 3889 3744 3946 decem

2169 3991 2223 4037 et
2245 3991 2474 4052 septem.
2504 3981 2574 4036 At
2601 3981 2694 4038 ille
2714 3997 2821 4037 non
2847 3991 2932 4038 est
2960 3997 3147 4049 ausus,
3165 3981 3264 4038 sed
3280 3982 3580 4054 repedavit
3601 3981 3742 4051 fugax

2167 4075 2235 4130 ad
2262 4090 2384 4129 sua.

2237 4163 2444 4220 Eodem
2473 4179 2692 4234 quoque
2717 4177 2871 4219 anno
2919 4174 2977 4220 et
3030 4164 3242 4220 Arabes
3267 4176 3559 4222 venerunt
3587 4181 3746 4234 usque

2166 4252 2473 4317 Amorium,
2506 4262 2562 4308 et
2590 4269 2717 4308 curn
2767 4254 2905 4309 nihil
2933 4254 3323 4323 profecissent,
3369 4257 3582 4312 reversi
3611 4265 3741 4318 sunt,

2167 4345 2347 4415 praeda
2382 4344 2437 4399 in
2464 4343 2893 4415 circumquaque
2923 4345 3260 4416 regionibus
3279 4346 3463 4403 facta.

490 4419 684 4477 lendas
715 4421 908 4480 Junias
939 4427 1130 4496 prima:
1158 4430 1501 4496 indictionis,
1537 4434 1627 4489 die
1675 4441 1878 4492 sanctae
1923 4439 2062 4495 Pen-
2095 4457 2138 4515 ι)
2236 4436 2442 4492 Eodem
2492 4447 2679 4492 autem
2725 4453 2870 4491 anno
2921 4437 3074 4492 Plato
3106 4437 3455 4495 Sacudionis
3503 4440 3742 4494 abbasse

492 4519 750 4579 tecostes,
798 4530 922 4571 cum
962 4520 1210 4588 proditos
1243 4538 1342 4578 eos
1391 4524 1783 4581 Armeniorum
1841 4528 2060 4596 fraude,

486 4605 585 4673 qui
637 4621 764 4662 cum
815 4609 949 4679 ipsis
994 4622 1174 4677 erant,
1232 4615 1564 4672 debellasset
1609 4627 1772 4687 atque
1818 4619 2060 4688 vicisset,

484 4697 1076 4768 comprehenditillos,
1121 4713 1177 4760 et
1221 4704 1894 4764 interfecitAndronicum
1938 4726 2064 4782 spa-

459 4782 734 4853 ‘tharium
789 4798 846 4844 et
888 4793 1262 4849 turmarcham
1303 4809 1534 4860 eorum,
1589 4805 1645 4852 et
1696 4794 2061 4868 Theophilum

456 4939 458 4942 ν
487 4879 864 4935 turmarcham
893 4891 1060 4953 atque
1095 4883 1420 4956 Gregorium
1447 4887 1768 4958 episcopum
1802 4889 2058 4960 Sinopes;

485 4965 735 5035 reliquos
780 4987 913 5026 vero
959 4990 1140 5029 rerum
1185 4977 1418 5046 jacturis
1460 4988 1515 5034 et
1559 4980 2062 5052 proscriptionibus

488 5059 756 5117 subdidit.
803 5063 976 5122 Porro
1018 5068 1168 5122 mille
1221 5070 1435 5126 vinctos
1484 5075 1762 5130 exercitus
1816 5076 2059 5146 ipsorum

449 5153 796 5213 introduxit
848 5172 946 5226 per
987 5159 1418 5217 Blachernarum
1467 5174 1681 5233 portam
1724 5167 1781 5221 in
1843 5168 2058 5235 urbem,

454 5315 458 5324 I
484 5262 728 5316 quorum
758 5247 1006 5306 faciebus
1030 5261 1340 5308 atramento
1365 5264 1421 5310 et
1453 5259 1848 5326 punctionibus
1869 5277 2063 5331 supra-

449 5405 454 5412 η
483 5341 708 5412 scripsit
739 5361 753 5397 :
791 5342 1136 5400 Armeniaca:
1168 5346 1467 5402 insidiator.
1509 5348 1776 5419 Dispersit
1799 5366 1894 5406 eos
1954 5361 2061 5406 tam

487 5433 542 5485 in
570 5433 816 5491 Siciliam
855 5454 1019 5508 quam
1046 5439 1102 5494 in
1129 5448 1356 5495 cazteras
1384 5439 1613 5495 insulas.
1632 5441 1877 5496 Armenii
1903 5458 2058 5510 sane,

487 5525 806 5587 proditores
839 5545 1056 5598 eorum,
1096 5533 1175 5587 nil
1195 5533 1264 5587 ab
1313 5532 1646 5603 imperatore
1691 5533 1917 5590 honoris
1964 5552 2061 5590 seu

447 5673 452 5680 ,
487 5608 836 5674 liberalitatis
875 5624 1112 5680 assecuti
1155 5635 1397 5682 castrum
1427 5625 1735 5682 Camacban
1787 5625 2063 5684 Arabibus

483 5703 851 5772 tradiderunt.

2164 4527 2398 4582 abscidit
2431 4544 2462 4582 a
2490 4527 2878 4583 communione
2912 4527 3123 4585 Tarasii
3154 4529 3529 4599 patriarchae,
3549 4549 3642 4603 pro
3685 4546 3744 4585 eo

2164 4618 2313 4689 quod
2345 4618 2733 4688 imperatorem
2757 4617 2817 4672 in
2866 4619 3321 4674 communionem
3365 4622 3656 4693 receperit,
3693 4627 3744 4674 et

2166 4709 2469 4766 inStitutori
2504 4709 2732 4764 tondere
2762 4725 2987 4764 uxorem
3035 4711 3155 4780 ejus
3181 4709 3454 4780 Mariam,
3481 4725 3539 4769 et
3561 4711 3745 4770 Ioseph

2164 4799 2437 4854 monacho
2453 4807 2509 4853 et
2533 4798 3053 4853 abbatimonasterii
3087 4797 3234 4867 quod
3261 4802 3592 4870 appellatur
3621 4799 3750 4852 Tau-

2163 4890 2386 4946 chatara
2410 4903 2674 4943 coronare
2725 4903 2850 4942 eum
2891 4904 3016 4942 cum
3065 4887 3362 4944 Theodote
3411 4889 3745 4960 praeceperit.

2162 4983 2319 5050 Quod
2355 4996 2480 5036 cum
2533 4981 2819 5035 didicisset
2876 4981 3200 5050 imperator,
3258 4981 3445 5038 misso
3492 4979 3746 5036 Bardanio

2163 5075 2396 5144 patricio
2451 5082 2508 5128 et
2569 5072 2881 5127 scholarum
2935 5072 3262 5135 domestico,
3315 5082 3503 5144 atque
3556 5074 3747 5129 Joanne

2162 5168 2362 5222 comite
2390 5165 2673 5236 Obsequii,
2705 5165 2984 5219 Platonem
3017 5163 3327 5220 introduxit
3366 5167 3428 5219 in
3459 5167 3673 5227 urbem,
3699 5170 3743 5215 et

2163 5259 2390 5314 reclusit
2419 5253 2564 5312 intra
2616 5257 2858 5311 claustra
2899 5257 2955 5310 in
2990 5256 3192 5327 templo
3226 5256 3520 5327 principis
3555 5255 3742 5311 militia:

2161 5351 2307 5420 quod
2330 5359 2439 5422 est.
2461 5349 2515 5404 in
2566 5349 2790 5419 palatio.
2820 5348 3084 5424 Reliquos
3125 5364 3257 5404 vero
3287 5350 3614 5404 monachos
3635 5361 3739 5401 eum

2162 5442 2457 5512 nepotibus
2501 5442 2622 5512 ejus
2679 5456 2971 5512 percussos
3027 5441 3224 5495 exsilio
3281 5441 3576 5512 relegavit
3616 5435 3739 5510 apud

2163 5533 2653 5597 Thessalonicam;
2701 5532 2905 5602 quibus
2943 5532 3312 5586 auxiliabatur
3349 5543 3545 5587 mater
3583 5534 3736 5600 impe-

2164 5623 2382 5689 ratoris,
2439 5633 2696 5693 tanquam
2747 5623 2836 5678 his
2892 5622 2985 5694 qui
3036 5622 3148 5678 lilio
3179 5639 3276 5678 suo
3316 5624 3736 5680 resistebautet

2164 5715 2594 5772 confundebant.
