3978 6212
226 252 371 324 1405

1039 258 1412 321 HISTORIA
1449 261 2043 355 ECCLESIASTICA
2081 265 2182 326 EX
2223 265 2706 330 THEOPHA‘NE.

3357 271 3496 340 1406

295 366 459 420 Anno
507 378 642 419 vero
699 363 916 435 imperii
968 367 1052 422 sui
1103 368 1375 438 septimo,
1435 384 1623 434 mense
1680 387 1812 426 vero
1843 378 1887 434 Α
1918 379 2040 427 rent
2067 380 2232 443 atque
2261 375 2660 430 confiterentur
2712 377 2859 448 quod
2889 387 3117 449 propter
3143 379 3496 452 imperatoris

221 455 598 527 Septetnhrio,
651 471 905 527 egressus
955 467 1040 512 est
1092 454 1390 527 imperator
1449 476 1572 515 cum
1632 473 1805 518 matre

218 571 344 620 sua,
390 561 453 609 ut
507 553 787 609 calefieret
838 555 984 624 apud
1045 554 1295 610 Prusam.
1350 554 1614 610 Octobrio
1671 571 1806 609 vero

218 663 412 703 mense
438 657 600 702 natus
630 657 716 702 est
745 646 1066 716 imperatori
1096 645 1260 710 ﬁlius,
1303 662 1467 716 quem
1498 646 1807 700 nominavit

218 741 486 809 Leonem.
518 739 648 807 Quae
673 756 798 796 cum
825 739 1172 811 cognovisset
1198 739 1516 810 imperator,
1544 739 1804 795 derelicta

218 845 402 889 matre
452 833 598 904 apud
661 833 929 888 Thermas
951 849 1058 887 una
1109 848 1234 888 cum
1271 832 1464 888 ordine
1494 831 1646 903 regio
1678 832 1804 886 uni-

216 941 382 981 verso
405 934 570 995 atque
595 925 943 996 principibus
973 925 1177 981 cursim
1222 925 1276 979 in
1298 924 1492 980 urbem
1522 939 1806 996 regressus

215 1026 324 1072 est.
356 1017 702 1087 Quapropter
726 1018 892 1089 hujus
911 1027 1086 1072 mater
1115 1017 1292 1086 spatio
1322 1027 1543 1086 reperto
1567 1016 1804 1072 allocuta

217 1117 304 1165 est
348 1119 406 1163 et
460 1109 736 1165 subtraxit
782 1110 1112 1166 muneribus
1171 1126 1237 1166 ac
1281 1109 1804 1181 repromissionibus

217 1202 500 1272 agminum
526 1201 825 1272 principes,
856 1210 918 1256 ut
949 1203 1322 1272 deponeretur
1375 1200 1523 1258 [ilius
1571 1217 1706 1257 suus
1747 1210 1804 1257 et

219 1297 340 1365 ipsa
397 1295 752 1365 singulariter
792 1295 1113 1366 imperaret.
1178 1295 1316 1351 alios
1355 1295 1554 1350 horum
1605 1310 1703 1364 per
1743 1311 1802 1354 se

219 1385 418 1456 ipsam,
454 1384 592 1440 alios
624 1400 756 1440 vero
781 1400 882 1456 per
932 1385 1188 1440 homines
1232 1399 1364 1440 suos
1401 1383 1709 1442 blandiens.
1735 1385 1800 1440 Et

215 1476 448 1553 attraxit
480 1477 549 1532 ad
585 1492 645 1532 se
697 1491 912 1542 onmes,
945 1485 1002 1534 et
1033 1477 1456 1547 praestolabatur
1494 1492 1801 1547 congruum

216 1568 474 1625 invenire
524 1568 696 1626 diem.
752 1569 970 1624 Interea
1031 1569 1221 1624 Roma:
1275 1565 1516 1636 obeunte
1561 1568 1802 1623 Adriano

214 1676 355 1732 papa
383 1671 742 1718 consecratur
775 1661 910 1727 Leo,
943 1662 1030 1716 vir
1061 1661 1582 1718 honorabilissimus
1618 1669 1675 1717 et
1702 1676 1802 1731 per

214 1752 402 1808 omnia
428 1752 790 1808 reverendus.
820 1753 1008 1808 Mense
1051 1767 1183 1808 vero
1211 1753 1407 1810 Martio
1435 1752 1604 1808 exivit
1631 1752 1803 1823 impe-

215 1854 368 1908 rator
401 1845 672 1902 adversus
719 1845 950 1912 Arabes,
980 1860 1167 1902 secum
1198 1845 1408 1901 habens
1453 1845 1798 1901 Stauracium

213 1939 514 2010 patricium
547 1946 603 1993 et
635 1945 864 1994 caeteros
907 1937 1114 1993 amicos
1165 1937 1358 1992 matris
1403 1953 1538 2002 suae,
1583 1953 1801 1996 necnon

213 2040 270 2088 et
298 2032 534 2087 electam
589 2039 864 2086 catervam
911 2029 1292 2100 expeditorum
1343 2028 1603 2084 videlicet
1651 2029 1800 2082 mili-

216 2135 332 2180 tum
378 2140 444 2179 ex
477 2124 767 2194 utriusque
826 2123 1182 2188 thematibus,
1228 2121 1422 2192 viginti
1482 2121 1674 2176 millia.
1702 2121 1799 2176 Vi-

215 2214 411 2272 dcntes
436 2215 492 2270 hi
517 2215 614 2286 qui
649 2215 796 2271 circa
837 2214 1187 2271 Stauraeium
1238 2223 1398 2270 erant
1455 2217 1798 2272 alacritatem

214 2305 405 2377 populi
464 2315 522 2360 et
575 2306 949 2375 imperatoris,
1008 2307 1314 2363 timuerunt
1355 2323 1424 2364 ne
1476 2307 1622 2362 forte
1653 2305 1797 2362 bello

215 2395 356 2451 inito
385 2397 480 2452 ille
516 2396 762 2452 vinceret
791 2407 848 2454 et
885 2397 988 2466 ipsi
1032 2397 1346 2454 adinventis
1385 2397 1652 2464 adversus
1667 2411 1795 2453 eum

212 2489 616 2547 frustrarentur
644 2489 883 2544 insidiis.
918 2490 1062 2560 Ergo
1095 2490 1398 2545 muneratis
1435 2490 1639 2561 vigiliis
1673 2504 1796 2560 per-

215 2589 514 2635 suaserunt
557 2581 638 2635 eis
696 2580 941 2647 mentiri,
992 2581 1334 2651 perhibendo
1379 2581 1682 2637 Saracenos
1713 2580 1798 2635 fu-

211 2675 380 2746 gisse.
407 2673 721 2744 Imperator
753 2673 939 2742 itaque
993 2673 1229 2727 multum
1259 2671 1513 2727 tristatus
1548 2670 1796 2727 inefﬁcax

213 2766 406 2820 urbem
437 2766 714 2836 ingressus
730 2775 835 2826 est.
857 2773 914 2820 et
941 2763 1201 2820 Kalendis
1231 2765 1388 2818 Maiis
1415 2771 1668 2820 mortuus
1709 2770 1797 2819 est

211 2859 365 2913 filius
398 2859 518 2928 ejus
578 2858 713 2921 Leo,
765 2865 821 2911 et
854 2855 995 2911 luxit
1025 2872 1150 2912 eum
1198 2856 1582 2911 vehementer.
1620 2856 1796 2912 Porro

210 2950 431 3005 decimo
461 2958 614 3006 sexto
644 2947 913 3004 Kalendas
939 2948 1213 3018 Augustas
1243 2946 1312 3000 ab
1344 2947 1589 3016 equestri
1622 2962 1795 3018 agone

1908 464 2209 520 caecitatem
2263 466 2341 522 sol
2387 466 2697 524 obcaecatus
2757 485 2889 524 suos
2946 471 3132 527 radios
3177 478 3494 532 retraxerit.

1907 554 1976 609 Et
2003 555 2183 610 taliter
2209 555 2276 611 de
2311 565 2512 612 caetero
2566 558 2799 628 imperat
2858 560 3095 616 lleirene
3140 572 3316 618 mater
3353 567 3492 636 ejus.

1966 645 2174 701 Eodem
2223 647 2387 702 etiam
2434 664 2579 704 anno
2608 659 2663 704 et
2709 651 2894 705 Roma:
2921 653 3136 724 cognati
3180 654 3353 710 beata:
3377 673 3494 709 me-

1907 738 2367 795 moriteﬂadriani
2400 757 2551 811 papa:
2573 753 2987 799 commoventes
3007 747 3267 815 populum
3288 749 3495 803 tumul-

1907 832 2044 895 tuati
2070 842 2200 886 sunt
2221 842 2413 888 contra
2437 834 2678 889 Leonem
2702 851 2919 906 papam,
2953 846 3010 892 et
3039 847 3292 895 tenentes
3326 857 3496 896 caicu-

1905 931 2105 974 verunt
2128 936 2276 986 cum,
2299 938 2411 977 non
2436 933 2614 978 tamen
2645 926 2867 994 penitus
2921 927 3108 982 lumen
3140 929 3260 1000 ejus
3283 931 3494 986 exstin-

1905 1027 2070 1083 guere
2101 1022 2420 1082 potuerunt.
2453 1015 2522 1069 At
2549 1015 2639 1070 ille
2668 1016 2916 1087 confugit
2941 1018 3006 1073 ad
3035 1018 3291 1076 Carolum
3323 1021 3495 1076 Fran-

1906 1121 2098 1160 corum
2147 1122 2355 1177 regem,
2391 1109 2484 1178 qui
2521 1111 2670 1166 ultus
2712 1121 2796 1166 est
2849 1111 3106 1168 inimicos
3142 1116 3264 1186 ejus
3284 1131 3490 1181 amare,

1903 1207 1959 1252 et
1983 1198 2182 1253 iterum
2214 1200 2461 1254 restituit
2501 1201 2657 1257 illum
2709 1202 2766 1258 in
2795 1204 2984 1276 sedem
3011 1220 3188 1260 suam.
3216 1205 3490 1262 Caeterum

1905 1293 2080 1346 vicem
2110 1290 2310 1348 Carolo
2337 1309 2762 1365 recompensans
2785 1298 3075 1352 coronavit
3106 1297 3491 1369 imperatorem
3518 1364 3528 1372 ,

1904 1382 1961 1438 in
1993 1383 2199 1454 templo
2222 1383 2280 1439 S.
2307 1385 2457 1440 Petri
2495 1388 2752 1456 apostoli,
2780 1404 3100 1459 pertingens
3119 1391 3241 1444 oleo
3258 1407 3289 1446 a
3309 1392 3490 1460 capite

1904 1489 2079 1546 usque
2108 1475 2177 1530 ad
2237 1475 2426 1546 pedes,
2454 1484 2510 1530 et
2542 1476 2898 1533 circumdans
2943 1480 3302 1550 imperatoria
3338 1490 3492 1550 veste

1903 1575 2068 1638 atque
2096 1582 2324 1632 corona,
2353 1577 2551 1624 octavo
2577 1569 2849 1624 Kalendas
2892 1571 3184 1626 Januarias
3231 1571 3492 1627 indictio-

1903 1661 1990 1714 nis
2015 1676 2192 1716 nonae.
2223 1661 2395 1732 Igitur
2427 1661 2695 1720 Romanis
2719 1663 2922 1719 iterum
2973 1665 3212 1735 imperat
3253 1665 3490 1722 I’Ieirene

1904 1752 2064 1808 annis
2095 1753 2361 1823 quinque.

1974 1845 2132 1900 Anno
2179 1845 2362 1914 itaque
2420 1845 2636 1916 imperii
2691 1846 2777 1904 sui
2828 1847 3067 1904 lleirene
3100 1848 3303 1919 primo,
3323 1849 3375 1903 id
3405 1858 3490 1905 est

1903 1951 2031 1991 cum
2063 1937 2309 1992 secundo
2361 1936 2634 2008 imperare
2666 1940 2950 2010 coepisset,
2975 1940 3267 1996 confestim
3300 1941 3490 2013 dirigit

1902 2017 2248 2086 Dorotheum
2278 2029 2650 2098 hegumcnum
2680 2031 3201 2102 Chrysopolitanum
3250 2042 3307 2088 et
3346 2032 3490 2088 Con-

1901 2121 2202 2178 stantinum
2229 2122 2711 2194 chartOphylacctn
2737 2125 2988 2180 ecclesiae
3028 2125 3237 2196 Magna:
3263 2125 3330 2180 ad
3359 2125 3490 2180 Abi-

1901 2217 2114 2292 tnelech
2158 2226 2344 2287 partes
2389 2217 2752 2289 Cappadociae
2829 2218 3259 2289 depopulantem
3319 2228 3488 2288 atque

1899 2306 2514 2373 Galatize,intercedens
2537 2324 2637 2378 pro
2659 2325 2823 2378 pace;
2856 2309 3002 2380 quod
3056 2319 3237 2365 tamen
3282 2309 3486 2364 factum

1899 2414 2009 2454 non
2054 2407 2158 2454 est.
2209 2399 2278 2454 Et
2319 2397 2584 2455 Octobrio
2645 2416 2836 2455 mense
2897 2400 3121 2471 quidam
3176 2400 3409 2456 rebelles
3432 2399 3487 2454 in

1899 2491 2151 2547 custodia
2177 2492 2374 2562 positis
2400 2493 2455 2546 in
2474 2493 2679 2563 palatio
2719 2492 3090 2562 Contherapia
3132 2491 3260 2546 filiis
3305 2491 3488 2560 impu-

1899 2581 2117 2651 gnantis
2145 2582 2318 2638 Deum
2363 2582 2717 2638 Constantini
2761 2584 2828 2637 ad
2891 2583 3137 2654 Magnam
3190 2585 3488 2654 confugere

1898 2673 2236 2742 persuadent
2265 2674 2580 2738 ecclesiam,
2626 2675 2784 2745 quasi
2829 2683 3082 2744 petentes
3131 2675 3487 2730 securitatem

1899 2764 2290 2834 subsequentis
2347 2766 2730 2821 indemnitatis
2773 2781 2907 2832 suae,
2941 2775 3219 2834 quatenus
3255 2781 3353 2835 per
3378 2767 3488 2821 bu-

1893 2855 2136 2928 jusmodi
2163 2857 2512 2913 occasionem
2554 2858 2901 2928 appellarent
2933 2873 3002 2912 ex
3040 2857 3123 2913 eis
3148 2873 3485 2928 quemquam

1898 2944 2316 3017 imperatorem.
2338 2949 2407 3004 Et
2448 2950 2621 3004 multo
2667 2950 2872 3018 populo
2917 2948 2985 3004 ad
3020 2950 3310 3004 ecclesiam
3354 2966 3488 3005 con-

210 3043 277 3096 ad
327 3043 387 3098 S.
419 3042 648 3096 Mamam
688 3049 1028 3106 transeunte,
1076 3046 1487 3094 transmearunt
1527 3038 1796 3096 adversus
1823 3064 1866 3123 ρ
1899 3045 2160 3092 currente
2193 3038 2471 3109 ingressus
2517 3046 2604 3093 est
2636 3038 2828 3092 Aetius
2866 3038 3160 3092 eunuchus
3186 3037 3473 3108 patricius.

208 3149 340 3189 eum
376 3131 960 3204 comprehendendum
992 3131 1047 3185 hi
1080 3131 1176 3200 qui
1201 3141 1450 3186 erantex
1481 3130 1793 3199 ordinibus,

207 3240 350 3294 quos
402 3232 577 3280 mater
628 3223 983 3294 imperatoris
1035 3223 1215 3278 fuerat
1259 3223 1522 3279 allocuta.
1554 3223 1672 3290 Quo
1701 3223 1796 3280 ille

207 3317 429 3389 cognito
486 3317 546 3372 in
599 3316 954 3372 chelandium
1015 3331 1175 3372 suum
1235 3316 1518 3386 ingressus
1566 3324 1694 3381 est,
1739 3323 1800 3376 et,

206 3408 572 3468 transmeavit
601 3409 668 3463 ad
696 3409 874 3480 Pylas,
900 3409 1093 3464 volens
1125 3408 1195 3463 ad
1221 3407 1590 3464 Orientalium
1609 3410 1794 3464 thema

203 3502 528 3572 confugere.
563 3501 736 3558 Erant
781 3511 965 3557 autem
1020 3516 1148 3556 cum
1205 3517 1272 3556 eo
1323 3511 1384 3558 et
1440 3503 1633 3557 matris
1683 3519 1796 3560 suae

200 3598 392 3662 amici,
421 3612 560 3668 quos
582 3596 672 3656 ille
698 3596 780 3652 sic
807 3611 929 3652 esse
950 3595 1172 3664 penitus
1189 3595 1497 3666 ignorabat.
1523 3598 1791 3652 Praeterea

199 3687 380 3743 exivit
444 3688 562 3757 ipse
611 3695 668 3742 et
722 3686 924 3742 mulier
972 3687 1094 3757 ejus
1136 3701 1310 3754 usque
1363 3687 1432 3741 ad
1485 3686 1790 3746 Tritonem.

198 3781 379 3836 Porro
393 3778 632 3834 consilio
657 3777 794 3832 inito
821 3777 982 3832 amici
1009 3777 1200 3832 matris
1217 3777 1358 3848 ejus,
1387 3778 1484 3846 qui
1514 3792 1638 3833 cum
1672 3777 1794 3846 ipso

196 3878 387 3934 erant,
456 3869 717 3926 dixerunt
788 3869 855 3924 ad
911 3869 1238 3938 semetipsos
1284 3886 1299 3924 :
1342 3868 1402 3925 Si
1448 3879 1794 3928 coacervata:

195 3965 367 4034 fuerit
391 3964 438 4018 ei
470 3960 713 4034 populus,
733 3977 836 4014 non
853 3961 974 4030 jam
991 3961 1225 4014 dominio
1257 3960 1666 4030 constringetur,
1701 3976 1794 4015 nec

196 4057 375 4114 latere
401 4055 687 4125 poterimus
705 4069 844 4116 eum,
869 4061 917 4105 et
936 4058 1114 4120 perdet
1161 4069 1274 4107 nos.
1313 4052 1594 4121 Materque
1620 4051 1793 4121 ipsius

194 4145 553 4218 congregatis
601 4145 659 4199 in
691 4142 895 4214 palatio
922 4143 1227 4198 Eleutherii
1253 4144 1335 4198 eis
1357 4143 1452 4213 qui
1481 4159 1550 4200 ex
1577 4143 1791 4198 ordini-

192 4239 312 4294 bus
355 4237 462 4292 sibi
521 4237 741 4292 fuerant
799 4235 1080 4300 collocuti,
1109 4236 1358 4290 introivit
1408 4235 1693 4306 palatium,
1736 4243 1793 4291 et

193 4346 330 4387 cum
357 4330 643 4408 didicisset
670 4329 858 4400 populi
889 4328 956 4383 ad
1016 4328 1404 4399 imperatorem
1433 4343 1787 4392 concursum,

1899 3136 1957 3184 et
1983 3128 2176 3184 eduxit
2227 3145 2324 3185 eos
2374 3130 2567 3195 verbo,
2599 3130 2820 3185 nemine
2844 3129 2910 3184 ad
2947 3130 3070 3185 illos
3115 3130 3394 3196 tendente,
3428 3140 3486 3185 et

1896 3217 2092 3277 exsilio
2121 3218 2524 3276 damnaverunt
2555 3236 2651 3276 eos
2679 3221 2825 3290 apud
2849 3220 3112 3277 Athenas.
3149 3222 3267 3275 Duo
3296 3231 3481 3277 autem

1897 3309 2138 3380 patricii,
2178 3310 2504 3368 Stauracius
2558 3312 2773 3367 scilicet
2827 3321 2884 3368 et
2912 3312 3126 3378 Aetius,
3163 3314 3259 3383 qui
3290 3313 3479 3370 dilecti

1895 3417 2017 3458 esse
2055 3404 2430 3460 noscebantur
2460 3405 2848 3476 imperatricis,
2895 3404 3024 3460 facti
3054 3405 3200 3472 [sunt
3233 3406 3289 3465 in
3318 3407 3485 3461 alter.

1896 3504 2085 3549 utrum
2107 3495 2314 3559 hostes,
2348 3497 2423 3551 ita
2450 3506 2511 3550 ut
2529 3498 2876 3553 inimicitiam
2903 3497 3189 3552 manifeste
3208 3510 3482 3554 monstra-

1897 3597 2040 3652 rent,
2069 3589 2230 3643 ambo
2261 3588 2624 3643 intentionem
2655 3589 2924 3644 habentes
2951 3597 3077 3657 post
3105 3601 3340 3647 mortem
3364 3593 3484 3662 ejus

1898 3680 2148 3750 cognatis
2179 3680 2295 3735 suis
2317 3679 2608 3749 imperium
2634 3681 2982 3750 acquirendi.

1965 3771 2125 3826 Anno
2165 3770 2380 3840 imperii
2407 3771 2644 3826 lIeirene
2677 3773 2921 3828 secundo
2945 3775 3268 3831 Abimelech
3311 3774 3483 3828 exivit

1895 3871 2090 3919 contra
2134 3861 2482 3927 Romaniam,
2519 3871 2574 3917 et
2608 3864 2778 3919 misso
2817 3866 3205 3935 expeditorum
3254 3865 3480 3920 incursu

1895 3955 2186 4012 descendit
2231 3970 2408 4025 usque
2460 3957 2527 4011 ad
2581 3956 2871 4028 Magalina,
2915 3967 2970 4012 et
2997 3974 3392 4028 praeoccupans
3423 3957 3475 4011 in

1896 4048 2137 4104 stabulis
2201 4047 2476 4104 Stauracii
2534 4063 2708 4118 equos
2773 4048 3132 4119 imperatorio
3207 4048 3479 4118 equitatui

1893 4153 2054 4213 aptos
2077 4141 2196 4197 sine
2220 4141 2440 4197 laesione
2474 4156 2731 4197 reversus
2749 4151 2877 4207 est;
2925 4150 2980 4197 et
3016 4142 3212 4212 reliqui
3249 4143 3479 4196 descen-

1895 4234 2098 4289 derunt
2125 4249 2300 4304 usque
2351 4233 2603 4307 Lydiam,
2647 4243 2704 4292 et
2748 4235 2978 4290 multam
3031 4235 3312 4291 consecuti
3352 4243 3482 4290 sunt

1893 4327 2154 4398 praedam.

193 4418 389 4474 timuit
415 4405 602 4482 nimis,
633 4428 690 4472 et
717 4417 988 4472 tractabat
1012 4418 1256 4488 qualiter
1289 4417 1532 4472 mitteret
1571 4417 1788 4487 episeo-
1821 4405 1864 4460 ι)
1965 4419 2158 4474 Mense
2209 4435 2342 4474 vero
2398 4419 2595 4475 Martio
2642 4421 2894 4490 septima:
2934 4419 3258 4476 indictionis
3299 4419 3479 4475 voluit

190 4525 301 4580 pos
322 4508 388 4564 ad
418 4523 544 4563 eum
572 4517 628 4564 et
653 4510 933 4579 acciperet
968 4509 1199 4565 verbum
1251 4518 1308 4564 et
1337 4509 1560 4564 sederet
1592 4508 1646 4563 in
1685 4524 1787 4564 an-

190 4601 352 4671 gulo.
379 4601 581 4656 Verum
615 4601 838 4669 scripsit
869 4601 1085 4657 occulte
1147 4600 1213 4654 ad
1253 4601 1462 4656 amicos
1500 4616 1651 4666 suos,
1691 4596 1788 4671 qui

189 4705 330 4746 cum
370 4704 435 4744 eo
457 4699 636 4755 erant,
663 4690 792 4760 quia
816 4689 932 4746 Nisi
955 4691 1177 4745 modum
1206 4691 1511 4758 quemlibet
1548 4691 1792 4748 feceritis

187 4792 256 4839 et
311 4781 648 4838 tradideritis
698 4798 849 4846 etin),
883 4781 1048 4837 verba
1091 4798 1212 4851 quae
1262 4782 1540 4837 habebitis
1574 4799 1788 4838 mecum

186 4874 449 4930 indicare
475 4874 650 4930 habeo
681 4873 1022 4944 imperatori.
1051 4873 1119 4928 At
1143 4874 1222 4927 illi
1252 4883 1564 4929 meteuntes
1587 4882 1786 4930 tenue-

185 4977 481 5024 runteum
510 4967 579 5022 ad
633 4983 849 5048 preces,
879 4976 935 5022 et
982 4967 1038 5021 in
1083 4967 1438 5024 chelandium
1473 4967 1698 5023 inducto
1721 4982 1791 5024 eo

184 5061 443 5118 Sabbato
501 5075 659 5116 mane
701 5069 978 5116 venerunt
1001 5059 1068 5114 ad
1103 5059 1318 5124 urbem,
1345 5069 1402 5114 et
1441 5060 1789 5115 incluserunt

182 5169 328 5212 eum
369 5153 426 5208 in
474 5151 637 5208 domo
689 5167 989 5222 purpurea,
1041 5151 1098 5206 in
1131 5167 1240 5222 qua
1272 5161 1330 5206 et
1382 5160 1549 5206 natus
1592 5162 1700 5216 est,
1732 5160 1788 5207 et

183 5247 346 5302 circa
369 5245 561 5300 horam
595 5259 801 5305 nonam
829 5240 1126 5300 ciudeliter
1151 5252 1208 5299 et
1237 5243 1622 5299 insanabiliter
1651 5259 1785 5299 ocu-

181 5339 281 5393 los
330 5337 451 5409 ejus
495 5337 764 5401 evellunt,
820 5335 898 5390 ita
951 5342 1011 5390 ut
1068 5337 1217 5390 hunc
1246 5350 1395 5390 mors
1443 5335 1787 5404 subsequens

181 5429 488 5488 confestim
528 5429 924 5501 exstingueret,
956 5427 1189 5483 consilio
1217 5429 1410 5483 matris
1435 5428 1554 5498 ejus
1576 5436 1632 5482 et
1651 5441 1784 5482 con-

183 5523 533 5580 siliariorum
575 5524 771 5594 ipsius.
805 5521 1212 5580 Obtenebratus
1237 5533 1418 5577 autem
1451 5531 1537 5576 est
1574 5521 1654 5576 sol
1685 5537 1783 5590 per

183 5617 390 5672 decem
418 5623 474 5672 et
503 5624 712 5686 septem
740 5615 880 5681 dies,
903 5624 959 5670 et
987 5631 1098 5670 non
1123 5614 1275 5670 dedit
1298 5614 1481 5670 radios
1513 5629 1665 5693 suos,
1708 5613 1781 5668 ita

191 5717 260 5765 ut
289 5708 615 5766 aberrarent
646 5723 812 5766 naves
873 5718 927 5764 et
975 5708 1274 5774 ferrentur,
1311 5706 1780 5778 (utiuesqucdicc-

1890 4509 2180 4565 Acamirus
2231 4511 2612 4566 Sclavinorum
2667 4511 2916 4566 Belziciaa
2946 4511 3203 4580 princeps
3228 4510 3478 4580 pulsatus

1891 4602 1960 4657 ab
1998 4601 2288 4660 Iielladicis
2313 4604 2551 4658 educere
2607 4603 2748 4658 filios
2789 4602 3159 4667 Constantini,
3193 4612 3251 4656 et
3296 4618 3364 4656 ex
3396 4603 3488 4657 eis.

1889 4707 2215 4764 promovere
2272 4694 2684 4763 imperatorem.
2721 4692 2858 4748 Cum
2905 4701 3089 4748 autem
3133 4694 3242 4749 hoc
3271 4709 3478 4765 cogno-

1890 4783 2060 4838 visset
2121 4783 2444 4854 imperatrix
2498 4784 2757 4845 lleirene,
2818 4783 2993 4838 mittit
3045 4784 3116 4839 ad
3179 4785 3475 4854 patricium

1887 4869 2306 4927 Constantinum
2330 4871 2784 4943 Scrantapichum
2802 4873 3271 4944 TheOphylactum
3305 4875 3478 4930 filium

1889 4965 2031 5033 ejus,
2060 4963 2157 5034 qui
2185 4963 2498 5034 spatharius
2521 4972 2640 5018 erat
2671 4972 2727 5019 et
2757 4979 2930 5035 nepos
2946 4980 3104 5031 suus,
3136 4975 3193 5022 et
3223 4967 3478 5022 omnium

1894 5053 2090 5110 oculos
2121 5053 2289 5118 eruit,
2311 5064 2367 5108 et
2392 5053 2682 5124 dissipavit
2727 5056 3024 5132 consilium
3065 5074 3260 5116 eorum
3286 5069 3484 5115 contra

1891 5159 1950 5201 se
1985 5145 2241 5214 nequiter
2291 5144 2671 5201 adinventum.
2706 5145 2876 5201 Porro
2907 5147 3184 5203 Paschalis
3213 5147 3483 5202 festivita-

1895 5238 1966 5294 tis
2021 5238 2158 5293 feria
2216 5237 2460 5294 secunda
2510 5239 2780 5308 processit
2835 5241 3162 5308 imperatrix
3195 5255 3226 5293 a
3272 5237 3482 5294 sanctis

1892 5330 2158 5402 apostolis
2185 5330 2240 5384 in
2272 5345 2440 5384 curru
2468 5339 2661 5386 aurato
2676 5340 2853 5393 vecta,
2885 5332 2979 5399 qui
3011 5345 3038 5382 a
3058 5339 3300 5399 quatuor
3319 5328 3482 5398 equis

1892 5427 2032 5483 albis
2067 5426 2387 5482 trahebatur
2419 5433 2472 5481 et
2533 5440 2562 5479 a
2608 5434 2846 5495 quatuor
2880 5423 3130 5493 patriciis
3163 5420 3476 5484 tenebatur,

1892 5499 2143 5578 Dardano
2167 5519 2427 5576 videlicet
2451 5527 2690 5590 praetore
2739 5516 3189 5581 Thracesiorum,
3228 5514 3479 5572 Sisinnio

1893 5618 2128 5681 praetore
2180 5610 2428 5674 Thracae,
2481 5609 2674 5664 Niceta
2711 5607 3020 5662 domestico
3065 5606 3378 5662 scholarum
3415 5616 3477 5660 ct

1889 5701 2250 5760 Constantino
2321 5702 2491 5766 Boila,
2544 5701 2757 5772 jactans
2814 5698 3120 5756 liberaliter
3169 5696 3474 5770 hypatiam.
