3978 6212
505 285 632 348 1ξοῖ

1511 360 1522 365 _
1623 287 2026 350 ANASTASII
2062 286 2690 349 BIBLIOTHECAHII

3615 287 3711 357 ll08

505 401 690 454 Mense
714 414 849 456 vero
887 400 1029 456 Maio
1061 399 1337 458 inﬂrmata
1374 410 1460 458 est
1487 401 1804 474 imperatrlx
1831 419 1971 475 pene
2015 402 2085 458 ad
2112 406 2164 464 Α
2187 400 2409 472 speria;
2435 417 2560 472 qua:
2597 401 2848 472 profecto
2878 398 3220 466 obaudisset,
3265 399 3375 455 nisi
3418 401 3586 458 Aetius
3621 405 3711 470 iste,

508 501 779 555 mortem,
813 501 868 546 et
913 503 1167 563 protenta
1223 505 1308 550 cst
1365 496 1648 550 contentio
1687 497 2093 552 cunuchorum.

515 586 710 640 Aetius
764 596 948 641 autem
1006 587 1306 643 auxiliatus
1356 598 1442 643 est
1501 588 1707 645 Nicette
1764 589 2000 659 patricio
2045 598 2102 645 et

513 679 835 734 scholarum
866 680 1192 748 domestico,
1218 691 1268 737 et
1304 682 1676 752 insequuntur
1704 696 1898 738 severe
1938 680 2102 737 Stau-

513 772 750 836 raeium,
769 773 1000 828 credere
1035 774 1299 830 facientes
1321 775 1728 845 imperatricem
1750 774 1896 845 quod
1927 775 2104 844 impe-

515 865 660 918 rium
694 874 996 936 appeteret,
1056 866 1131 921 ita
1167 877 1227 922 ut
1264 867 1528 922 atrociter
1591 866 1731 920 irata
1783 866 1886 932 illi,
1914 880 2107 921 ascen-

515 957 656 1012 dens
689 957 742 1011 in
785 958 1046 1026 palatium
1084 959 1504 1024 Tonehierium,
1548 957 1753 1014 dixerit
1786 957 2108 1014 rebellionis

517 1049 892 1106 etsimultatis
918 1051 1332 1107 sollicitatorem
1363 1067 1490 1106 eum
1517 1065 1661 1116 esse,
1693 1059 1748 1106 et
1774 1050 1877 1106 sibi
1911 1051 2108 1106 celeris

520 1144 915 1213 acquisitorem
941 1143 1291 1214 perditionis.
1321 1141 1425 1210 Qui
1448 1143 1514 1197 ad
1543 1142 1661 1198 haec
1683 1142 1934 1214 apologia
1965 1141 2109 1198 facta

528 1235 816 1290 muniebat
863 1252 923 1291 se
965 1236 1170 1306 ipsum.
1241 1233 1558 1290 lnsaniebat
1609 1244 1793 1289 autem
1843 1235 2111 1290 adversus

523 1325 744 1380 Aetium
778 1336 834 1381 et
859 1328 1106 1383 Nicetam
1127 1328 1237 1398 iam
1260 1326 1440 1382 dictos
1461 1326 1748 1397 patricios.

595 1419 754 1474 Anno
781 1419 998 1490 imperii
1047 1419 1281 1475 lieircne
1334 1420 1523 1484 tertio,
1566 1435 1756 1474 mense
1787 1419 2109 1486 Februario,

527 1513 832 1568 indictione
871 1521 1092 1579 octava,
1137 1513 1246 1583 iam
1284 1511 1466 1566 dictus
1509 1511 1832 1568 Stauracius
1867 1511 2114 1583 tyranni-

528 1609 654 1663 dem
709 1621 773 1662 ac
813 1607 1150 1662 simultatem
1216 1605 1272 1660 in
1325 1605 1462 1660 urbe
1507 1607 1656 1677 regia
1709 1606 2111 1674 construebat;

527 1700 854 1762 scholarios,
884 1700 976 1769 qui
1004 1707 1164 1754 erant
1191 1699 1245 1753 in
1278 1713 1365 1762 ea,
1390 1707 1447 1754 et
1472 1699 1824 1755 excubitores
1854 1714 1962 1754 una
1985 1713 2110 1754 cum

530 1792 724 1863 primis
751 1807 942 1846 eorum
979 1791 1229 1861 pecuniis
1263 1807 1328 1846 ac
1383 1791 1710 1847 muneribus
1739 1807 2026 1847 assumens
2054 1805 2118 1846 ac

531 1883 780 1953 placans.
809 1882 1047 1938 lleirene
1091 1897 1244 1947 sane,
1303 1881 1394 1952 pia
1450 1883 1790 1953 imperatrix,
1818 1883 2040 1940 silentio
2060 1883 2118 1939 in

529 1974 826 2030 Iustiniani
893 1973 1134 2028 triclinio
1189 1974 1334 2028 facto
1389 1973 1678 2044 prohibuit
1719 1989 1961 2040 omnem,
2022 1973 2119 2046 qui

533 2067 818 2130 militaret,
854 2065 1137 2121 adhaerere
1192 2065 1498 2130 Stauracio,
1532 2075 1587 2121 et
1631 2066 1713 2122 sic
1751 2066 1948 2138 adepta
1991 2075 2120 2123 sunt

535 2157 811 2212 modicam
842 2157 1300 2226 tranquillitatem
1335 2157 1574 2226 negotia.
1609 2157 1802 2214 Aetius
1847 2171 1981 2212 vero
2005 2157 2120 2228 iam

537 2256 879 2306 memoratus
891 2257 947 2304 et
975 2249 1195 2304 Nicetas
1223 2263 1348 2304 cum
1369 2249 1494 2303 aliis
1513 2249 1842 2319 quibusdam
1866 2251 2119 2305 certatim

537 2341 974 2397 adversabantur
1005 2340 1313 2406 Stauracio,
1357 2341 1452 2411 qui
1489 2341 1655 2397 corde
1686 2342 1974 2412 perculsus
1997 2357 2123 2397 san-

537 2432 759 2502 guinem
791 2447 890 2502 per
917 2446 980 2486 os
1005 2430 1192 2486 emisit
1221 2447 1542 2502 spumosum
1568 2447 1634 2486 ex
1663 2431 1910 2501 partibus
1936 2439 2122 2502 pecto-

537 2523 616 2580 ris
667 2533 725 2579 et
777 2524 1077 2594 pulmonis.
1121 2523 1238 2579 Hoc
1287 2523 1489 2579 medici
1516 2525 1850 2594 aspicientes
1890 2523 2121 2578 mortale

539 2615 1060 2684 pronuntiaverunt.
1105 2614 1206 2670 Ast
1249 2615 1562 2671 adulatores
1598 2625 1655 2671 et
1706 2616 1970 2686 imperiti,
2010 2631 2122 2671 non

538 2706 716 2760 solum
742 2704 962 2770 medici,
985 2705 1079 2760 sed
1110 2713 1167 2760 et
1191 2705 1413 2775 quidam
1457 2707 1925 2777 pseudomonachi
1952 2717 2009 2763 et
2038 2709 2121 2763 di-

539 2795 678 2861 vini,
709 2797 1041 2866 iuramentis
1091 2795 1323 2852 credere
1393 2809 1790 2867 persuaserunt
1828 2814 2005 2868 usque
2053 2798 2121 2854 ad

541 2888 691 2942 diem
725 2888 920 2941 mortis
948 2887 1088 2958 ejus,
1116 2903 1239 2958 quae
1265 2888 1406 2943 facta
1429 2897 1516 2944 est
1544 2904 1733 2944 mense
1752 2887 1919 2945 Junio
1950 2889 2124 2961 ipsius

541 2989 749 3036 octavae
816 2980 1161 3046 indictionis,
1211 2979 1358 3050 quod
1415 2981 1666 3036 victurus
1702 2990 1759 3037 et
1797 2991 2125 3052 regnaturus

2201 494 2294 565 qui
2330 510 2472 564 saepe
2500 494 2680 549 dictus
2717 505 2822 560 est,
2871 493 3224 558 inhibuisset,
3255 495 3545 565 pmvalens
3562 507 3608 552 ct
3639 498 3716 552 im-

2202 585 2420 656 perium
2461 585 2517 641 in
2548 587 2858 658 proprium,
2891 586 3036 642 sicut
3064 586 3391 657 praedictum
3425 596 3521 656 est,
3545 587 3716 646 fratrem

2203 693 2499 748 usurpans.

2275 767 2541 838 Sequenti
2595 774 2783 822 autem
2835 782 3003 832 anno,
3042 767 3140 838 qui
3180 780 3267 824 est
3304 770 3507 842 primus
3552 774 3722 848 imperii

2206 857 2537 930 Nicephori,
2570 858 2749 930 pridie
2770 857 3042 914 Kalendas
3079 859 3441 919 Novembrias
3467 864 3725 926 indictionis

2206 949 2536 1014 undecimae,
2561 959 2761 1019 quarta
2797 949 2976 1005 noctis
3010 949 3168 1016 hora,
3197 965 3325 1006 cum
3369 953 3491 1010 feria
3526 960 3725 1016 secunda

2205 1042 2457 1108 lucescit,
2493 1041 2639 1098 idem
2681 1041 3029 1112 Nicephorus
3072 1059 3201 1098 cum
3251 1045 3501 1114 patricius
3539 1060 3728 1108 essetet

2207 1131 2485 1203 logotbeta
2513 1132 2810 1203 generalis,
2837 1131 3186 1203 tyrannidem
3205 1134 3458 1192 adversus
3483 1122 3727 1196 lleirenein

2207 1224 2513 1295 piissimam
2553 1223 2876 1289 concitavit,
2904 1225 3020 1280 Deo
3051 1225 3274 1295 quidem
3315 1227 3646 1287 ineﬂ’abilibus
3670 1233 3728 1288 ob

2210 1324 2526 1372 nostrorum
2579 1314 2992 1370 multitudinem
3045 1327 3378 1387 peccatorum
3408 1319 3612 1390 iudiciis
3649 1323 3726 1378 in-

2210 1406 2494 1477 dulgente,
2531 1406 2959 1478 cooperantibus
2995 1407 3048 1462 ei
3098 1407 3287 1463 Niceta
3320 1410 3519 1479 patricio
3550 1420 3602 1468 et
3632 1413 3723 1467 do-

2212 1497 2444 1553 mestico
2494 1496 2850 1563 scholarum,
2909 1507 2968 1554 et
3021 1497 3266 1554 Sisinnio
3328 1499 3529 1570 patricio
3578 1500 3723 1558 lratre

2215 1589 2414 1660 ipsius,
2453 1588 2592 1644 viris
2643 1589 2885 1660 periuris
2933 1605 2997 1646 ac
3058 1589 3422 1646 fraudulentis
3459 1591 3730 1663 Triphyliis.

2214 1682 2388 1738 Erant
2418 1689 2604 1737 autem
2635 1696 2760 1737 cum
2799 1681 2910 1737 illis
2940 1690 3000 1737 et
3031 1681 3146 1738 Leo
3182 1683 3439 1754 patricius
3466 1683 3736 1756 Serantapi-

2152 1761 2190 1815 Β
2217 1776 2376 1843 chus,
2405 1785 2462 1831 et
2508 1775 2809 1846 Gregorius
2857 1774 3130 1846 patricius
3172 1775 3474 1842 Musulaeii,
3512 1786 3562 1832 et
3587 1776 3741 1831 Theo-

2219 1871 2418 1928 ctistus
2469 1869 2736 1941 patricius
2773 1877 2832 1925 et
2871 1878 3134 1939 quaestor,
3182 1876 3348 1938 atque
3379 1869 3562 1924 Petrus
3601 1869 3745 1940 patri-

2219 1961 2362 2026 cius,
2398 1961 2732 2018 seducentes
2766 1959 3037 2031 quosdam
3067 1974 3136 2014 ex
3161 1961 3384 2031 papulo,
3408 1960 3496 2031 qui
3529 1971 3747 2017 erantex

2219 2051 2531 2108 ordinibus.
2565 2052 2815 2122 Cumque
2847 2051 3131 2107 venissent
3162 2051 3234 2106 ad
3268 2061 3465 2122 portam
3490 2067 3604 2122 qua:
3628 2051 3750 2106 dicta

2220 2152 2306 2199 est
2333 2143 2555 2210 Chalee,
2579 2143 2949 2213 custodesque
2975 2142 3113 2198 falso
3133 2158 3202 2199 ac
3221 2143 3398 2198 subito
3426 2143 3752 2215 deeepissent,

2222 2245 2620 2304 persuaserunt
2654 2235 2739 2290 eis
2765 2242 2827 2290 ut
2849 2235 3144 2290 crederent
3168 2236 3318 2306 quod
3346 2237 3414 2291 ab
3444 2237 3556 2307 ipsa
3587 2235 3754 2290 fuerint

2221 2327 2504 2393 destinati,
2559 2337 2835 2398 quatenus
2892 2315 3284 2398 imperatorem
3335 2329 3584 2385 eumdem
3625 2327 3760 2384 Nice-

2221 2421 2459 2492 phorum
2491 2421 2857 2491 appellarent,
2888 2435 2956 2476 eo
2987 2419 3135 2490 quod
3179 2420 3367 2476 Aetius
3398 2420 3652 2491 patricius
3674 2418 3758 2472 sibi

2222 2512 2336 2567 vim
2382 2513 2616 2569 inferret
2660 2514 2727 2569 ad
2782 2514 3223 2570 annuntiandum
3277 2514 3515 2570 Leonem
3569 2513 3762 2569 fratrem

2223 2619 2386 2660 suum
2411 2604 2823 2676 imperatorem.
2853 2605 2958 2672 Qui
2989 2605 3270 2662 mendacio
3298 2612 3449 2662 tanto
3477 2607 3764 2670 credentes,

2224 2697 2612 2768 imperatorem
2644 2697 2854 2768 pariter
2877 2698 3354 2768 pronuntiaverunt
3381 2713 3511 2752 eum
3545 2698 3643 2768 qui
3670 2706 3772 2753 erat

2225 2797 2509 2860 tyrannus.
2541 2788 2753 2844 Taliter
2785 2805 2920 2861 ergo
2942 2790 3004 2844 ad
3039 2805 3289 2861 magnum
3317 2790 3586 2860 palatium
3613 2790 3768 2846 iidem

2223 2880 2443 2952 patricii
2470 2882 2760 2938 venientes
2797 2882 3026 2954 ingressi
3055 2891 3186 2937 sunt
3221 2883 3380 2949 illud,
3427 2882 3670 2954 indeque
3693 2898 3773 2954 per

2227 2979 2397 3026 totam
2419 2957 2613 3028 urbem
2661 2974 2936 3045 ignobiles
2961 2982 3019 3029 et
3067 2988 3257 3029 servos
3283 2973 3589 3044 dirigentes
3623 2975 3774 3028 accla-

541 3081 708 3129 esset.
738 3071 950 3140 Quibus
1003 3073 1094 3128 ille
1127 3073 1348 3127 innixus
1395 3073 1722 3129 seditionem
1751 3074 1806 3130 in
1841 3074 2127 3146 Cappado—
2152 3097 2199 3162 ο
2230 3068 2529 3124 "talionem
2561 3069 2815 3125 fecerunt
2842 3081 2969 3125 ante
3000 3070 3238 3125 mediam
3269 3079 3507 3135 noctem,
3537 3079 3592 3124 et
3615 3076 3775 3123 custo-

543 3161 646 3216 ciis
691 3162 1002 3216 construxit
1040 3162 1306 3217 adversus
1359 3163 1577 3217 Aetium
1608 3162 1747 3230 ﬁeri,
1801 3179 1964 3234 quam
2016 3179 2128 3219 non

545 3253 751 3308 meruit
804 3253 999 3308 vivens
1050 3253 1293 3307 audire:
1332 3264 1456 3322 post
1525 3253 1667 3308 duos
1717 3269 1957 3324 namque
2010 3255 2130 3310 dies

548 3345 746 3404 mortis
795 3345 916 3414 ejus
971 3358 1138 3412 super
1177 3343 1283 3397 hoc
1321 3344 1553 3399 nuntius
1587 3345 1762 3409 venit,
1791 3353 1848 3400 et
1877 3345 2129 3402 seditiosi

545 3431 936 3500 comprehensi
998 3431 1214 3487 exsiliis
1276 3440 1407 3487 sunt
1455 3443 1512 3489 et
1553 3433 2131 3493 animadversionibus

547 3522 778 3577 subditi.

618 3617 780 3671 Anno
815 3615 1035 3688 imperii
1075 3618 1310 3676 Heirene
1359 3628 1580 3692 quarto,
1631 3630 1827 3678 octavo
1863 3623 2131 3680 Kalendas

547 3706 859 3774 Ianuarias,
907 3709 1226 3767 indictionis
1276 3729 1456 3777 nonae,
1495 3712 1726 3770 Carolus
1758 3732 1850 3771 rex
1898 3715 2134 3772 Franco-

552 3814 675 3854 rum
697 3811 997 3858 coronatus
1037 3813 1120 3860 est
1146 3821 1176 3860 a
1207 3805 1392 3862 Leone
1420 3821 1581 3876 papa,
1611 3814 1669 3862 et
1709 3822 1835 3862 eum
1868 3807 2132 3864 voluisset

548 3901 741 3946 contra
771 3891 1015 3948 Siciliam
1047 3895 1318 3952 classibus
1342 3898 1602 3968 praeliari,
1626 3913 1684 3954 se
1698 3899 1979 3970 pmnituit,
2001 3915 2131 3955 con-

544 3980 700 4054 iungi
742 3985 929 4054 potius
958 4001 1084 4041 cum
1121 3987 1359 4044 Heirene
1393 3990 1605 4055 volens,
1652 3990 1848 4061 legatis
1905 3993 1970 4046 ad
2027 3991 2134 4047 hoc

550 4077 780 4134 directis
827 4080 1081 4149 sequenti
1127 4096 1292 4146 anno,
1329 4083 1632 4138 indictione
1667 4083 1902 4140 decima.
1936 4084 2132 4140 Martio

550 4181 685 4223 vero
709 4183 898 4225 mense
934 4171 1679 4231 nonmindictionlslleirene
1708 4176 1796 4246 pia
1814 4175 2132 4247 imperatrix

552 4257 830 4329 Byzantiis
860 4260 1046 4315 civilia
1075 4261 1302 4318 donavit
1331 4264 1561 4330 tributa,
1595 4265 1883 4337 Ahydique
1921 4283 1986 4322 ac
2007 4269 2132 4324 llie—

552 4349 623 4404 rii
655 4365 718 4405 ea
762 4366 884 4420 qua:
915 4351 1177 4408 dicuntur
1213 4353 1544 4411 commercia
1595 4357 1878 4424 relevavit,
1919 4361 2132 4430 magnis

2231 3161 2331 3215 des
2375 3161 2432 3216 in
2489 3162 2728 3220 circuitu
2786 3163 3016 3234 palatii,
3066 3162 3217 3233 quod
3276 3161 3451 3218 Tento
3497 3160 3776 3216 Eleutherii

2230 3262 2606 3324 nuncupatur,
2637 3266 2963 3324 posuerunt,
2995 3255 3087 3310 ubi
3119 3271 3242 3311 eam
3277 3253 3491 3323 contigit
3526 3267 3661 3307 esse.
3698 3251 3778 3306 Di-

2231 3342 2418 3398 luculo
2453 3359 2586 3400 sane
2619 3345 2986 3401 accersientes
3025 3361 3146 3400 eam
3177 3346 3552 3400 concluserunt
3586 3343 3639 3398 in
3668 3357 3781 3396 ma-

2225 3434 2333 3505 iori
2363 3435 2585 3504 palatio,
2613 3443 2667 3492 et
2701 3435 2776 3491 ita
2815 3447 3210 3507 processerunt
3248 3436 3319 3492 ad
3351 3436 3586 3507 Magnam
3615 3433 3784 3489 eccle-

2229 3523 2367 3578 siam
2407 3524 2475 3578 ad
2517 3524 2898 3580 coronandum
2926 3526 3245 3581 scelestum.
3298 3523 3564 3581 Convenit
3595 3523 3785 3577 interea

2232 3615 2488 3670 universa
2521 3617 2820 3673 multitudo
2858 3617 3032 3679 urbis,
3059 3630 3118 3673 et
3151 3633 3355 3673 omnes
3379 3632 3544 3688 super
3569 3615 3652 3670 bis
3684 3630 3785 3685 quae

2231 3705 2532 3776 agebantur
2555 3708 2783 3764 moleste
2804 3708 3075 3775 ferebant,
3107 3708 3513 3764 maledicentes
3531 3705 3786 3764 coronanti

2230 3806 2285 3854 et
2305 3799 2621 3856 coronando
2639 3801 2962 3872 cunctisque
2983 3801 3506 3872 congratulantibus
3521 3797 3789 3868 eis.thni-

2232 3891 2357 3946 dem
2389 3907 2514 3947 cum
2541 3892 2808 3964 religione
2829 3907 2894 3948 ac
2922 3893 3136 3948 ratione
3164 3893 3428 3950 viventes
3446 3891 3684 3948 divinum
3705 3886 3788 3944 mi-

2233 3982 2496 4038 rabantur
2517 3983 3056 4056 iudicium,qualiter
3079 4000 3199 4040 eam
3224 3985 3573 4056 permiserit,
3587 3998 3696 4054 qua
3711 3995 3788 4051 pro

2234 4085 2385 4130 recta
2412 4074 2518 4130 fide
2537 4091 2690 4132 more
2737 4086 3039 4148 martyrum
3089 4078 3561 4148 agonizaverat,a
3598 4072 3791 4132 subulco

2232 4166 2457 4237 expelli,
2494 4168 2801 4238 praesertim
2837 4183 2963 4224 cum
2997 4167 3051 4224 ei
3091 4169 3449 4226 devotissimi
3481 4171 3602 4241 eius
3637 4163 3792 4238 praeci—

2232 4273 2342 4329 pue
2375 4259 2662 4316 adhaerere
2693 4269 2918 4332 propter
2943 4261 3228 4316 avaritiam
3263 4260 3684 4332 proposuerint,
3703 4255 3792 4312 Leo

2235 4351 2450 4408 scilicet
2491 4352 2803 4418 eunuchus,
2826 4353 3095 4423 patricius
3123 4363 3180 4408 et
3198 4354 3540 4410 sacellarius
3564 4353 3792 4421 Sinopeos

553 4457 720 4512 super
749 4443 838 4498 his
865 4453 922 4500 et
941 4443 1065 4501 aliis
1094 4446 1281 4503 multis
1307 4447 1593 4504 beneflciis
1622 4449 1921 4520 gratiarum
1942 4453 2123 4510 "actio-

2236 4452 2292 4498 et
2312 4443 2425 4499 Deo
2448 4445 2632 4516 perosi
2673 4445 2944 4518 Triphylii
2970 4456 3137 4517 atque
3163 4447 3426 4517 patricii,
3451 4448 3549 4520 qui
3577 4444 3794 4518 superius

553 4533 723 4588 nibus
741 4532 904 4594 freta.

622 4624 784 4679 Anno
833 4624 1049 4696 imperii
1105 4626 1339 4684 Heirene
1385 4629 1581 4699 quinto
1633 4631 1826 4688 Aetius
1869 4633 2134 4704 patricius

552 4715 698 4772 liber
723 4733 753 4772 a
784 4717 1071 4776 Stauracio
1102 4720 1302 4788 factus,
1334 4730 1390 4778 et
1419 4722 1545 4779 ideo
1569 4723 1866 4780 securitate
1901 4726 2130 4797 potitus,

556 4809 853 4880 imperium
907 4813 978 4868 ad
1025 4812 1251 4870 fratrem
1305 4816 1591 4887 proprium
1646 4816 1945 4873 transferre
1989 4827 2133 4873 sata-

556 4901 738 4970 gebat,
772 4919 935 4973 quem
966 4913 1023 4960 et
1066 4915 1533 4978 monostrategum
1566 4907 1698 4963 fecit
1731 4908 1786 4964 in
1816 4908 2030 4965 Thrace
2058 4909 2134 4966 si-

557 4991 672 5045 mul
697 4999 753 5044 et
794 4991 1133 5060 Macedonia,
1174 4995 1292 5066 ipse
1321 4997 1588 5052 ulteriora
1639 4999 1882 5055 themata
1917 5009 2132 5068 tenens,

556 5082 871 5139 Orientales
918 5085 1131 5140 scilicet
1165 5096 1222 5142 et
1257 5086 1504 5158 Opsicin.
1536 5089 1675 5145 Cum
1727 5106 1860 5163 ergo
1897 5091 2136 5148 elatione

559 5177 798 5233 refertus
829 5186 997 5244 esset,
1019 5191 1116 5234 eos
1137 5179 1434 5250 principes,
1456 5182 1550 5252 qui
1581 5184 1929 5240 sublimiores
1955 5193 2134 5252 erant,

556 5269 932 5327 dehonestans
977 5285 1078 5342 pro
1131 5271 1307 5326 nihilo
1368 5275 1680 5344 reputabat,
1723 5277 1816 5346 qui
1865 5286 1922 5334 et
1977 5278 2136 5334 valde

557 5365 741 5422 maesti
779 5365 1043 5422 adversus
1074 5381 1168 5423 eos
1203 5365 1408 5433 effecti,
1446 5367 1778 5424 simultatem
1808 5381 1998 5427 contra
2035 5371 2138 5425 im-

559 5456 891 5526 peratricem
942 5457 1293 5524 meditantes,
1355 5457 1498 5513 hanc
1535 5457 1591 5512 in
1649 5471 1788 5529 opus
1837 5459 2134 5516 duxerunt.

559 5548 942 5604 Pervenerunt
979 5559 1162 5607 autem
1192 5549 1538 5622 apocrisiarii
1564 5565 1594 5604 a
1623 5548 1820 5606 Carolo
1851 5559 1908 5606 et
1953 5551 2136 5607 Leone

559 5650 700 5705 papa
733 5639 930 5695 dircct-i
983 5643 1049 5697 ad
1099 5643 1390 5700 lleirenem
1426 5642 1751 5714 piissimam,
1793 5643 2136 5714 postulantes

560 5730 623 5778 ut
645 5724 968 5796 iungeretur
1000 5733 1076 5790 illi
1137 5734 1202 5790 ad
1234 5736 1454 5807 nuptias
1485 5746 1541 5792 et
1574 5734 1760 5793 unirct
1804 5753 1902 5793 coa
1937 5745 1990 5794 ct
2035 5737 2133 5794 hc-

2236 4535 2370 4592 dicti
2401 4546 2550 4602 sunt,
2581 4537 2676 4608 qui
2701 4538 2861 4594 donis
2887 4539 3142 4609 plurimis
3159 4538 3230 4593 ab
3260 4538 3370 4595 illa
3403 4540 3560 4596 ditati
3593 4546 3726 4600 sunt,
3751 4544 3796 4589 et

2235 4643 2362 4684 cum
2384 4645 2449 4684 ea
2496 4645 2640 4695 saepe
2680 4640 3092 4696 conveseentes,
3132 4638 3190 4685 et
3236 4631 3656 4688 adulationibus
3689 4641 3794 4684 cum

2229 4721 2563 4792 iuramentis
2589 4722 2956 4779 horribilibus
2979 4733 3184 4780 certam
3214 4725 3555 4789 reddentes,
3580 4722 3796 4781 omnibus

2235 4814 2426 4870 mundi
2484 4815 2652 4872 rebus
2715 4829 2774 4871 se
2823 4816 3255 4872 necessariorem
3313 4829 3622 4890 reputare,
3663 4828 3792 4887 quam

2237 4907 2506 4963 haberent
2550 4923 2680 4978 erga
2727 4908 2878 4963 illam
2904 4949 2919 4973 ,
2961 4907 3420 4963 benevolentiam
3466 4909 3789 4965 afﬁrmabant.

2235 4997 2343 5052 Alii
2374 5008 2558 5053 autem
2594 5006 2655 5052 ut
2699 4997 2754 5052 in
2801 4996 2998 5053 ecstasi
3050 4995 3202 5060 facti,
3251 5007 3553 5066 gestorum
3600 4995 3788 5052 certitu-

2237 5090 2423 5146 dinem
2459 5090 2655 5145 horum
2687 5090 2916 5144 minime
2956 5090 3277 5152 sentientes,
3317 5089 3613 5144 somnium
3652 5102 3705 5142 se
3733 5085 3793 5136 ri-

2235 5182 2366 5239 dere
2387 5183 2673 5254 putabant.
2702 5181 2808 5238 Alii
2834 5191 3040 5246 autem,
3063 5179 3460 5250 quiduntaxat
3490 5179 3790 5252 perpendere

2236 5275 2377 5331 bene
2406 5275 2675 5342 sciebant,
2703 5275 3038 5346 prazteritam
3073 5273 3406 5329 felicitatem
3443 5271 3792 5330 beatiﬁcabant

2235 5376 2293 5422 et
2319 5367 2560 5423 futuram
2593 5383 2691 5438 per
2727 5366 3070 5439 tyrannidem
3107 5364 3508 5421 infelicitatem
3553 5363 3786 5435 lugebant.

2237 5459 2472 5515 maxime
2527 5459 2584 5516 hi
2614 5459 2707 5531 qui
2760 5459 2984 5531 maligni
3015 5458 3130 5513 voti
3158 5457 3384 5528 tyranni
3431 5452 3788 5528 experientiam

2235 5552 2529 5621 quamdam
2565 5559 2692 5606 ante
2725 5558 3101 5621 perceperant.
3147 5547 3320 5604 Porro
3354 5548 3655 5603 universos
3679 5555 3788 5598 ωιιο

2239 5645 2480 5698 muniter
2533 5642 2852 5713 possidebat
2917 5641 3093 5712 caligo
3135 5649 3193 5696 et
3251 5639 3382 5696 sine
3453 5635 3785 5696 consolatione

2239 5735 2439 5792 mentis
2472 5735 2733 5803 defectio,
2784 5751 2850 5791 nc
2900 5751 2996 5805 per
3033 5734 3243 5806 singula
3287 5732 3632 5791 miseranda
3673 5725 3783 5783 illiti
