  <div class='ocr_page' id='page_1' title='image "/cluster/home/n/w/nwhite01/storage/ocr_20150623/108/hvd.32044073502320/710.png"; bbox 0 0 3960 6228; ppageno 0'>
   <div class='ocr_carea' id='block_1_1' title="bbox 234 303 382 368">
    <p class='ocr_par' dir='ltr' id='par_1_1' title="bbox 234 303 382 368">
     <span class='ocr_line' id='line_1_1' title="bbox 234 303 382 368; baseline 0 0"><span class='ocrx_word' id='word_1_1' title='bbox 234 303 382 368; x_wconf 68' lang='grc'><strong>1409</strong></span> 
     </span>
    </p>
   </div>
   <div class='ocr_carea' id='block_1_2' title="bbox 1060 298 2713 366">
    <p class='ocr_par' dir='ltr' id='par_1_2' title="bbox 1060 298 2713 366">
     <span class='ocr_line' id='line_1_2' title="bbox 1060 298 2713 366; baseline 0.001 -2"><span class='ocrx_word' id='word_1_2' title='bbox 1060 299 1430 364; x_wconf 81' lang='lat' dir='ltr'><strong>HISTORIA</strong></span> <span class='ocrx_word' id='word_1_3' title='bbox 1463 298 2044 363; x_wconf 82' lang='lat' dir='ltr'><strong>ECCLESIASTICA</strong></span> <span class='ocrx_word' id='word_1_4' title='bbox 2086 301 2190 365; x_wconf 80' lang='lat' dir='ltr'><strong>EX</strong></span> <span class='ocrx_word' id='word_1_5' title='bbox 2225 301 2713 366; x_wconf 81' lang='lat' dir='ltr'><strong>TIIEOPHANE.</strong></span> 
     </span>
    </p>
   </div>
   <div class='ocr_carea' id='block_1_3' title="bbox 3355 301 3494 371">
    <p class='ocr_par' dir='ltr' id='par_1_3' title="bbox 3355 301 3494 371">
     <span class='ocr_line' id='line_1_3' title="bbox 3355 301 3494 371; baseline 0.029 -4"><span class='ocrx_word' id='word_1_6' title='bbox 3355 301 3494 371; x_wconf 72' lang='lat' dir='ltr'><strong>Illi}</strong></span> 
     </span>
    </p>
   </div>
   <div class='ocr_carea' id='block_1_4' title="bbox 229 415 3498 491">
    <p class='ocr_par' dir='ltr' id='par_1_4' title="bbox 229 415 3498 491">
     <span class='ocr_line' id='line_1_4' title="bbox 229 415 3498 491; baseline -0.001 -15"><span class='ocrx_word' id='word_1_7' title='bbox 229 422 343 478; x_wconf 85' lang='lat' dir='ltr'><strong>diei</strong></span> <span class='ocrx_word' id='word_1_8' title='bbox 379 415 651 475; x_wconf 79' lang='lat' dir='ltr'><strong>deformia</strong></span> <span class='ocrx_word' id='word_1_9' title='bbox 686 416 856 473; x_wconf 86' lang='lat' dir='ltr'><strong>verba</strong></span> <span class='ocrx_word' id='word_1_10' title='bbox 891 417 1139 474; x_wconf 89' lang='lat' dir='ltr'><strong>scribens</strong></span> <span class='ocrx_word' id='word_1_11' title='bbox 1171 418 1442 489; x_wconf 89' lang='lat' dir='ltr'><strong>protelem</strong></span> <span class='ocrx_word' id='word_1_12' title='bbox 1476 430 1809 474; x_wconf 91' lang='lat' dir='ltr'><strong>sermonem.</strong></span> <span class='ocrx_word' id='word_1_13' title='bbox 1839 418 1888 478; x_wconf 81' lang='grc' dir='ltr'><strong>Δ</strong></span> <span class='ocrx_word' id='word_1_14' title='bbox 1914 418 2049 487; x_wconf 88' lang='lat' dir='ltr'><strong>quid</strong></span> <span class='ocrx_word' id='word_1_15' title='bbox 2078 419 2254 475; x_wconf 88' lang='lat' dir='ltr'><strong>valuit</strong></span> <span class='ocrx_word' id='word_1_16' title='bbox 2309 419 2591 491; x_wconf 83' lang='lat' dir='ltr'><strong>hypocrisi</strong></span> <span class='ocrx_word' id='word_1_17' title='bbox 2641 428 2825 491; x_wconf 86' lang='lat' dir='ltr'><strong>tegere</strong></span> <span class='ocrx_word' id='word_1_18' title='bbox 2866 417 3095 474; x_wconf 86' lang='lat' dir='ltr'><strong>inditam</strong></span> <span class='ocrx_word' id='word_1_19' title='bbox 3130 420 3397 476; x_wconf 75' lang='lat' dir='ltr'><strong>malitiam</strong></span> <span class='ocrx_word' id='word_1_20' title='bbox 3439 427 3498 478; x_wconf 92' lang='lat' dir='ltr'><strong>et</strong></span> 
     </span>
    </p>
   </div>
   <div class='ocr_carea' id='block_1_5' title="bbox 230 506 1820 582">
    <p class='ocr_par' dir='ltr' id='par_1_5' title="bbox 230 506 1820 582">
     <span class='ocr_line' id='line_1_5' title="bbox 230 506 1820 582; baseline -0.005 -13"><span class='ocrx_word' id='word_1_21' title='bbox 230 513 482 582; x_wconf 86' lang='lat' dir='ltr'><strong>Denique</strong></span> <span class='ocrx_word' id='word_1_22' title='bbox 512 510 767 581; x_wconf 89' lang='lat' dir='ltr'><strong>sequenti</strong></span> <span class='ocrx_word' id='word_1_23' title='bbox 795 509 884 565; x_wconf 87' lang='lat' dir='ltr'><strong>die</strong></span> <span class='ocrx_word' id='word_1_24' title='bbox 930 511 1170 582; x_wconf 90' lang='lat' dir='ltr'><strong>sumptis</strong></span> <span class='ocrx_word' id='word_1_25' title='bbox 1191 510 1524 582; x_wconf 88' lang='lat' dir='ltr'><strong>quibusdam</strong></span> <span class='ocrx_word' id='word_1_26' title='bbox 1558 524 1626 564; x_wconf 87' lang='lat' dir='ltr'><strong>ex</strong></span> <span class='ocrx_word' id='word_1_27' title='bbox 1650 506 1820 578; x_wconf 87' lang='lat' dir='ltr'><strong>patri-</strong></span> 
     </span>
    </p>
   </div>
   <div class='ocr_carea' id='block_1_6' title="bbox 230 599 1820 673">
    <p class='ocr_par' dir='ltr' id='par_1_6' title="bbox 230 599 1820 673">
     <span class='ocr_line' id='line_1_6' title="bbox 230 599 1820 673; baseline -0.004 -13"><span class='ocrx_word' id='word_1_28' title='bbox 230 607 337 661; x_wconf 81' lang='lat' dir='ltr'><strong>ciis</strong></span> <span class='ocrx_word' id='word_1_29' title='bbox 385 601 641 659; x_wconf 83' lang='lat' dir='ltr'><strong>ascendit</strong></span> <span class='ocrx_word' id='word_1_30' title='bbox 689 601 759 657; x_wconf 83' lang='lat' dir='ltr'><strong>ad</strong></span> <span class='ocrx_word' id='word_1_31' title='bbox 812 602 1221 673; x_wconf 88' lang='lat' dir='ltr'><strong>imperatricem</strong></span> <span class='ocrx_word' id='word_1_32' title='bbox 1279 602 1545 658; x_wconf 55' lang='lat' dir='ltr'><strong>custodiat</strong></span> <span class='ocrx_word' id='word_1_33' title='bbox 1607 599 1820 655; x_wconf 84' lang='lat' dir='ltr'><strong>manci-</strong></span> 
     </span>
    </p>
   </div>
   <div class='ocr_carea' id='block_1_7' title="bbox 232 692 1822 768">
    <p class='ocr_par' dir='ltr' id='par_1_7' title="bbox 232 692 1822 768">
     <span class='ocr_line' id='line_1_7' title="bbox 232 692 1822 768; baseline -0.004 -16"><span class='ocrx_word' id='word_1_34' title='bbox 232 707 441 768; x_wconf 90' lang='lat' dir='ltr'><strong>patam,</strong></span> <span class='ocrx_word' id='word_1_35' title='bbox 471 695 764 760; x_wconf 86' lang='lat' dir='ltr'><strong>simulans,</strong></span> <span class='ocrx_word' id='word_1_36' title='bbox 794 702 856 748; x_wconf 91' lang='lat' dir='ltr'><strong>ut</strong></span> <span class='ocrx_word' id='word_1_37' title='bbox 889 695 940 750; x_wconf 92' lang='lat' dir='ltr'><strong>ei</strong></span> <span class='ocrx_word' id='word_1_38' title='bbox 977 695 1148 750; x_wconf 90' lang='lat' dir='ltr'><strong>moris</strong></span> <span class='ocrx_word' id='word_1_39' title='bbox 1173 705 1315 760; x_wconf 90' lang='lat' dir='ltr'><strong>erat,</strong></span> <span class='ocrx_word' id='word_1_40' title='bbox 1343 696 1533 749; x_wconf 81' lang='lat' dir='ltr'><strong>falsam</strong></span> <span class='ocrx_word' id='word_1_41' title='bbox 1570 692 1822 762; x_wconf 82' lang='lat' dir='ltr'><strong>benigni-</strong></span> 
     </span>
    </p>
   </div>
   <div class='ocr_carea' id='block_1_8' title="bbox 233 769 1821 856">
    <p class='ocr_par' dir='ltr' id='par_1_8' title="bbox 233 769 1821 856">
     <span class='ocr_line' id='line_1_8' title="bbox 233 769 1821 856; baseline -0.004 -14"><span class='ocrx_word' id='word_1_42' title='bbox 233 796 429 852; x_wconf 84' lang='lat' dir='ltr'><strong>tatem,</strong></span> <span class='ocrx_word' id='word_1_43' title='bbox 464 801 567 855; x_wconf 89' lang='lat' dir='ltr'><strong>per</strong></span> <span class='ocrx_word' id='word_1_44' title='bbox 590 799 758 855; x_wconf 88' lang='lat' dir='ltr'><strong>quam</strong></span> <span class='ocrx_word' id='word_1_45' title='bbox 789 792 848 839; x_wconf 92' lang='lat' dir='ltr'><strong>et</strong></span> <span class='ocrx_word' id='word_1_46' title='bbox 887 784 1078 855; x_wconf 90' lang='lat' dir='ltr'><strong>plures</strong></span> <span class='ocrx_word' id='word_1_47' title='bbox 1097 769 1349 856; x_wconf 81' lang='lat' dir='ltr'><strong>decepit,</strong></span> <span class='ocrx_word' id='word_1_48' title='bbox 1375 792 1432 839; x_wconf 90' lang='lat' dir='ltr'><strong>et</strong></span> <span class='ocrx_word' id='word_1_49' title='bbox 1459 797 1730 838; x_wconf 88' lang='lat' dir='ltr'><strong>excusans</strong></span> <span class='ocrx_word' id='word_1_50' title='bbox 1762 795 1821 836; x_wconf 91' lang='lat' dir='ltr'><strong>se</strong></span> 
     </span>
    </p>
   </div>
   <div class='ocr_carea' id='block_1_9' title="bbox 232 874 1822 950">
    <p class='ocr_par' dir='ltr' id='par_1_9' title="bbox 232 874 1822 950">
     <span class='ocr_line' id='line_1_9' title="bbox 232 874 1822 950; baseline -0.004 -16"><span class='ocrx_word' id='word_1_51' title='bbox 232 877 382 950; x_wconf 89' lang='lat' dir='ltr'><strong>quod</strong></span> <span class='ocrx_word' id='word_1_52' title='bbox 412 878 622 932; x_wconf 84' lang='lat' dir='ltr'><strong>invitus</strong></span> <span class='ocrx_word' id='word_1_53' title='bbox 644 875 712 930; x_wconf 88' lang='lat' dir='ltr'><strong>ad</strong></span> <span class='ocrx_word' id='word_1_54' title='bbox 739 877 1112 949; x_wconf 88' lang='lat' dir='ltr'><strong>principatum</strong></span> <span class='ocrx_word' id='word_1_55' title='bbox 1144 874 1528 933; x_wconf 80' lang='lat' dir='ltr'><strong>conscenderit</strong></span> <span class='ocrx_word' id='word_1_56' title='bbox 1548 889 1652 930; x_wconf 89' lang='lat' dir='ltr'><strong>nec</strong></span> <span class='ocrx_word' id='word_1_57' title='bbox 1674 874 1822 928; x_wconf 91' lang='lat' dir='ltr'><strong>hunc</strong></span> 
     </span>
    </p>
   </div>
   <div class='ocr_carea' id='block_1_10' title="bbox 233 964 1818 1041">
    <p class='ocr_par' dir='ltr' id='par_1_10' title="bbox 233 964 1818 1041">
     <span class='ocr_line' id='line_1_10' title="bbox 233 964 1818 1041; baseline -0.004 -15"><span class='ocrx_word' id='word_1_58' title='bbox 233 984 480 1041; x_wconf 88' lang='lat' dir='ltr'><strong>unquam</strong></span> <span class='ocrx_word' id='word_1_59' title='bbox 506 969 911 1025; x_wconf 77' lang='lat' dir='ltr'><strong>desideraverit</strong></span> <span class='ocrx_word' id='word_1_60' title='bbox 941 987 957 1024; x_wconf 89' lang='lat'><strong>:</strong></span> <span class='ocrx_word' id='word_1_61' title='bbox 1002 969 1368 1026; x_wconf 87' lang='lat' dir='ltr'><strong>maledicebat</strong></span> <span class='ocrx_word' id='word_1_62' title='bbox 1401 975 1583 1024; x_wconf 85' lang='lat' dir='ltr'><strong>autem</strong></span> <span class='ocrx_word' id='word_1_63' title='bbox 1613 966 1700 1022; x_wconf 92' lang='lat' dir='ltr'><strong>his</strong></span> <span class='ocrx_word' id='word_1_64' title='bbox 1722 964 1818 1036; x_wconf 88' lang='lat' dir='ltr'><strong>qui</strong></span> 
     </span>
    </p>
   </div>
   <div class='ocr_carea' id='block_1_11' title="bbox 234 1062 1824 1133">
    <p class='ocr_par' dir='ltr' id='par_1_11' title="bbox 234 1062 1824 1133">
     <span class='ocr_line' id='line_1_11' title="bbox 234 1062 1824 1133; baseline -0.004 -15"><span class='ocrx_word' id='word_1_65' title='bbox 234 1079 296 1118; x_wconf 86' lang='lat' dir='ltr'><strong>se</strong></span> <span class='ocrx_word' id='word_1_66' title='bbox 341 1069 710 1133; x_wconf 88' lang='lat' dir='ltr'><strong>provexerant</strong></span> <span class='ocrx_word' id='word_1_67' title='bbox 759 1070 816 1117; x_wconf 92' lang='lat' dir='ltr'><strong>et</strong></span> <span class='ocrx_word' id='word_1_68' title='bbox 863 1062 1010 1116; x_wconf 85' lang='lat' dir='ltr'><strong>illam</strong></span> <span class='ocrx_word' id='word_1_69' title='bbox 1049 1063 1268 1118; x_wconf 87' lang='lat' dir='ltr'><strong>insidiis</strong></span> <span class='ocrx_word' id='word_1_70' title='bbox 1312 1062 1708 1132; x_wconf 86' lang='lat' dir='ltr'><strong>appetiverant,</strong></span> <span class='ocrx_word' id='word_1_71' title='bbox 1762 1066 1824 1114; x_wconf 91' lang='lat' dir='ltr'><strong>ut</strong></span> 
     </span>
    </p>
   </div>
   <div class='ocr_carea' id='block_1_12' title="bbox 235 1152 1820 1226">
    <p class='ocr_par' dir='ltr' id='par_1_12' title="bbox 235 1152 1820 1226">
     <span class='ocr_line' id='line_1_12' title="bbox 235 1152 1820 1226; baseline -0.003 -16"><span class='ocrx_word' id='word_1_72' title='bbox 235 1155 489 1226; x_wconf 89' lang='lat' dir='ltr'><strong>proditor</strong></span> <span class='ocrx_word' id='word_1_73' title='bbox 511 1154 828 1219; x_wconf 89' lang='lat' dir='ltr'><strong>Dominum,</strong></span> <span class='ocrx_word' id='word_1_74' title='bbox 855 1164 1144 1226; x_wconf 88' lang='lat' dir='ltr'><strong>postquam</strong></span> <span class='ocrx_word' id='word_1_75' title='bbox 1179 1170 1304 1208; x_wconf 92' lang='lat' dir='ltr'><strong>cum</strong></span> <span class='ocrx_word' id='word_1_76' title='bbox 1337 1154 1459 1224; x_wconf 90' lang='lat' dir='ltr'><strong>ipso</strong></span> <span class='ocrx_word' id='word_1_77' title='bbox 1489 1152 1820 1219; x_wconf 68' lang='lat' dir='ltr'><strong>castraverit;</strong></span> 
     </span>
    </p>
   </div>
   <div class='ocr_carea' id='block_1_13' title="bbox 239 1245 1825 1319">
    <p class='ocr_par' dir='ltr' id='par_1_13' title="bbox 239 1245 1825 1319">
     <span class='ocr_line' id='line_1_13' title="bbox 239 1245 1825 1319; baseline -0.001 -17"><span class='ocrx_word' id='word_1_78' title='bbox 239 1264 381 1319; x_wconf 89' lang='lat' dir='ltr'><strong>quos</strong></span> <span class='ocrx_word' id='word_1_79' title='bbox 399 1257 456 1304; x_wconf 89' lang='lat' dir='ltr'><strong>et</strong></span> <span class='ocrx_word' id='word_1_80' title='bbox 474 1247 781 1302; x_wconf 86' lang='lat' dir='ltr'><strong>imitatores</strong></span> <span class='ocrx_word' id='word_1_81' title='bbox 808 1246 957 1302; x_wconf 87' lang='lat' dir='ltr'><strong>illius</strong></span> <span class='ocrx_word' id='word_1_82' title='bbox 985 1248 1250 1302; x_wconf 82' lang='lat' dir='ltr'><strong>exsistere</strong></span> <span class='ocrx_word' id='word_1_83' title='bbox 1277 1246 1599 1302; x_wconf 85' lang='lat' dir='ltr'><strong>testabatur.</strong></span> <span class='ocrx_word' id='word_1_84' title='bbox 1626 1245 1825 1302; x_wconf 86' lang='lat' dir='ltr'><strong>Osten-</strong></span> 
     </span>
    </p>
   </div>
   <div class='ocr_carea' id='block_1_14' title="bbox 243 1337 1823 1411">
    <p class='ocr_par' dir='ltr' id='par_1_14' title="bbox 243 1337 1823 1411">
     <span class='ocr_line' id='line_1_14' title="bbox 243 1337 1823 1411; baseline -0.003 -14"><span class='ocrx_word' id='word_1_85' title='bbox 243 1342 322 1397; x_wconf 90' lang='lat' dir='ltr'><strong>sis</strong></span> <span class='ocrx_word' id='word_1_86' title='bbox 361 1339 525 1397; x_wconf 90' lang='lat' dir='ltr'><strong>etiam</strong></span> <span class='ocrx_word' id='word_1_87' title='bbox 557 1339 732 1411; x_wconf 81' lang='lat' dir='ltr'><strong>nigris</strong></span> <span class='ocrx_word' id='word_1_88' title='bbox 763 1339 1174 1404; x_wconf 85' lang='lat' dir='ltr'><strong>calceamentis,</strong></span> <span class='ocrx_word' id='word_1_89' title='bbox 1205 1354 1391 1394; x_wconf 90' lang='lat' dir='ltr'><strong>amare</strong></span> <span class='ocrx_word' id='word_1_90' title='bbox 1417 1355 1476 1395; x_wconf 92' lang='lat' dir='ltr'><strong>se</strong></span> <span class='ocrx_word' id='word_1_91' title='bbox 1516 1339 1716 1394; x_wconf 85' lang='lat' dir='ltr'><strong>talibus</strong></span> <span class='ocrx_word' id='word_1_92' title='bbox 1745 1337 1823 1394; x_wconf 88' lang='lat' dir='ltr'><strong>uti</strong></span> 
     </span>
    </p>
   </div>
   <div class='ocr_carea' id='block_1_15' title="bbox 243 1431 1823 1503">
    <p class='ocr_par' dir='ltr' id='par_1_15' title="bbox 243 1431 1823 1503">
     <span class='ocr_line' id='line_1_15' title="bbox 243 1431 1823 1503; baseline 0 -17"><span class='ocrx_word' id='word_1_93' title='bbox 243 1439 446 1503; x_wconf 58' lang='lat' dir='ltr'><strong>prater</strong></span> <span class='ocrx_word' id='word_1_94' title='bbox 471 1431 620 1502; x_wconf 80' lang='lat' dir='ltr'><strong>leges</strong></span> <span class='ocrx_word' id='word_1_95' title='bbox 663 1431 1052 1502; x_wconf 87' lang='lat' dir='ltr'><strong>imperatorias</strong></span> <span class='ocrx_word' id='word_1_96' title='bbox 1079 1431 1420 1497; x_wconf 79' lang='lat' dir='ltr'><strong>allirmabat;</strong></span> <span class='ocrx_word' id='word_1_97' title='bbox 1458 1432 1823 1501; x_wconf 82' lang='lat' dir='ltr'><strong>fiduciamque</strong></span> 
     </span>
    </p>
   </div>
   <div class='ocr_carea' id='block_1_16' title="bbox 237 1521 1824 1595">
    <p class='ocr_par' dir='ltr' id='par_1_16' title="bbox 237 1521 1824 1595">
     <span class='ocr_line' id='line_1_16' title="bbox 237 1521 1824 1595; baseline -0.002 -17"><span class='ocrx_word' id='word_1_98' title='bbox 237 1523 447 1580; x_wconf 90' lang='lat' dir='ltr'><strong>habere</strong></span> <span class='ocrx_word' id='word_1_99' title='bbox 477 1523 665 1578; x_wconf 89' lang='lat' dir='ltr'><strong>dolose</strong></span> <span class='ocrx_word' id='word_1_100' title='bbox 693 1523 951 1578; x_wconf 88' lang='lat' dir='ltr'><strong>monebat</strong></span> <span class='ocrx_word' id='word_1_101' title='bbox 978 1538 1123 1589; x_wconf 92' lang='lat' dir='ltr'><strong>eam,</strong></span> <span class='ocrx_word' id='word_1_102' title='bbox 1143 1531 1199 1579; x_wconf 92' lang='lat' dir='ltr'><strong>et</strong></span> <span class='ocrx_word' id='word_1_103' title='bbox 1223 1538 1349 1578; x_wconf 92' lang='lat' dir='ltr'><strong>cum</strong></span> <span class='ocrx_word' id='word_1_104' title='bbox 1375 1522 1727 1595; x_wconf 91' lang='lat' dir='ltr'><strong>juramentis,</strong></span> <span class='ocrx_word' id='word_1_105' title='bbox 1754 1521 1824 1576; x_wconf 90' lang='lat' dir='ltr'><strong>de</strong></span> 
     </span>
    </p>
   </div>
   <div class='ocr_carea' id='block_1_17' title="bbox 240 1615 1823 1687">
    <p class='ocr_par' dir='ltr' id='par_1_17' title="bbox 240 1615 1823 1687">
     <span class='ocr_line' id='line_1_17' title="bbox 240 1615 1823 1687; baseline -0.003 -15"><span class='ocrx_word' id='word_1_106' title='bbox 240 1617 394 1672; x_wconf 91' lang='lat' dir='ltr'><strong>omni</strong></span> <span class='ocrx_word' id='word_1_107' title='bbox 418 1616 692 1687; x_wconf 88' lang='lat' dir='ltr'><strong>corporali</strong></span> <span class='ocrx_word' id='word_1_108' title='bbox 720 1615 933 1686; x_wconf 88' lang='lat' dir='ltr'><strong>requie,</strong></span> <span class='ocrx_word' id='word_1_109' title='bbox 972 1631 1138 1687; x_wconf 88' lang='lat' dir='ltr'><strong>quam</strong></span> <span class='ocrx_word' id='word_1_110' title='bbox 1179 1616 1443 1686; x_wconf 89' lang='lat' dir='ltr'><strong>consequi</strong></span> <span class='ocrx_word' id='word_1_111' title='bbox 1481 1615 1761 1670; x_wconf 90' lang='lat' dir='ltr'><strong>dominam</strong></span> <span class='ocrx_word' id='word_1_112' title='bbox 1792 1629 1823 1669; x_wconf 90' lang='lat' dir='ltr'><strong>a</strong></span> 
     </span>
    </p>
   </div>
   <div class='ocr_carea' id='block_1_18' title="bbox 237 1707 1822 1780">
    <p class='ocr_par' dir='ltr' id='par_1_18' title="bbox 237 1707 1822 1780">
     <span class='ocr_line' id='line_1_18' title="bbox 237 1707 1822 1780; baseline -0.001 -15"><span class='ocrx_word' id='word_1_113' title='bbox 237 1723 401 1766; x_wconf 86' lang='lat' dir='ltr'><strong>servo</strong></span> <span class='ocrx_word' id='word_1_114' title='bbox 423 1707 690 1774; x_wconf 83' lang='lat' dir='ltr'><strong>deceret;</strong></span> <span class='ocrx_word' id='word_1_115' title='bbox 715 1709 1035 1780; x_wconf 89' lang='lat' dir='ltr'><strong>nullamque</strong></span> <span class='ocrx_word' id='word_1_116' title='bbox 1062 1709 1321 1764; x_wconf 89' lang='lat' dir='ltr'><strong>arbitrari</strong></span> <span class='ocrx_word' id='word_1_117' title='bbox 1344 1725 1644 1764; x_wconf 69' lang='lat' dir='ltr'><strong>aerumnam</strong></span> <span class='ocrx_word' id='word_1_118' title='bbox 1662 1724 1822 1763; x_wconf 90' lang='lat' dir='ltr'><strong>casus</strong></span> 
     </span>
    </p>
   </div>
   <div class='ocr_carea' id='block_1_19' title="bbox 240 1799 1822 1872">
    <p class='ocr_par' dir='ltr' id='par_1_19' title="bbox 240 1799 1822 1872">
     <span class='ocr_line' id='line_1_19' title="bbox 240 1799 1822 1872; baseline -0.001 -15"><span class='ocrx_word' id='word_1_119' title='bbox 240 1801 391 1857; x_wconf 90' lang='lat' dir='ltr'><strong>illius</strong></span> <span class='ocrx_word' id='word_1_120' title='bbox 411 1799 825 1856; x_wconf 81' lang='lat' dir='ltr'><strong>exhortabatur.</strong></span> <span class='ocrx_word' id='word_1_121' title='bbox 838 1800 1236 1857; x_wconf 86' lang='lat' dir='ltr'><strong>Commonebat</strong></span> <span class='ocrx_word' id='word_1_122' title='bbox 1261 1809 1540 1872; x_wconf 88' lang='lat' dir='ltr'><strong>postremo</strong></span> <span class='ocrx_word' id='word_1_123' title='bbox 1562 1800 1639 1855; x_wconf 92' lang='lat' dir='ltr'><strong>nil</strong></span> <span class='ocrx_word' id='word_1_124' title='bbox 1655 1815 1822 1856; x_wconf 90' lang='lat' dir='ltr'><strong>occu-</strong></span> 
     </span>
    </p>
   </div>
   <div class='ocr_carea' id='block_1_20' title="bbox 238 1892 1823 1964">
    <p class='ocr_par' dir='ltr' id='par_1_20' title="bbox 238 1892 1823 1964">
     <span class='ocr_line' id='line_1_20' title="bbox 238 1892 1823 1964; baseline -0.001 -15"><span class='ocrx_word' id='word_1_125' title='bbox 238 1895 356 1950; x_wconf 88' lang='lat' dir='ltr'><strong>lere</strong></span> <span class='ocrx_word' id='word_1_126' title='bbox 384 1909 415 1949; x_wconf 93' lang='lat' dir='ltr'><strong>a</strong></span> <span class='ocrx_word' id='word_1_127' title='bbox 460 1908 521 1950; x_wconf 88' lang='lat' dir='ltr'><strong>se</strong></span> <span class='ocrx_word' id='word_1_128' title='bbox 567 1893 941 1964; x_wconf 89' lang='lat' dir='ltr'><strong>imperialium</strong></span> <span class='ocrx_word' id='word_1_129' title='bbox 974 1894 1384 1959; x_wconf 87' lang='lat' dir='ltr'><strong>thesaurorum,</strong></span> <span class='ocrx_word' id='word_1_130' title='bbox 1425 1901 1486 1948; x_wconf 90' lang='lat' dir='ltr'><strong>et</strong></span> <span class='ocrx_word' id='word_1_131' title='bbox 1525 1892 1823 1948; x_wconf 86' lang='lat' dir='ltr'><strong>damnabat</strong></span> 
     </span>
    </p>
   </div>
   <div class='ocr_carea' id='block_1_21' title="bbox 241 1984 1819 2049">
    <p class='ocr_par' dir='ltr' id='par_1_21' title="bbox 241 1984 1819 2049">
     <span class='ocr_line' id='line_1_21' title="bbox 241 1984 1819 2049; baseline -0.001 -8"><span class='ocrx_word' id='word_1_132' title='bbox 241 1985 490 2041; x_wconf 68' lang='lat' dir='ltr'><strong>avaritia:</strong></span> <span class='ocrx_word' id='word_1_133' title='bbox 538 1985 758 2049; x_wconf 78' lang='lat' dir='ltr'><strong>vitium,</strong></span> <span class='ocrx_word' id='word_1_134' title='bbox 818 1985 926 2042; x_wconf 89' lang='lat' dir='ltr'><strong>hoc</strong></span> <span class='ocrx_word' id='word_1_135' title='bbox 964 1986 1114 2040; x_wconf 88' lang='lat' dir='ltr'><strong>illam</strong></span> <span class='ocrx_word' id='word_1_136' title='bbox 1154 1985 1362 2041; x_wconf 87' lang='lat' dir='ltr'><strong>habere</strong></span> <span class='ocrx_word' id='word_1_137' title='bbox 1425 1999 1539 2049; x_wconf 86' lang='lat' dir='ltr'><strong>non</strong></span> <span class='ocrx_word' id='word_1_138' title='bbox 1595 1984 1819 2040; x_wconf 83' lang='lat' dir='ltr'><strong>ferens:</strong></span> 
     </span>
    </p>
   </div>
   <div class='ocr_carea' id='block_1_22' title="bbox 240 2077 1820 2151">
    <p class='ocr_par' dir='ltr' id='par_1_22' title="bbox 240 2077 1820 2151">
     <span class='ocr_line' id='line_1_22' title="bbox 240 2077 1820 2151; baseline 0.001 -17"><span class='ocrx_word' id='word_1_139' title='bbox 240 2077 535 2151; x_wconf 73' lang='lat' dir='ltr'><strong>languebat</strong></span> <span class='ocrx_word' id='word_1_140' title='bbox 579 2080 728 2134; x_wconf 90' lang='lat' dir='ltr'><strong>enim</strong></span> <span class='ocrx_word' id='word_1_141' title='bbox 774 2095 841 2136; x_wconf 90' lang='lat' dir='ltr'><strong>eo</strong></span> <span class='ocrx_word' id='word_1_142' title='bbox 886 2081 1249 2136; x_wconf 82' lang='lat' dir='ltr'><strong>vehementer</strong></span> <span class='ocrx_word' id='word_1_143' title='bbox 1295 2080 1478 2135; x_wconf 89' lang='lat' dir='ltr'><strong>omnia</strong></span> <span class='ocrx_word' id='word_1_144' title='bbox 1526 2079 1820 2144; x_wconf 85' lang='lat' dir='ltr'><strong>devorans,</strong></span> 
     </span>
    </p>
   </div>
   <div class='ocr_carea' id='block_1_23' title="bbox 240 2169 1824 2241">
    <p class='ocr_par' dir='ltr' id='par_1_23' title="bbox 240 2169 1824 2241">
     <span class='ocr_line' id='line_1_23' title="bbox 240 2169 1824 2241; baseline -0.001 -16"><span class='ocrx_word' id='word_1_145' title='bbox 240 2184 575 2241; x_wconf 90' lang='lat' dir='ltr'><strong>omnemque</strong></span> <span class='ocrx_word' id='word_1_146' title='bbox 617 2169 674 2225; x_wconf 90' lang='lat' dir='ltr'><strong>in</strong></span> <span class='ocrx_word' id='word_1_147' title='bbox 716 2185 852 2225; x_wconf 89' lang='lat' dir='ltr'><strong>auro</strong></span> <span class='ocrx_word' id='word_1_148' title='bbox 898 2185 1050 2241; x_wconf 90' lang='lat' dir='ltr'><strong>spem</strong></span> <span class='ocrx_word' id='word_1_149' title='bbox 1093 2178 1151 2225; x_wconf 90' lang='lat' dir='ltr'><strong>et</strong></span> <span class='ocrx_word' id='word_1_150' title='bbox 1193 2169 1450 2226; x_wconf 84' lang='lat' dir='ltr'><strong>ﬁduciam</strong></span> <span class='ocrx_word' id='word_1_151' title='bbox 1483 2185 1714 2241; x_wconf 87' lang='lat' dir='ltr'><strong>ponens.</strong></span> <span class='ocrx_word' id='word_1_152' title='bbox 1753 2169 1824 2225; x_wconf 88' lang='lat' dir='ltr'><strong>At</strong></span> 
     </span>
    </p>
   </div>
   <div class='ocr_carea' id='block_1_24' title="bbox 240 2261 1820 2333">
    <p class='ocr_par' dir='ltr' id='par_1_24' title="bbox 240 2261 1820 2333">
     <span class='ocr_line' id='line_1_24' title="bbox 240 2261 1820 2333; baseline 0.001 -17"><span class='ocrx_word' id='word_1_153' title='bbox 240 2275 378 2316; x_wconf 85' lang='lat' dir='ltr'><strong>vero</strong></span> <span class='ocrx_word' id='word_1_154' title='bbox 407 2262 627 2332; x_wconf 88' lang='lat' dir='ltr'><strong>sapiens</strong></span> <span class='ocrx_word' id='word_1_155' title='bbox 656 2270 713 2317; x_wconf 90' lang='lat' dir='ltr'><strong>et</strong></span> <span class='ocrx_word' id='word_1_156' title='bbox 741 2261 859 2317; x_wconf 90' lang='lat' dir='ltr'><strong>Deo</strong></span> <span class='ocrx_word' id='word_1_157' title='bbox 888 2262 1089 2317; x_wconf 86' lang='lat' dir='ltr'><strong>dilecta</strong></span> <span class='ocrx_word' id='word_1_158' title='bbox 1112 2262 1367 2328; x_wconf 90' lang='lat' dir='ltr'><strong>Heirene,</strong></span> <span class='ocrx_word' id='word_1_159' title='bbox 1396 2263 1652 2333; x_wconf 88' lang='lat' dir='ltr'><strong>quamvis</strong></span> <span class='ocrx_word' id='word_1_160' title='bbox 1684 2277 1820 2318; x_wconf 91' lang='lat' dir='ltr'><strong>con-</strong></span> 
     </span>
    </p>
   </div>
   <div class='ocr_carea' id='block_1_25' title="bbox 241 2350 1820 2424">
    <p class='ocr_par' dir='ltr' id='par_1_25' title="bbox 241 2350 1820 2424">
     <span class='ocr_line' id='line_1_25' title="bbox 241 2350 1820 2424; baseline 0.001 -17"><span class='ocrx_word' id='word_1_161' title='bbox 241 2360 466 2424; x_wconf 89' lang='lat' dir='ltr'><strong>grueret</strong></span> <span class='ocrx_word' id='word_1_162' title='bbox 497 2361 559 2408; x_wconf 89' lang='lat' dir='ltr'><strong>ut</strong></span> <span class='ocrx_word' id='word_1_163' title='bbox 599 2350 856 2422; x_wconf 86' lang='lat' dir='ltr'><strong>passione</strong></span> <span class='ocrx_word' id='word_1_164' title='bbox 889 2361 996 2408; x_wconf 88' lang='lat' dir='ltr'><strong>tam</strong></span> <span class='ocrx_word' id='word_1_165' title='bbox 1034 2351 1342 2423; x_wconf 79' lang='lat' dir='ltr'><strong>repentina:</strong></span> <span class='ocrx_word' id='word_1_166' title='bbox 1371 2352 1820 2408; x_wconf 87' lang='lat' dir='ltr'><strong>commutationis</strong></span> 
     </span>
    </p>
   </div>
   <div class='ocr_carea' id='block_1_26' title="bbox 243 2442 1822 2514">
    <p class='ocr_par' dir='ltr' id='par_1_26' title="bbox 243 2442 1822 2514">
     <span class='ocr_line' id='line_1_26' title="bbox 243 2442 1822 2514; baseline 0.001 -16"><span class='ocrx_word' id='word_1_167' title='bbox 243 2451 436 2514; x_wconf 91' lang='lat' dir='ltr'><strong>utpote</strong></span> <span class='ocrx_word' id='word_1_168' title='bbox 465 2442 667 2499; x_wconf 82' lang='lat' dir='ltr'><strong>mulier</strong></span> <span class='ocrx_word' id='word_1_169' title='bbox 692 2452 998 2509; x_wconf 85' lang='lat' dir='ltr'><strong>teneretur,</strong></span> <span class='ocrx_word' id='word_1_170' title='bbox 1022 2442 1152 2498; x_wconf 90' lang='lat' dir='ltr'><strong>forti</strong></span> <span class='ocrx_word' id='word_1_171' title='bbox 1182 2451 1240 2499; x_wconf 90' lang='lat' dir='ltr'><strong>et</strong></span> <span class='ocrx_word' id='word_1_172' title='bbox 1264 2442 1500 2514; x_wconf 88' lang='lat' dir='ltr'><strong>sapienti</strong></span> <span class='ocrx_word' id='word_1_173' title='bbox 1526 2443 1822 2514; x_wconf 86' lang='lat' dir='ltr'><strong>prudentia</strong></span> 
     </span>
    </p>
   </div>
   <div class='ocr_carea' id='block_1_27' title="bbox 241 2533 1871 2605">
    <p class='ocr_par' dir='ltr' id='par_1_27' title="bbox 241 2533 1871 2605">
     <span class='ocr_line' id='line_1_27' title="bbox 241 2533 1871 2605; baseline 0.001 -17"><span class='ocrx_word' id='word_1_174' title='bbox 241 2533 384 2590; x_wconf 88' lang='lat' dir='ltr'><strong>dixit</strong></span> <span class='ocrx_word' id='word_1_175' title='bbox 430 2534 498 2590; x_wconf 89' lang='lat' dir='ltr'><strong>ad</strong></span> <span class='ocrx_word' id='word_1_176' title='bbox 548 2549 698 2601; x_wconf 84' lang='lat' dir='ltr'><strong>eum,</strong></span> <span class='ocrx_word' id='word_1_177' title='bbox 732 2534 828 2605; x_wconf 88' lang='lat' dir='ltr'><strong>qui</strong></span> <span class='ocrx_word' id='word_1_178' title='bbox 875 2533 999 2590; x_wconf 87' lang='lat' dir='ltr'><strong>heri</strong></span> <span class='ocrx_word' id='word_1_179' title='bbox 1049 2533 1276 2604; x_wconf 90' lang='lat' dir='ltr'><strong>quidem</strong></span> <span class='ocrx_word' id='word_1_180' title='bbox 1320 2548 1516 2589; x_wconf 86' lang='lat' dir='ltr'><strong>servus</strong></span> <span class='ocrx_word' id='word_1_181' title='bbox 1566 2534 1823 2605; x_wconf 90' lang='lat' dir='ltr'><strong>perjurus</strong></span> <span class='ocrx_word' id='word_1_182' title='bbox 1867 2553 1871 2557; x_wconf 51' lang='grc' dir='ltr'>δ</span> 
     </span>
    </p>
   </div>
   <div class='ocr_carea' id='block_1_28' title="bbox 243 2623 1824 2694">
    <p class='ocr_par' dir='ltr' id='par_1_28' title="bbox 243 2623 1824 2694">
     <span class='ocr_line' id='line_1_28' title="bbox 243 2623 1824 2694; baseline 0 -16"><span class='ocrx_word' id='word_1_183' title='bbox 243 2624 447 2690; x_wconf 82' lang='lat' dir='ltr'><strong>fuerat,</strong></span> <span class='ocrx_word' id='word_1_184' title='bbox 477 2623 642 2682; x_wconf 87' lang='lat' dir='ltr'><strong>hodie</strong></span> <span class='ocrx_word' id='word_1_185' title='bbox 702 2639 831 2680; x_wconf 85' lang='lat' dir='ltr'><strong>vero</strong></span> <span class='ocrx_word' id='word_1_186' title='bbox 879 2623 1055 2680; x_wconf 75' lang='lat' dir='ltr'><strong>solers</strong></span> <span class='ocrx_word' id='word_1_187' title='bbox 1083 2631 1140 2680; x_wconf 91' lang='lat' dir='ltr'><strong>et</strong></span> <span class='ocrx_word' id='word_1_188' title='bbox 1189 2623 1486 2680; x_wconf 88' lang='lat' dir='ltr'><strong>seditiosus</strong></span> <span class='ocrx_word' id='word_1_189' title='bbox 1533 2639 1599 2678; x_wconf 91' lang='lat' dir='ltr'><strong>ac</strong></span> <span class='ocrx_word' id='word_1_190' title='bbox 1644 2623 1824 2694; x_wconf 86' lang='lat' dir='ltr'><strong>impu-</strong></span> 
     </span>
    </p>
   </div>
   <div class='ocr_carea' id='block_1_29' title="bbox 242 2712 1822 2784">
    <p class='ocr_par' dir='ltr' id='par_1_29' title="bbox 242 2712 1822 2784">
     <span class='ocr_line' id='line_1_29' title="bbox 242 2712 1822 2784; baseline 0.001 -18"><span class='ocrx_word' id='word_1_191' title='bbox 242 2713 395 2767; x_wconf 69' lang='lat' dir='ltr'><strong>dens</strong></span> <span class='ocrx_word' id='word_1_192' title='bbox 413 2713 764 2769; x_wconf 89' lang='lat' dir='ltr'><strong>habebatur:</strong></span> <span class='ocrx_word' id='word_1_193' title='bbox 817 2712 932 2784; x_wconf 86' lang='lat' dir='ltr'><strong>Ego</strong></span> <span class='ocrx_word' id='word_1_194' title='bbox 969 2713 1200 2784; x_wconf 83' lang='lat' dir='ltr'><strong>quidem,</strong></span> <span class='ocrx_word' id='word_1_195' title='bbox 1249 2730 1279 2768; x_wconf 91' lang='grc' dir='ltr'><em>ο</em></span> <span class='ocrx_word' id='word_1_196' title='bbox 1305 2713 1480 2780; x_wconf 83' lang='lat' dir='ltr'><strong>homo,</strong></span> <span class='ocrx_word' id='word_1_197' title='bbox 1519 2713 1688 2768; x_wconf 82' lang='lat' dir='ltr'><strong>Deum</strong></span> <span class='ocrx_word' id='word_1_198' title='bbox 1728 2717 1822 2768; x_wconf 84' lang='lat' dir='ltr'><strong>de-</strong></span> 
     </span>
    </p>
   </div>
   <div class='ocr_carea' id='block_1_30' title="bbox 242 2804 1824 2877">
    <p class='ocr_par' dir='ltr' id='par_1_30' title="bbox 242 2804 1824 2877">
     <span class='ocr_line' id='line_1_30' title="bbox 242 2804 1824 2877; baseline 0.003 -20"><span class='ocrx_word' id='word_1_199' title='bbox 242 2811 369 2873; x_wconf 83' lang='lat' dir='ltr'><strong>puto</strong></span> <span class='ocrx_word' id='word_1_200' title='bbox 401 2804 630 2875; x_wconf 81' lang='lat' dir='ltr'><strong>pridem,</strong></span> <span class='ocrx_word' id='word_1_201' title='bbox 667 2821 786 2858; x_wconf 90' lang='lat' dir='ltr'><strong>cum</strong></span> <span class='ocrx_word' id='word_1_202' title='bbox 842 2820 1006 2859; x_wconf 84' lang='lat' dir='ltr'><strong>essem</strong></span> <span class='ocrx_word' id='word_1_203' title='bbox 1035 2806 1300 2877; x_wconf 81' lang='lat' dir='ltr'><strong>orphana,</strong></span> <span class='ocrx_word' id='word_1_204' title='bbox 1344 2804 1612 2860; x_wconf 72' lang='lat' dir='ltr'><strong>exultasse</strong></span> <span class='ocrx_word' id='word_1_205' title='bbox 1635 2822 1736 2873; x_wconf 88' lang='lat' dir='ltr'><strong>me,</strong></span> <span class='ocrx_word' id='word_1_206' title='bbox 1774 2813 1824 2861; x_wconf 90' lang='lat' dir='ltr'><strong>et</strong></span> 
     </span>
    </p>
   </div>
   <div class='ocr_carea' id='block_1_31' title="bbox 242 2893 1820 2968">
    <p class='ocr_par' dir='ltr' id='par_1_31' title="bbox 242 2893 1820 2968">
     <span class='ocr_line' id='line_1_31' title="bbox 242 2893 1820 2968; baseline 0.003 -21"><span class='ocrx_word' id='word_1_207' title='bbox 242 2893 433 2948; x_wconf 87' lang='lat' dir='ltr'><strong>deinde</strong></span> <span class='ocrx_word' id='word_1_208' title='bbox 462 2910 622 2964; x_wconf 91' lang='lat' dir='ltr'><strong>super</strong></span> <span class='ocrx_word' id='word_1_209' title='bbox 672 2895 866 2948; x_wconf 89' lang='lat' dir='ltr'><strong>solium</strong></span> <span class='ocrx_word' id='word_1_210' title='bbox 907 2896 1138 2964; x_wconf 89' lang='lat' dir='ltr'><strong>imperii,</strong></span> <span class='ocrx_word' id='word_1_211' title='bbox 1189 2895 1306 2949; x_wconf 86' lang='lat' dir='ltr'><strong>licet</strong></span> <span class='ocrx_word' id='word_1_212' title='bbox 1367 2913 1530 2950; x_wconf 91' lang='lat' dir='ltr'><strong>essem</strong></span> <span class='ocrx_word' id='word_1_213' title='bbox 1578 2897 1820 2968; x_wconf 87' lang='lat' dir='ltr'><strong>indigna,</strong></span> 
     </span>
    </p>
   </div>
   <div class='ocr_carea' id='block_1_32' title="bbox 241 2983 1824 3056">
    <p class='ocr_par' dir='ltr' id='par_1_32' title="bbox 241 2983 1824 3056">
     <span class='ocr_line' id='line_1_32' title="bbox 241 2983 1824 3056; baseline 0.003 -20"><span class='ocrx_word' id='word_1_214' title='bbox 241 2983 540 3056; x_wconf 76' lang='lat' dir='ltr'><strong>prouexisse</strong></span> <span class='ocrx_word' id='word_1_215' title='bbox 582 2999 683 3037; x_wconf 90' lang='lat' dir='ltr'><strong>me.</strong></span> <span class='ocrx_word' id='word_1_216' title='bbox 715 2983 945 3038; x_wconf 86' lang='lat' dir='ltr'><strong>Causam</strong></span> <span class='ocrx_word' id='word_1_217' title='bbox 997 2999 1122 3037; x_wconf 82' lang='lat' dir='ltr'><strong>vero</strong></span> <span class='ocrx_word' id='word_1_218' title='bbox 1169 2983 1503 3053; x_wconf 77' lang='lat' dir='ltr'><strong>depositionis</strong></span> <span class='ocrx_word' id='word_1_219' title='bbox 1544 3002 1674 3040; x_wconf 70' lang='lat' dir='ltr'><strong>mea:</strong></span> <span class='ocrx_word' id='word_1_220' title='bbox 1721 2989 1824 3040; x_wconf 84' lang='lat' dir='ltr'><strong>mi-</strong></span> 
     </span>
    </p>
   </div>
   <div class='ocr_carea' id='block_1_33' title="bbox 1921 510 3496 583">
    <p class='ocr_par' dir='ltr' id='par_1_33' title="bbox 1921 510 3496 583">
     <span class='ocr_line' id='line_1_33' title="bbox 1921 510 3496 583; baseline 0.003 -19"><span class='ocrx_word' id='word_1_221' title='bbox 1921 510 2207 565; x_wconf 87' lang='lat' dir='ltr'><strong>avaritiam</strong></span> <span class='ocrx_word' id='word_1_222' title='bbox 2259 526 2437 575; x_wconf 89' lang='lat' dir='ltr'><strong>suam,</strong></span> <span class='ocrx_word' id='word_1_223' title='bbox 2464 511 2559 566; x_wconf 89' lang='lat' dir='ltr'><strong>sed</strong></span> <span class='ocrx_word' id='word_1_224' title='bbox 2610 511 2766 581; x_wconf 88' lang='lat' dir='ltr'><strong>quasi</strong></span> <span class='ocrx_word' id='word_1_225' title='bbox 2825 510 3105 566; x_wconf 88' lang='lat' dir='ltr'><strong>recisurus</strong></span> <span class='ocrx_word' id='word_1_226' title='bbox 3148 511 3496 583; x_wconf 89' lang='lat' dir='ltr'><strong>injustitiam,</strong></span> 
     </span>
    </p>
   </div>
   <div class='ocr_carea' id='block_1_34' title="bbox 1922 601 3499 673">
    <p class='ocr_par' dir='ltr' id='par_1_34' title="bbox 1922 601 3499 673">
     <span class='ocr_line' id='line_1_34' title="bbox 1922 601 3499 673; baseline 0.003 -18"><span class='ocrx_word' id='word_1_227' title='bbox 1922 615 2160 672; x_wconf 85' lang='lat' dir='ltr'><strong>nequam</strong></span> <span class='ocrx_word' id='word_1_228' title='bbox 2204 602 2260 656; x_wconf 88' lang='lat' dir='ltr'><strong>in</strong></span> <span class='ocrx_word' id='word_1_229' title='bbox 2305 601 2602 673; x_wconf 77' lang='lat' dir='ltr'><strong>Magnaura</strong></span> <span class='ocrx_word' id='word_1_230' title='bbox 2632 611 2688 656; x_wconf 90' lang='lat' dir='ltr'><strong>et</strong></span> <span class='ocrx_word' id='word_1_231' title='bbox 2732 602 3002 673; x_wconf 79' lang='lat' dir='ltr'><strong>injustam</strong></span> <span class='ocrx_word' id='word_1_232' title='bbox 3048 603 3340 658; x_wconf 87' lang='lat' dir='ltr'><strong>constituit</strong></span> <span class='ocrx_word' id='word_1_233' title='bbox 3382 605 3499 660; x_wconf 91' lang='lat' dir='ltr'><strong>fore</strong></span> 
     </span>
    </p>
   </div>
   <div class='ocr_carea' id='block_1_35' title="bbox 1917 694 3503 767">
    <p class='ocr_par' dir='ltr' id='par_1_35' title="bbox 1917 694 3503 767">
     <span class='ocr_line' id='line_1_35' title="bbox 1917 694 3503 767; baseline 0.001 -19"><span class='ocrx_word' id='word_1_234' title='bbox 1917 695 2213 767; x_wconf 86' lang='lat' dir='ltr'><strong>judicium.</strong></span> <span class='ocrx_word' id='word_1_235' title='bbox 2248 694 2492 750; x_wconf 89' lang='lat' dir='ltr'><strong>Intentio</strong></span> <span class='ocrx_word' id='word_1_236' title='bbox 2542 710 2782 764; x_wconf 85' lang='lat' dir='ltr'><strong>namque</strong></span> <span class='ocrx_word' id='word_1_237' title='bbox 2818 703 3049 765; x_wconf 85' lang='lat' dir='ltr'><strong>tyranno</strong></span> <span class='ocrx_word' id='word_1_238' title='bbox 3093 702 3236 761; x_wconf 86' lang='lat' dir='ltr'><strong>erat,</strong></span> <span class='ocrx_word' id='word_1_239' title='bbox 3270 703 3330 749; x_wconf 91' lang='lat' dir='ltr'><strong>ut</strong></span> <span class='ocrx_word' id='word_1_240' title='bbox 3370 695 3503 764; x_wconf 63' lang='lat' dir='ltr'><strong>ipsa;</strong></span> 
     </span>
    </p>
   </div>
   <div class='ocr_carea' id='block_1_36' title="bbox 1924 786 3500 857">
    <p class='ocr_par' dir='ltr' id='par_1_36' title="bbox 1924 786 3500 857">
     <span class='ocr_line' id='line_1_36' title="bbox 1924 786 3500 857; baseline 0.001 -17"><span class='ocrx_word' id='word_1_241' title='bbox 1924 801 2016 842; x_wconf 92' lang='lat' dir='ltr'><strong>res</strong></span> <span class='ocrx_word' id='word_1_242' title='bbox 2065 787 2457 850; x_wconf 87' lang='lat' dir='ltr'><strong>ostenderunt,</strong></span> <span class='ocrx_word' id='word_1_243' title='bbox 2494 803 2607 842; x_wconf 92' lang='lat' dir='ltr'><strong>non</strong></span> <span class='ocrx_word' id='word_1_244' title='bbox 2652 786 2988 857; x_wconf 86' lang='lat' dir='ltr'><strong>pauperibus</strong></span> <span class='ocrx_word' id='word_1_245' title='bbox 3037 787 3162 857; x_wconf 88' lang='lat' dir='ltr'><strong>jura</strong></span> <span class='ocrx_word' id='word_1_246' title='bbox 3197 787 3500 848; x_wconf 85' lang='lat' dir='ltr'><strong>tribuendi,</strong></span> 
     </span>
    </p>
   </div>
   <div class='ocr_carea' id='block_1_37' title="bbox 1922 879 3503 950">
    <p class='ocr_par' dir='ltr' id='par_1_37' title="bbox 1922 879 3503 950">
     <span class='ocr_line' id='line_1_37' title="bbox 1922 879 3503 950; baseline 0 -16"><span class='ocrx_word' id='word_1_247' title='bbox 1922 879 2018 934; x_wconf 88' lang='lat' dir='ltr'><strong>sed</strong></span> <span class='ocrx_word' id='word_1_248' title='bbox 2081 895 2182 950; x_wconf 90' lang='lat' dir='ltr'><strong>per</strong></span> <span class='ocrx_word' id='word_1_249' title='bbox 2239 879 2345 936; x_wconf 82' lang='lat' dir='ltr'><strong>hoc</strong></span> <span class='ocrx_word' id='word_1_250' title='bbox 2409 894 2606 934; x_wconf 91' lang='lat' dir='ltr'><strong>omnes</strong></span> <span class='ocrx_word' id='word_1_251' title='bbox 2655 879 2750 948; x_wconf 91' lang='lat' dir='ltr'><strong>qui</strong></span> <span class='ocrx_word' id='word_1_252' title='bbox 2815 879 2998 950; x_wconf 90' lang='lat' dir='ltr'><strong>magni</strong></span> <span class='ocrx_word' id='word_1_253' title='bbox 3054 887 3215 934; x_wconf 91' lang='lat' dir='ltr'><strong>erant</strong></span> <span class='ocrx_word' id='word_1_254' title='bbox 3265 879 3503 934; x_wconf 77' lang='lat' dir='ltr'><strong>inhono-</strong></span> 
     </span>
    </p>
   </div>
   <div class='ocr_carea' id='block_1_38' title="bbox 1924 971 3502 1044">
    <p class='ocr_par' dir='ltr' id='par_1_38' title="bbox 1924 971 3502 1044">
     <span class='ocr_line' id='line_1_38' title="bbox 1924 971 3502 1044; baseline -0.001 -18"><span class='ocrx_word' id='word_1_255' title='bbox 1924 971 2082 1026; x_wconf 89' lang='lat' dir='ltr'><strong>randi</strong></span> <span class='ocrx_word' id='word_1_256' title='bbox 2124 971 2235 1044; x_wconf 82' lang='lat' dir='ltr'><strong>(S9)</strong></span> <span class='ocrx_word' id='word_1_257' title='bbox 2273 980 2330 1027; x_wconf 90' lang='lat' dir='ltr'><strong>et</strong></span> <span class='ocrx_word' id='word_1_258' title='bbox 2364 971 2704 1042; x_wconf 86' lang='lat' dir='ltr'><strong>captivandi,</strong></span> <span class='ocrx_word' id='word_1_259' title='bbox 2735 981 2792 1027; x_wconf 90' lang='lat' dir='ltr'><strong>et</strong></span> <span class='ocrx_word' id='word_1_260' title='bbox 2819 971 2888 1026; x_wconf 89' lang='lat' dir='ltr'><strong>ad</strong></span> <span class='ocrx_word' id='word_1_261' title='bbox 2920 986 2979 1026; x_wconf 90' lang='lat' dir='ltr'><strong>se</strong></span> <span class='ocrx_word' id='word_1_262' title='bbox 3022 987 3144 1041; x_wconf 72' lang='lat' dir='ltr'><strong>quae</strong></span> <span class='ocrx_word' id='word_1_263' title='bbox 3173 980 3502 1026; x_wconf 88' lang='lat' dir='ltr'><strong>cunctorum</strong></span> 
     </span>
    </p>
   </div>
   <div class='ocr_carea' id='block_1_39' title="bbox 1923 1061 3504 1133">
    <p class='ocr_par' dir='ltr' id='par_1_39' title="bbox 1923 1061 3504 1133">
     <span class='ocr_line' id='line_1_39' title="bbox 1923 1061 3504 1133; baseline -0.002 -14"><span class='ocrx_word' id='word_1_264' title='bbox 1923 1072 2084 1119; x_wconf 90' lang='lat' dir='ltr'><strong>erant</strong></span> <span class='ocrx_word' id='word_1_265' title='bbox 2132 1062 2300 1133; x_wconf 90' lang='lat' dir='ltr'><strong>impie</strong></span> <span class='ocrx_word' id='word_1_266' title='bbox 2353 1061 2761 1128; x_wconf 86' lang='lat' dir='ltr'><strong>transferendi;</strong></span> <span class='ocrx_word' id='word_1_267' title='bbox 2794 1061 2939 1132; x_wconf 88' lang='lat' dir='ltr'><strong>quod</strong></span> <span class='ocrx_word' id='word_1_268' title='bbox 2995 1071 3052 1116; x_wconf 91' lang='lat' dir='ltr'><strong>et</strong></span> <span class='ocrx_word' id='word_1_269' title='bbox 3097 1061 3246 1117; x_wconf 89' lang='lat' dir='ltr'><strong>fecit.</strong></span> <span class='ocrx_word' id='word_1_270' title='bbox 3296 1061 3504 1116; x_wconf 83' lang='lat' dir='ltr'><strong>Videas</strong></span> 
     </span>
    </p>
   </div>
   <div class='ocr_carea' id='block_1_40' title="bbox 1924 1153 3504 1230">
    <p class='ocr_par' dir='ltr' id='par_1_40' title="bbox 1924 1153 3504 1230">
     <span class='ocr_line' id='line_1_40' title="bbox 1924 1153 3504 1230; baseline -0.003 -19"><span class='ocrx_word' id='word_1_271' title='bbox 1924 1165 2110 1230; x_wconf 85' lang='lat' dir='ltr'><strong>autem</strong></span> <span class='ocrx_word' id='word_1_272' title='bbox 2143 1170 2339 1211; x_wconf 90' lang='lat' dir='ltr'><strong>omnes</strong></span> <span class='ocrx_word' id='word_1_273' title='bbox 2372 1154 2639 1210; x_wconf 86' lang='lat' dir='ltr'><strong>adversus</strong></span> <span class='ocrx_word' id='word_1_274' title='bbox 2675 1169 2733 1209; x_wconf 91' lang='lat' dir='ltr'><strong>se</strong></span> <span class='ocrx_word' id='word_1_275' title='bbox 2779 1153 3155 1218; x_wconf 84' lang='lat' dir='ltr'><strong>contristatos,</strong></span> <span class='ocrx_word' id='word_1_276' title='bbox 3191 1161 3250 1207; x_wconf 92' lang='lat' dir='ltr'><strong>et</strong></span> <span class='ocrx_word' id='word_1_277' title='bbox 3296 1167 3504 1223; x_wconf 85' lang='lat' dir='ltr'><strong>pavens</strong></span> 
     </span>
    </p>
   </div>
   <div class='ocr_carea' id='block_1_41' title="bbox 1924 1246 3502 1316">
    <p class='ocr_par' dir='ltr' id='par_1_41' title="bbox 1924 1246 3502 1316">
     <span class='ocr_line' id='line_1_41' title="bbox 1924 1246 3502 1316; baseline -0.003 -12"><span class='ocrx_word' id='word_1_278' title='bbox 1924 1265 1996 1304; x_wconf 91' lang='lat' dir='ltr'><strong>ne</strong></span> <span class='ocrx_word' id='word_1_279' title='bbox 2063 1249 2208 1304; x_wconf 89' lang='lat' dir='ltr'><strong>forte</strong></span> <span class='ocrx_word' id='word_1_280' title='bbox 2285 1262 2560 1302; x_wconf 89' lang='lat' dir='ltr'><strong>memores</strong></span> <span class='ocrx_word' id='word_1_281' title='bbox 2623 1248 2873 1302; x_wconf 72' lang='lat' dir='ltr'><strong>Heirenze</strong></span> <span class='ocrx_word' id='word_1_282' title='bbox 2931 1246 3035 1316; x_wconf 81' lang='lat' dir='ltr'><strong>piae</strong></span> <span class='ocrx_word' id='word_1_283' title='bbox 3102 1246 3502 1301; x_wconf 80' lang='lat' dir='ltr'><strong>beneﬁciorum</strong></span> 
     </span>
    </p>
   </div>
   <div class='ocr_carea' id='block_1_42' title="bbox 1925 1338 3505 1409">
    <p class='ocr_par' dir='ltr' id='par_1_42' title="bbox 1925 1338 3505 1409">
     <span class='ocr_line' id='line_1_42' title="bbox 1925 1338 3505 1409; baseline -0.003 -13"><span class='ocrx_word' id='word_1_284' title='bbox 1925 1340 2266 1396; x_wconf 89' lang='lat' dir='ltr'><strong>asciscerent</strong></span> <span class='ocrx_word' id='word_1_285' title='bbox 2311 1355 2433 1396; x_wconf 89' lang='lat' dir='ltr'><strong>eam</strong></span> <span class='ocrx_word' id='word_1_286' title='bbox 2488 1340 2690 1394; x_wconf 86' lang='lat' dir='ltr'><strong>iterum</strong></span> <span class='ocrx_word' id='word_1_287' title='bbox 2716 1339 2785 1394; x_wconf 86' lang='lat' dir='ltr'><strong>ad</strong></span> <span class='ocrx_word' id='word_1_288' title='bbox 2827 1338 3142 1409; x_wconf 88' lang='lat' dir='ltr'><strong>imperium,</strong></span> <span class='ocrx_word' id='word_1_289' title='bbox 3168 1338 3505 1393; x_wconf 82' lang='lat' dir='ltr'><strong>Novembrio</strong></span> 
     </span>
    </p>
   </div>
   <div class='ocr_carea' id='block_1_43' title="bbox 1926 1431 3506 1503">
    <p class='ocr_par' dir='ltr' id='par_1_43' title="bbox 1926 1431 3506 1503">
     <span class='ocr_line' id='line_1_43' title="bbox 1926 1431 3506 1503; baseline -0.001 -15"><span class='ocrx_word' id='word_1_290' title='bbox 1926 1447 2141 1498; x_wconf 88' lang='lat' dir='ltr'><strong>mense,</strong></span> <span class='ocrx_word' id='word_1_291' title='bbox 2182 1433 2363 1488; x_wconf 86' lang='lat' dir='ltr'><strong>hieme</strong></span> <span class='ocrx_word' id='word_1_292' title='bbox 2389 1433 2641 1487; x_wconf 86' lang='lat' dir='ltr'><strong>&#39;nimium</strong></span> <span class='ocrx_word' id='word_1_293' title='bbox 2700 1431 3024 1487; x_wconf 89' lang='lat' dir='ltr'><strong>imminente</strong></span> <span class='ocrx_word' id='word_1_294' title='bbox 3053 1431 3226 1503; x_wconf 87' lang='lat' dir='ltr'><strong>gravi,</strong></span> <span class='ocrx_word' id='word_1_295' title='bbox 3273 1447 3383 1486; x_wconf 88' lang='lat' dir='ltr'><strong>non</strong></span> <span class='ocrx_word' id='word_1_296' title='bbox 3417 1442 3506 1487; x_wconf 87' lang='lat' dir='ltr'><strong>est</strong></span> 
     </span>
    </p>
   </div>
   <div class='ocr_carea' id='block_1_44' title="bbox 1927 1524 3502 1597">
    <p class='ocr_par' dir='ltr' id='par_1_44' title="bbox 1927 1524 3502 1597">
     <span class='ocr_line' id='line_1_44' title="bbox 1927 1524 3502 1597; baseline -0.002 -17"><span class='ocrx_word' id='word_1_297' title='bbox 1927 1525 2102 1597; x_wconf 90' lang='lat' dir='ltr'><strong>ipsius</strong></span> <span class='ocrx_word' id='word_1_298' title='bbox 2129 1526 2397 1581; x_wconf 87' lang='lat' dir='ltr'><strong>misertus</strong></span> <span class='ocrx_word' id='word_1_299' title='bbox 2440 1524 2842 1580; x_wconf 88' lang='lat' dir='ltr'><strong>immisericors</strong></span> <span class='ocrx_word' id='word_1_300' title='bbox 2881 1525 2996 1588; x_wconf 89' lang='lat' dir='ltr'><strong>ille,</strong></span> <span class='ocrx_word' id='word_1_301' title='bbox 3028 1525 3123 1580; x_wconf 80' lang='lat' dir='ltr'><strong>sed</strong></span> <span class='ocrx_word' id='word_1_302' title='bbox 3173 1524 3369 1579; x_wconf 85' lang='lat' dir='ltr'><strong>exsilio</strong></span> <span class='ocrx_word' id='word_1_303' title='bbox 3401 1525 3502 1578; x_wconf 82' lang='lat' dir='ltr'><strong>de-</strong></span> 
     </span>
    </p>
   </div>
   <div class='ocr_carea' id='block_1_45' title="bbox 1926 1612 3504 1686">
    <p class='ocr_par' dir='ltr' id='par_1_45' title="bbox 1926 1612 3504 1686">
     <span class='ocr_line' id='line_1_45' title="bbox 1926 1612 3504 1686; baseline -0.002 -16"><span class='ocrx_word' id='word_1_304' title='bbox 1926 1615 2132 1686; x_wconf 89' lang='lat' dir='ltr'><strong>portari</strong></span> <span class='ocrx_word' id='word_1_305' title='bbox 2166 1614 2428 1685; x_wconf 72' lang='lat' dir='ltr'><strong>praecepit</strong></span> <span class='ocrx_word' id='word_1_306' title='bbox 2462 1614 2516 1669; x_wconf 93' lang='lat' dir='ltr'><strong>in</strong></span> <span class='ocrx_word' id='word_1_307' title='bbox 2558 1615 2793 1670; x_wconf 89' lang='lat' dir='ltr'><strong>insulam</strong></span> <span class='ocrx_word' id='word_1_308' title='bbox 2827 1612 3065 1668; x_wconf 81' lang='lat' dir='ltr'><strong>Lesbum</strong></span> <span class='ocrx_word' id='word_1_309' title='bbox 3098 1620 3154 1668; x_wconf 91' lang='lat' dir='ltr'><strong>et</strong></span> <span class='ocrx_word' id='word_1_310' title='bbox 3183 1612 3504 1669; x_wconf 90' lang='lat' dir='ltr'><strong>cautissime</strong></span> 
     </span>
    </p>
   </div>
   <div class='ocr_carea' id='block_1_46' title="bbox 1927 1704 3506 1778">
    <p class='ocr_par' dir='ltr' id='par_1_46' title="bbox 1927 1704 3506 1778">
     <span class='ocr_line' id='line_1_46' title="bbox 1927 1704 3506 1778; baseline -0.001 -16"><span class='ocrx_word' id='word_1_311' title='bbox 1927 1706 2218 1772; x_wconf 89' lang='lat' dir='ltr'><strong>custodiri,</strong></span> <span class='ocrx_word' id='word_1_312' title='bbox 2245 1707 2380 1778; x_wconf 89' lang='lat' dir='ltr'><strong>quin</strong></span> <span class='ocrx_word' id='word_1_313' title='bbox 2405 1714 2462 1761; x_wconf 90' lang='lat' dir='ltr'><strong>et</strong></span> <span class='ocrx_word' id='word_1_314' title='bbox 2481 1721 2512 1760; x_wconf 93' lang='lat' dir='ltr'><strong>a</strong></span> <span class='ocrx_word' id='word_1_315' title='bbox 2537 1706 2760 1762; x_wconf 90' lang='lat' dir='ltr'><strong>nemine</strong></span> <span class='ocrx_word' id='word_1_316' title='bbox 2786 1706 3004 1775; x_wconf 83' lang='lat' dir='ltr'><strong>penitus</strong></span> <span class='ocrx_word' id='word_1_317' title='bbox 3033 1704 3306 1759; x_wconf 92' lang='lat' dir='ltr'><strong>contueri.</strong></span> <span class='ocrx_word' id='word_1_318' title='bbox 3330 1705 3506 1760; x_wconf 88' lang='lat' dir='ltr'><strong>Porro</strong></span> 
     </span>
    </p>
   </div>
   <div class='ocr_carea' id='block_1_47' title="bbox 1927 1796 3502 1872">
    <p class='ocr_par' dir='ltr' id='par_1_47' title="bbox 1927 1796 3502 1872">
     <span class='ocr_line' id='line_1_47' title="bbox 1927 1796 3502 1872; baseline -0.004 -16"><span class='ocrx_word' id='word_1_319' title='bbox 1927 1801 2104 1872; x_wconf 77' lang='lat' dir='ltr'><strong>pridi‘e</strong></span> <span class='ocrx_word' id='word_1_320' title='bbox 2159 1801 2434 1856; x_wconf 85' lang='lat' dir='ltr'><strong>Kalendas</strong></span> <span class='ocrx_word' id='word_1_321' title='bbox 2486 1799 2656 1854; x_wconf 84' lang='lat' dir='ltr'><strong>Maias</strong></span> <span class='ocrx_word' id='word_1_322' title='bbox 2709 1809 2964 1852; x_wconf 87' lang='lat' dir='ltr'><strong>mortuus</strong></span> <span class='ocrx_word' id='word_1_323' title='bbox 3013 1806 3099 1852; x_wconf 89' lang='lat' dir='ltr'><strong>est</strong></span> <span class='ocrx_word' id='word_1_324' title='bbox 3142 1797 3334 1852; x_wconf 85' lang='lat' dir='ltr'><strong>Niceta</strong></span> <span class='ocrx_word' id='word_1_325' title='bbox 3377 1796 3502 1850; x_wconf 86' lang='lat' dir='ltr'><strong>Tri-</strong></span> 
     </span>
    </p>
   </div>
   <div class='ocr_carea' id='block_1_48' title="bbox 1923 1888 3501 1963">
    <p class='ocr_par' dir='ltr' id='par_1_48' title="bbox 1923 1888 3501 1963">
     <span class='ocr_line' id='line_1_48' title="bbox 1923 1888 3501 1963; baseline -0.003 -17"><span class='ocrx_word' id='word_1_326' title='bbox 1923 1892 2166 1963; x_wconf 84' lang='lat' dir='ltr'><strong>phylius,</strong></span> <span class='ocrx_word' id='word_1_327' title='bbox 2199 1902 2260 1946; x_wconf 90' lang='lat' dir='ltr'><strong>ut</strong></span> <span class='ocrx_word' id='word_1_328' title='bbox 2293 1893 2469 1956; x_wconf 89' lang='lat' dir='ltr'><strong>aiunt,</strong></span> <span class='ocrx_word' id='word_1_329' title='bbox 2514 1905 2546 1944; x_wconf 90' lang='lat' dir='ltr'><strong>a</strong></span> <span class='ocrx_word' id='word_1_330' title='bbox 2573 1889 2885 1959; x_wconf 83' lang='lat' dir='ltr'><strong>Nicephoro</strong></span> <span class='ocrx_word' id='word_1_331' title='bbox 2923 1903 3139 1944; x_wconf 89' lang='lat' dir='ltr'><strong>veneno</strong></span> <span class='ocrx_word' id='word_1_332' title='bbox 3165 1888 3501 1944; x_wconf 84' lang='lat' dir='ltr'><strong>exstinctus.</strong></span> 
     </span>
    </p>
   </div>
   <div class='ocr_carea' id='block_1_49' title="bbox 1922 1979 3503 2052">
    <p class='ocr_par' dir='ltr' id='par_1_49' title="bbox 1922 1979 3503 2052">
     <span class='ocr_line' id='line_1_49' title="bbox 1922 1979 3503 2052; baseline -0.003 -13"><span class='ocrx_word' id='word_1_333' title='bbox 1922 1985 1991 2040; x_wconf 85' lang='lat' dir='ltr'><strong>Et</strong></span> <span class='ocrx_word' id='word_1_334' title='bbox 2028 1984 2202 2039; x_wconf 84' lang='lat' dir='ltr'><strong>Nonis</strong></span> <span class='ocrx_word' id='word_1_335' title='bbox 2246 1983 2424 2049; x_wconf 84' lang='lat' dir='ltr'><strong>Maiis,</strong></span> <span class='ocrx_word' id='word_1_336' title='bbox 2469 1983 2606 2038; x_wconf 84' lang='lat' dir='ltr'><strong>feria</strong></span> <span class='ocrx_word' id='word_1_337' title='bbox 2635 1981 2848 2052; x_wconf 90' lang='lat' dir='ltr'><strong>quinta.</strong></span> <span class='ocrx_word' id='word_1_338' title='bbox 2891 1996 3017 2036; x_wconf 89' lang='lat' dir='ltr'><strong>cum</strong></span> <span class='ocrx_word' id='word_1_339' title='bbox 3058 1981 3403 2051; x_wconf 85' lang='lat' dir='ltr'><strong>Nicephorus</strong></span> <span class='ocrx_word' id='word_1_340' title='bbox 3433 1979 3503 2034; x_wconf 89' lang='lat' dir='ltr'><strong>ad</strong></span> 
     </span>
    </p>
   </div>
   <div class='ocr_carea' id='block_1_50' title="bbox 1923 2074 3504 2147">
    <p class='ocr_par' dir='ltr' id='par_1_50' title="bbox 1923 2074 3504 2147">
     <span class='ocr_line' id='line_1_50' title="bbox 1923 2074 3504 2147; baseline -0.003 -15"><span class='ocrx_word' id='word_1_341' title='bbox 1923 2076 2242 2132; x_wconf 85' lang='lat' dir='ltr'><strong>suburbana</strong></span> <span class='ocrx_word' id='word_1_342' title='bbox 2297 2074 2666 2147; x_wconf 79' lang='lat' dir='ltr'><strong>Chalcedonis</strong></span> <span class='ocrx_word' id='word_1_343' title='bbox 2707 2074 2932 2130; x_wconf 86' lang='lat' dir='ltr'><strong>exiisset</strong></span> <span class='ocrx_word' id='word_1_344' title='bbox 2975 2089 3293 2145; x_wconf 86' lang='lat' dir='ltr'><strong>equumque</strong></span> <span class='ocrx_word' id='word_1_345' title='bbox 3349 2089 3504 2128; x_wconf 89' lang='lat' dir='ltr'><strong>man-</strong></span> 
     </span>
    </p>
   </div>
   <div class='ocr_carea' id='block_1_51' title="bbox 1924 2168 3507 2238">
    <p class='ocr_par' dir='ltr' id='par_1_51' title="bbox 1924 2168 3507 2238">
     <span class='ocr_line' id='line_1_51' title="bbox 1924 2168 3507 2238; baseline -0.003 -12"><span class='ocrx_word' id='word_1_346' title='bbox 1924 2177 2142 2226; x_wconf 86' lang='lat' dir='ltr'><strong>suetum</strong></span> <span class='ocrx_word' id='word_1_347' title='bbox 2167 2178 2224 2225; x_wconf 92' lang='lat' dir='ltr'><strong>et</strong></span> <span class='ocrx_word' id='word_1_348' title='bbox 2251 2169 2608 2226; x_wconf 84' lang='lat' dir='ltr'><strong>mitissimum</strong></span> <span class='ocrx_word' id='word_1_349' title='bbox 2631 2168 2961 2233; x_wconf 86' lang='lat' dir='ltr'><strong>asendisset,</strong></span> <span class='ocrx_word' id='word_1_350' title='bbox 2991 2168 3140 2222; x_wconf 89' lang='lat' dir='ltr'><strong>hunc</strong></span> <span class='ocrx_word' id='word_1_351' title='bbox 3171 2183 3238 2223; x_wconf 84' lang='lat' dir='ltr'><strong>ex</strong></span> <span class='ocrx_word' id='word_1_352' title='bbox 3257 2168 3352 2224; x_wconf 89' lang='lat' dir='ltr'><strong>Dei</strong></span> <span class='ocrx_word' id='word_1_353' title='bbox 3378 2183 3507 2238; x_wconf 89' lang='lat' dir='ltr'><strong>pro—</strong></span> 
     </span>
    </p>
   </div>
   <div class='ocr_carea' id='block_1_52' title="bbox 1923 2258 3506 2334">
    <p class='ocr_par' dir='ltr' id='par_1_52' title="bbox 1923 2258 3506 2334">
     <span class='ocr_line' id='line_1_52' title="bbox 1923 2258 3506 2334; baseline -0.003 -15"><span class='ocrx_word' id='word_1_354' title='bbox 1923 2263 2167 2319; x_wconf 90' lang='lat' dir='ltr'><strong>videntia</strong></span> <span class='ocrx_word' id='word_1_355' title='bbox 2196 2262 2466 2334; x_wconf 81' lang='lat' dir='ltr'><strong>dejiciens</strong></span> <span class='ocrx_word' id='word_1_356' title='bbox 2500 2261 2754 2316; x_wconf 91' lang='lat' dir='ltr'><strong>dextrum</strong></span> <span class='ocrx_word' id='word_1_357' title='bbox 2779 2259 2974 2332; x_wconf 89' lang='lat' dir='ltr'><strong>pedem</strong></span> <span class='ocrx_word' id='word_1_358' title='bbox 3009 2259 3182 2330; x_wconf 90' lang='lat' dir='ltr'><strong>ipsius</strong></span> <span class='ocrx_word' id='word_1_359' title='bbox 3220 2258 3506 2315; x_wconf 83' lang='lat' dir='ltr'><strong>contrivit.</strong></span> 
     </span>
    </p>
   </div>
   <div class='ocr_carea' id='block_1_53' title="bbox 1923 2350 3506 2424">
    <p class='ocr_par' dir='ltr' id='par_1_53' title="bbox 1923 2350 3506 2424">
     <span class='ocr_line' id='line_1_53' title="bbox 1923 2350 3506 2424; baseline -0.004 -13"><span class='ocrx_word' id='word_1_360' title='bbox 1923 2355 1994 2412; x_wconf 84' lang='lat' dir='ltr'><strong>At</strong></span> <span class='ocrx_word' id='word_1_361' title='bbox 2024 2370 2159 2410; x_wconf 90' lang='lat' dir='ltr'><strong>vero</strong></span> <span class='ocrx_word' id='word_1_362' title='bbox 2193 2354 2410 2410; x_wconf 91' lang='lat' dir='ltr'><strong>decimo</strong></span> <span class='ocrx_word' id='word_1_363' title='bbox 2442 2363 2642 2424; x_wconf 87' lang='lat' dir='ltr'><strong>quarto</strong></span> <span class='ocrx_word' id='word_1_364' title='bbox 2689 2352 2960 2407; x_wconf 86' lang='lat' dir='ltr'><strong>Kalendas</strong></span> <span class='ocrx_word' id='word_1_365' title='bbox 3011 2351 3312 2421; x_wconf 88' lang='lat' dir='ltr'><strong>Augustas,</strong></span> <span class='ocrx_word' id='word_1_366' title='bbox 3369 2350 3506 2405; x_wconf 90' lang='lat' dir='ltr'><strong>feria</strong></span> 
     </span>
    </p>
   </div>
   <div class='ocr_carea' id='block_1_54' title="bbox 1923 2439 3511 2517">
    <p class='ocr_par' dir='ltr' id='par_1_54' title="bbox 1923 2439 3511 2517">
     <span class='ocr_line' id='line_1_54' title="bbox 1923 2439 3511 2517; baseline -0.006 -16"><span class='ocrx_word' id='word_1_367' title='bbox 1923 2454 2143 2517; x_wconf 87' lang='lat' dir='ltr'><strong>quarta,</strong></span> <span class='ocrx_word' id='word_1_368' title='bbox 2173 2444 2308 2499; x_wconf 88' lang='lat' dir='ltr'><strong>hora</strong></span> <span class='ocrx_word' id='word_1_369' title='bbox 2332 2444 2532 2513; x_wconf 90' lang='lat' dir='ltr'><strong>prima,</strong></span> <span class='ocrx_word' id='word_1_370' title='bbox 2582 2440 2860 2496; x_wconf 89' lang='lat' dir='ltr'><strong>Bardanes</strong></span> <span class='ocrx_word' id='word_1_371' title='bbox 2903 2439 3170 2509; x_wconf 79' lang='lat' dir='ltr'><strong>patricius</strong></span> <span class='ocrx_word' id='word_1_372' title='bbox 3219 2446 3276 2493; x_wconf 90' lang='lat' dir='ltr'><strong>et</strong></span> <span class='ocrx_word' id='word_1_373' title='bbox 3305 2445 3511 2508; x_wconf 81' lang='lat' dir='ltr'><strong>praetor</strong></span> 
     </span>
    </p>
   </div>
   <div class='ocr_carea' id='block_1_55' title="bbox 1925 2531 3502 2605">
    <p class='ocr_par' dir='ltr' id='par_1_55' title="bbox 1925 2531 3502 2605">
     <span class='ocr_line' id='line_1_55' title="bbox 1925 2531 3502 2605; baseline -0.006 -12"><span class='ocrx_word' id='word_1_374' title='bbox 1925 2535 2317 2601; x_wconf 88' lang='lat' dir='ltr'><strong>Orientalium,</strong></span> <span class='ocrx_word' id='word_1_375' title='bbox 2345 2535 2441 2605; x_wconf 89' lang='lat' dir='ltr'><strong>qui</strong></span> <span class='ocrx_word' id='word_1_376' title='bbox 2473 2533 2895 2605; x_wconf 83' lang='lat' dir='ltr'><strong>cognominatus</strong></span> <span class='ocrx_word' id='word_1_377' title='bbox 2921 2541 3006 2586; x_wconf 92' lang='lat' dir='ltr'><strong>est</strong></span> <span class='ocrx_word' id='word_1_378' title='bbox 3046 2531 3281 2594; x_wconf 84' lang='lat' dir='ltr'><strong>Turcus,</strong></span> <span class='ocrx_word' id='word_1_379' title='bbox 3309 2531 3502 2600; x_wconf 79' lang='lat' dir='ltr'><strong>appel-</strong></span> 
     </span>
    </p>
   </div>
   <div class='ocr_carea' id='block_1_56' title="bbox 1924 2621 3504 2699">
    <p class='ocr_par' dir='ltr' id='par_1_56' title="bbox 1924 2621 3504 2699">
     <span class='ocr_line' id='line_1_56' title="bbox 1924 2621 3504 2699; baseline -0.006 -15"><span class='ocrx_word' id='word_1_380' title='bbox 1924 2631 2070 2686; x_wconf 87' lang='lat' dir='ltr'><strong>latus</strong></span> <span class='ocrx_word' id='word_1_381' title='bbox 2090 2638 2176 2685; x_wconf 87' lang='lat' dir='ltr'><strong>est</strong></span> <span class='ocrx_word' id='word_1_382' title='bbox 2223 2628 2524 2699; x_wconf 89' lang='lat' dir='ltr'><strong>imperator</strong></span> <span class='ocrx_word' id='word_1_383' title='bbox 2555 2626 2624 2681; x_wconf 89' lang='lat' dir='ltr'><strong>ab</strong></span> <span class='ocrx_word' id='word_1_384' title='bbox 2656 2625 2915 2681; x_wconf 89' lang='lat' dir='ltr'><strong>omnibus</strong></span> <span class='ocrx_word' id='word_1_385' title='bbox 2936 2623 3078 2677; x_wconf 90' lang='lat' dir='ltr'><strong>ultra</strong></span> <span class='ocrx_word' id='word_1_386' title='bbox 3128 2621 3251 2676; x_wconf 92' lang='lat' dir='ltr'><strong>sitis</strong></span> <span class='ocrx_word' id='word_1_387' title='bbox 3292 2621 3504 2675; x_wconf 83' lang='lat' dir='ltr'><strong>thema-</strong></span> 
     </span>
    </p>
   </div>
   <div class='ocr_carea' id='block_1_57' title="bbox 1926 2710 3508 2784">
    <p class='ocr_par' dir='ltr' id='par_1_57' title="bbox 1926 2710 3508 2784">
     <span class='ocr_line' id='line_1_57' title="bbox 1926 2710 3508 2784; baseline -0.007 -10"><span class='ocrx_word' id='word_1_388' title='bbox 1926 2719 2094 2774; x_wconf 88' lang='lat' dir='ltr'><strong>tibus.</strong></span> <span class='ocrx_word' id='word_1_389' title='bbox 2114 2716 2218 2784; x_wconf 80' lang='lat' dir='ltr'><strong>Qui</strong></span> <span class='ocrx_word' id='word_1_390' title='bbox 2245 2717 2480 2771; x_wconf 90' lang='lat' dir='ltr'><strong>multum</strong></span> <span class='ocrx_word' id='word_1_391' title='bbox 2511 2715 2730 2770; x_wconf 90' lang='lat' dir='ltr'><strong>renisus</strong></span> <span class='ocrx_word' id='word_1_392' title='bbox 2754 2721 2816 2767; x_wconf 91' lang='lat' dir='ltr'><strong>ut</strong></span> <span class='ocrx_word' id='word_1_393' title='bbox 2844 2711 3106 2767; x_wconf 87' lang='lat' dir='ltr'><strong>evaderet</strong></span> <span class='ocrx_word' id='word_1_394' title='bbox 3130 2710 3253 2765; x_wconf 90' lang='lat' dir='ltr'><strong>illos</strong></span> <span class='ocrx_word' id='word_1_395' title='bbox 3279 2710 3508 2765; x_wconf 85' lang='lat' dir='ltr'><strong>minimc</strong></span> 
     </span>
    </p>
   </div>
   <div class='ocr_carea' id='block_1_58' title="bbox 1924 2803 3508 2876">
    <p class='ocr_par' dir='ltr' id='par_1_58' title="bbox 1924 2803 3508 2876">
     <span class='ocr_line' id='line_1_58' title="bbox 1924 2803 3508 2876; baseline -0.003 -14"><span class='ocrx_word' id='word_1_396' title='bbox 1924 2807 2119 2872; x_wconf 85' lang='lat' dir='ltr'><strong>valuit,</strong></span> <span class='ocrx_word' id='word_1_397' title='bbox 2156 2816 2212 2862; x_wconf 88' lang='lat' dir='ltr'><strong>et</strong></span> <span class='ocrx_word' id='word_1_398' title='bbox 2248 2806 2592 2862; x_wconf 88' lang='lat' dir='ltr'><strong>descendens</strong></span> <span class='ocrx_word' id='word_1_399' title='bbox 2619 2821 2791 2875; x_wconf 86' lang='lat' dir='ltr'><strong>usque</strong></span> <span class='ocrx_word' id='word_1_400' title='bbox 2833 2803 2900 2858; x_wconf 90' lang='lat' dir='ltr'><strong>ad</strong></span> <span class='ocrx_word' id='word_1_401' title='bbox 2941 2803 3344 2876; x_wconf 83' lang='lat' dir='ltr'><strong>Chrysopolim,</strong></span> <span class='ocrx_word' id='word_1_402' title='bbox 3379 2818 3508 2858; x_wconf 89' lang='lat' dir='ltr'><strong>cum</strong></span> 
     </span>
    </p>
   </div>
   <div class='ocr_carea' id='block_1_59' title="bbox 1925 2895 3508 2964">
    <p class='ocr_par' dir='ltr' id='par_1_59' title="bbox 1925 2895 3508 2964">
     <span class='ocr_line' id='line_1_59' title="bbox 1925 2895 3508 2964; baseline -0.006 -7"><span class='ocrx_word' id='word_1_403' title='bbox 1925 2901 2216 2957; x_wconf 88' lang='lat' dir='ltr'><strong>circuisset</strong></span> <span class='ocrx_word' id='word_1_404' title='bbox 2242 2901 2443 2956; x_wconf 86' lang='lat' dir='ltr'><strong>diebus</strong></span> <span class='ocrx_word' id='word_1_405' title='bbox 2476 2907 2603 2953; x_wconf 92' lang='lat' dir='ltr'><strong>octo</strong></span> <span class='ocrx_word' id='word_1_406' title='bbox 2635 2905 2692 2952; x_wconf 89' lang='lat' dir='ltr'><strong>et</strong></span> <span class='ocrx_word' id='word_1_407' title='bbox 2732 2896 2958 2951; x_wconf 90' lang='lat' dir='ltr'><strong>minime</strong></span> <span class='ocrx_word' id='word_1_408' title='bbox 3001 2895 3197 2950; x_wconf 86' lang='lat' dir='ltr'><strong>fuisset</strong></span> <span class='ocrx_word' id='word_1_409' title='bbox 3224 2901 3508 2964; x_wconf 86' lang='lat' dir='ltr'><strong>receptus,</strong></span> 
     </span>
    </p>
   </div>
   <div class='ocr_carea' id='block_1_60' title="bbox 1929 2987 3510 3060">
    <p class='ocr_par' dir='ltr' id='par_1_60' title="bbox 1929 2987 3510 3060">
     <span class='ocr_line' id='line_1_60' title="bbox 1929 2987 3510 3060; baseline -0.003 -16"><span class='ocrx_word' id='word_1_410' title='bbox 1929 2991 2097 3046; x_wconf 83' lang='lat' dir='ltr'><strong>rediit</strong></span> <span class='ocrx_word' id='word_1_411' title='bbox 2131 3005 2306 3060; x_wconf 90' lang='lat' dir='ltr'><strong>usque</strong></span> <span class='ocrx_word' id='word_1_412' title='bbox 2358 2989 2427 3044; x_wconf 90' lang='lat' dir='ltr'><strong>ad</strong></span> <span class='ocrx_word' id='word_1_413' title='bbox 2471 2989 2756 3059; x_wconf 76' lang='lat' dir='ltr'><strong>Malagma.</strong></span> <span class='ocrx_word' id='word_1_414' title='bbox 2792 2987 2897 3054; x_wconf 87' lang='lat' dir='ltr'><strong>Qui</strong></span> <span class='ocrx_word' id='word_1_415' title='bbox 2941 2995 3195 3042; x_wconf 87' lang='lat' dir='ltr'><strong>metuens</strong></span> <span class='ocrx_word' id='word_1_416' title='bbox 3223 2988 3418 3052; x_wconf 91' lang='lat' dir='ltr'><strong>Deum,</strong></span> <span class='ocrx_word' id='word_1_417' title='bbox 3450 2995 3510 3041; x_wconf 88' lang='lat' dir='ltr'><strong>et</strong></span> 
     </span>
    </p>
   </div>
   <div class='ocr_carea' id='block_1_61' title="bbox 240 3072 3507 3152">
    <p class='ocr_par' dir='ltr' id='par_1_61' title="bbox 240 3072 3507 3152">
     <span class='ocr_line' id='line_1_61' title="bbox 240 3072 3507 3152; baseline -0.001 -19"><span class='ocrx_word' id='word_1_418' title='bbox 240 3074 406 3128; x_wconf 81' lang='lat' dir='ltr'><strong>himet</strong></span> <span class='ocrx_word' id='word_1_419' title='bbox 441 3072 649 3144; x_wconf 80' lang='lat' dir='ltr'><strong>applico</strong></span> <span class='ocrx_word' id='word_1_420' title='bbox 692 3080 744 3127; x_wconf 76' lang='grc' dir='ltr'><strong>ει</strong></span> <span class='ocrx_word' id='word_1_421' title='bbox 791 3073 1014 3144; x_wconf 69' lang='lat' dir='ltr'><strong>peccatis</strong></span> <span class='ocrx_word' id='word_1_422' title='bbox 1068 3073 1206 3127; x_wconf 35' lang='lat' dir='ltr'><strong>meis.</strong></span> <span class='ocrx_word' id='word_1_423' title='bbox 1251 3074 1478 3128; x_wconf 74' lang='lat' dir='ltr'><strong>ascribo.</strong></span> <span class='ocrx_word' id='word_1_424' title='bbox 1519 3073 1584 3128; x_wconf 82' lang='lat' dir='ltr'><strong>In</strong></span> <span class='ocrx_word' id='word_1_425' title='bbox 1622 3077 1824 3130; x_wconf 70' lang='lat' dir='ltr'><strong>cunctis</strong></span> <span class='ocrx_word' id='word_1_426' title='bbox 1850 3091 1894 3150; x_wconf 74' lang='grc' dir='ltr'><em>ς,</em></span> <span class='ocrx_word' id='word_1_427' title='bbox 1931 3081 2240 3152; x_wconf 83' lang='lat' dir='ltr'><strong>rec0gitans</strong></span> <span class='ocrx_word' id='word_1_428' title='bbox 2270 3096 2341 3136; x_wconf 92' lang='lat' dir='ltr'><strong>ne</strong></span> <span class='ocrx_word' id='word_1_429' title='bbox 2375 3079 2516 3134; x_wconf 89' lang='lat' dir='ltr'><strong>forte</strong></span> <span class='ocrx_word' id='word_1_430' title='bbox 2546 3094 2646 3151; x_wconf 91' lang='lat' dir='ltr'><strong>per</strong></span> <span class='ocrx_word' id='word_1_431' title='bbox 2672 3093 2731 3134; x_wconf 91' lang='lat' dir='ltr'><strong>se</strong></span> <span class='ocrx_word' id='word_1_432' title='bbox 2769 3079 3033 3133; x_wconf 87' lang='lat' dir='ltr'><strong>mactatio</strong></span> <span class='ocrx_word' id='word_1_433' title='bbox 3063 3078 3507 3134; x_wconf 88' lang='lat' dir='ltr'><strong>Christianorum</strong></span> 
     </span>
    </p>
   </div>
   <div class='ocr_carea' id='block_1_62' title="bbox 241 3166 1825 3224">
    <p class='ocr_par' dir='ltr' id='par_1_62' title="bbox 241 3166 1825 3224">
     <span class='ocr_line' id='line_1_62' title="bbox 241 3166 1825 3224; baseline 0.002 -4"><span class='ocrx_word' id='word_1_434' title='bbox 241 3174 426 3220; x_wconf 88' lang='lat' dir='ltr'><strong>autem</strong></span> <span class='ocrx_word' id='word_1_435' title='bbox 454 3183 518 3220; x_wconf 92' lang='lat' dir='ltr'><strong>ac</strong></span> <span class='ocrx_word' id='word_1_436' title='bbox 566 3167 733 3221; x_wconf 89' lang='lat' dir='ltr'><strong>modis</strong></span> <span class='ocrx_word' id='word_1_437' title='bbox 770 3166 1010 3220; x_wconf 79' lang='lat' dir='ltr'><strong>omnibus</strong></span> <span class='ocrx_word' id='word_1_438' title='bbox 1049 3167 1118 3220; x_wconf 87' lang='lat' dir='ltr'><strong>sit</strong></span> <span class='ocrx_word' id='word_1_439' title='bbox 1172 3182 1361 3220; x_wconf 84' lang='lat' dir='ltr'><strong>nomen</strong></span> <span class='ocrx_word' id='word_1_440' title='bbox 1413 3167 1627 3222; x_wconf 83' lang='lat' dir='ltr'><strong>Domini</strong></span> <span class='ocrx_word' id='word_1_441' title='bbox 1667 3168 1825 3224; x_wconf 85' lang='lat' dir='ltr'><strong>bene-</strong></span> 
     </span>
    </p>
   </div>
   <div class='ocr_carea' id='block_1_63' title="bbox 242 3255 1824 3330">
    <p class='ocr_par' dir='ltr' id='par_1_63' title="bbox 242 3255 1824 3330">
     <span class='ocr_line' id='line_1_63' title="bbox 242 3255 1824 3330; baseline 0.004 -20"><span class='ocrx_word' id='word_1_442' title='bbox 242 3256 465 3320; x_wconf 78' lang='lat' dir='ltr'><strong>dictum,</strong></span> <span class='ocrx_word' id='word_1_443' title='bbox 508 3256 673 3312; x_wconf 89' lang='lat' dir='ltr'><strong>solius</strong></span> <span class='ocrx_word' id='word_1_444' title='bbox 718 3255 874 3329; x_wconf 82' lang='lat' dir='ltr'><strong>Regis</strong></span> <span class='ocrx_word' id='word_1_445' title='bbox 913 3273 1097 3330; x_wconf 83' lang='lat' dir='ltr'><strong>regum</strong></span> <span class='ocrx_word' id='word_1_446' title='bbox 1125 3267 1174 3312; x_wconf 88' lang='lat' dir='ltr'><strong>et</strong></span> <span class='ocrx_word' id='word_1_447' title='bbox 1214 3257 1429 3313; x_wconf 84' lang='lat' dir='ltr'><strong>Domini</strong></span> <span class='ocrx_word' id='word_1_448' title='bbox 1466 3259 1824 3318; x_wconf 88' lang='lat' dir='ltr'><strong>dominorum.</strong></span> 
     </span>
    </p>
   </div>
   <div class='ocr_carea' id='block_1_64' title="bbox 243 3345 1825 3424">
    <p class='ocr_par' dir='ltr' id='par_1_64' title="bbox 243 3345 1825 3424">
     <span class='ocr_line' id='line_1_64' title="bbox 243 3345 1825 3424; baseline 0.004 -23"><span class='ocrx_word' id='word_1_449' title='bbox 243 3345 414 3402; x_wconf 85' lang='lat' dir='ltr'><strong>Porro</strong></span> <span class='ocrx_word' id='word_1_450' title='bbox 437 3349 648 3403; x_wconf 89' lang='lat' dir='ltr'><strong>modum</strong></span> <span class='ocrx_word' id='word_1_451' title='bbox 671 3350 1013 3420; x_wconf 85' lang='lat' dir='ltr'><strong>promotionis</strong></span> <span class='ocrx_word' id='word_1_452' title='bbox 1038 3357 1143 3404; x_wconf 72' lang='lat' dir='ltr'><strong>tum</strong></span> <span class='ocrx_word' id='word_1_453' title='bbox 1164 3347 1269 3404; x_wconf 86' lang='lat' dir='ltr'><strong>Deo</strong></span> <span class='ocrx_word' id='word_1_454' title='bbox 1292 3350 1472 3418; x_wconf 86' lang='lat' dir='ltr'><strong>reddo,</strong></span> <span class='ocrx_word' id='word_1_455' title='bbox 1491 3367 1592 3421; x_wconf 87' lang='lat' dir='ltr'><strong>quo</strong></span> <span class='ocrx_word' id='word_1_456' title='bbox 1613 3360 1825 3424; x_wconf 76' lang='lat' dir='ltr'><strong>excepto</strong></span> 
     </span>
    </p>
   </div>
   <div class='ocr_carea' id='block_1_65' title="bbox 243 3437 1826 3508">
    <p class='ocr_par' dir='ltr' id='par_1_65' title="bbox 243 3437 1826 3508">
     <span class='ocr_line' id='line_1_65' title="bbox 243 3437 1826 3508; baseline 0.005 -17"><span class='ocrx_word' id='word_1_457' title='bbox 243 3437 323 3492; x_wconf 84' lang='lat' dir='ltr'><strong>nil</strong></span> <span class='ocrx_word' id='word_1_458' title='bbox 351 3437 471 3508; x_wconf 72' lang='lat' dir='ltr'><strong>ﬁeri</strong></span> <span class='ocrx_word' id='word_1_459' title='bbox 501 3440 718 3494; x_wconf 83' lang='lat' dir='ltr'><strong>credidi.</strong></span> <span class='ocrx_word' id='word_1_460' title='bbox 765 3438 1134 3495; x_wconf 80' lang='lat' dir='ltr'><strong>Verumtamen</strong></span> <span class='ocrx_word' id='word_1_461' title='bbox 1164 3441 1370 3497; x_wconf 84' lang='lat' dir='ltr'><strong>delatas</strong></span> <span class='ocrx_word' id='word_1_462' title='bbox 1403 3443 1534 3498; x_wconf 82' lang='lat' dir='ltr'><strong>mihi</strong></span> <span class='ocrx_word' id='word_1_463' title='bbox 1559 3452 1745 3499; x_wconf 87' lang='lat' dir='ltr'><strong>contra</strong></span> <span class='ocrx_word' id='word_1_464' title='bbox 1776 3453 1826 3499; x_wconf 90' lang='lat' dir='ltr'><strong>te</strong></span> 
     </span>
    </p>
   </div>
   <div class='ocr_carea' id='block_1_66' title="bbox 242 3529 1824 3601">
    <p class='ocr_par' dir='ltr' id='par_1_66' title="bbox 242 3529 1824 3601">
     <span class='ocr_line' id='line_1_66' title="bbox 242 3529 1824 3601; baseline 0.005 -20"><span class='ocrx_word' id='word_1_465' title='bbox 242 3543 404 3597; x_wconf 80' lang='lat' dir='ltr'><strong>super</strong></span> <span class='ocrx_word' id='word_1_466' title='bbox 455 3529 732 3601; x_wconf 85' lang='lat' dir='ltr'><strong>dignitate,</strong></span> <span class='ocrx_word' id='word_1_467' title='bbox 787 3545 894 3599; x_wconf 88' lang='lat' dir='ltr'><strong>qua</strong></span> <span class='ocrx_word' id='word_1_468' title='bbox 937 3545 1077 3584; x_wconf 86' lang='lat' dir='ltr'><strong>nunc</strong></span> <span class='ocrx_word' id='word_1_469' title='bbox 1110 3531 1478 3596; x_wconf 88' lang='lat' dir='ltr'><strong>circumdaris,</strong></span> <span class='ocrx_word' id='word_1_470' title='bbox 1529 3535 1824 3590; x_wconf 79' lang='lat' dir='ltr'><strong>auditiones</strong></span> 
     </span>
    </p>
   </div>
   <div class='ocr_carea' id='block_1_67' title="bbox 244 3618 1821 3692">
    <p class='ocr_par' dir='ltr' id='par_1_67' title="bbox 244 3618 1821 3692">
     <span class='ocr_line' id='line_1_67' title="bbox 244 3618 1821 3692; baseline 0.003 -21"><span class='ocrx_word' id='word_1_471' title='bbox 244 3632 352 3671; x_wconf 87' lang='lat' dir='ltr'><strong>non</strong></span> <span class='ocrx_word' id='word_1_472' title='bbox 384 3618 633 3689; x_wconf 85' lang='lat' dir='ltr'><strong>ignoras;</strong></span> <span class='ocrx_word' id='word_1_473' title='bbox 661 3634 796 3689; x_wconf 86' lang='lat' dir='ltr'><strong>quas</strong></span> <span class='ocrx_word' id='word_1_474' title='bbox 825 3634 979 3673; x_wconf 79' lang='lat' dir='ltr'><strong>ceras</strong></span> <span class='ocrx_word' id='word_1_475' title='bbox 1017 3619 1176 3689; x_wconf 82' lang='lat' dir='ltr'><strong>fuisse</strong></span> <span class='ocrx_word' id='word_1_476' title='bbox 1202 3637 1383 3676; x_wconf 88' lang='lat' dir='ltr'><strong>rerum</strong></span> <span class='ocrx_word' id='word_1_477' title='bbox 1418 3623 1540 3692; x_wconf 79' lang='lat' dir='ltr'><strong>ﬁnis</strong></span> <span class='ocrx_word' id='word_1_478' title='bbox 1573 3626 1821 3692; x_wconf 86' lang='lat' dir='ltr'><strong>ostendit,</strong></span> 
     </span>
    </p>
   </div>
   <div class='ocr_carea' id='block_1_68' title="bbox 244 3709 1826 3782">
    <p class='ocr_par' dir='ltr' id='par_1_68' title="bbox 244 3709 1826 3782">
     <span class='ocr_line' id='line_1_68' title="bbox 244 3709 1826 3782; baseline 0.004 -21"><span class='ocrx_word' id='word_1_479' title='bbox 244 3722 481 3779; x_wconf 87' lang='lat' dir='ltr'><strong>quasque</strong></span> <span class='ocrx_word' id='word_1_480' title='bbox 508 3710 557 3762; x_wconf 88' lang='lat' dir='ltr'><strong>si</strong></span> <span class='ocrx_word' id='word_1_481' title='bbox 591 3709 804 3763; x_wconf 87' lang='lat' dir='ltr'><strong>moleste</strong></span> <span class='ocrx_word' id='word_1_482' title='bbox 823 3709 1093 3778; x_wconf 57' lang='lat' dir='ltr'><strong>,tulissem,</strong></span> <span class='ocrx_word' id='word_1_483' title='bbox 1125 3710 1282 3782; x_wconf 77' lang='lat' dir='ltr'><strong>facile</strong></span> <span class='ocrx_word' id='word_1_484' title='bbox 1320 3713 1449 3767; x_wconf 79' lang='lat' dir='ltr'><strong>mihi</strong></span> <span class='ocrx_word' id='word_1_485' title='bbox 1491 3723 1607 3768; x_wconf 89' lang='lat' dir='ltr'><strong>erat</strong></span> <span class='ocrx_word' id='word_1_486' title='bbox 1659 3716 1826 3769; x_wconf 85' lang='lat' dir='ltr'><strong>inter-</strong></span> 
     </span>
    </p>
   </div>
   <div class='ocr_carea' id='block_1_69' title="bbox 241 3799 1826 3874">
    <p class='ocr_par' dir='ltr' id='par_1_69' title="bbox 241 3799 1826 3874">
     <span class='ocr_line' id='line_1_69' title="bbox 241 3799 1826 3874; baseline 0.005 -21"><span class='ocrx_word' id='word_1_487' title='bbox 241 3799 458 3870; x_wconf 78' lang='lat' dir='ltr'><strong>ﬁciendi</strong></span> <span class='ocrx_word' id='word_1_488' title='bbox 489 3808 557 3856; x_wconf 89' lang='lat' dir='ltr'><strong>te.</strong></span> <span class='ocrx_word' id='word_1_489' title='bbox 588 3799 693 3856; x_wconf 84' lang='lat' dir='ltr'><strong>Sed</strong></span> <span class='ocrx_word' id='word_1_490' title='bbox 729 3802 880 3856; x_wconf 90' lang='lat' dir='ltr'><strong>modo</strong></span> <span class='ocrx_word' id='word_1_491' title='bbox 902 3803 1226 3873; x_wconf 75' lang='lat' dir='ltr'><strong>iuramentis</strong></span> <span class='ocrx_word' id='word_1_492' title='bbox 1269 3806 1370 3858; x_wconf 87' lang='lat' dir='ltr'><strong>tuis</strong></span> <span class='ocrx_word' id='word_1_493' title='bbox 1404 3804 1636 3874; x_wconf 76' lang='lat' dir='ltr'><strong>ﬁdendo,</strong></span> <span class='ocrx_word' id='word_1_494' title='bbox 1671 3807 1826 3862; x_wconf 90' lang='lat' dir='ltr'><strong>modo</strong></span> 
     </span>
    </p>
   </div>
   <div class='ocr_carea' id='block_1_70' title="bbox 245 3891 1824 3968">
    <p class='ocr_par' dir='ltr' id='par_1_70' title="bbox 245 3891 1824 3968">
     <span class='ocr_line' id='line_1_70' title="bbox 245 3891 1824 3968; baseline 0.006 -23"><span class='ocrx_word' id='word_1_495' title='bbox 245 3891 344 3947; x_wconf 92' lang='lat' dir='ltr'><strong>tibi</strong></span> <span class='ocrx_word' id='word_1_496' title='bbox 371 3892 658 3964; x_wconf 88' lang='lat' dir='ltr'><strong>parcendo,</strong></span> <span class='ocrx_word' id='word_1_497' title='bbox 701 3892 893 3949; x_wconf 84' lang='lat' dir='ltr'><strong>multos</strong></span> <span class='ocrx_word' id='word_1_498' title='bbox 935 3895 1064 3950; x_wconf 80' lang='lat' dir='ltr'><strong>mihi</strong></span> <span class='ocrx_word' id='word_1_499' title='bbox 1096 3895 1303 3950; x_wconf 80' lang='lat' dir='ltr'><strong>deuotos</strong></span> <span class='ocrx_word' id='word_1_500' title='bbox 1339 3898 1668 3968; x_wconf 81' lang='lat' dir='ltr'><strong>parvipendi,</strong></span> <span class='ocrx_word' id='word_1_501' title='bbox 1717 3899 1824 3954; x_wconf 90' lang='lat' dir='ltr'><strong>Deo</strong></span> 
     </span>
    </p>
   </div>
   <div class='ocr_carea' id='block_1_71' title="bbox 244 3985 1826 4063">
    <p class='ocr_par' dir='ltr' id='par_1_71' title="bbox 244 3985 1826 4063">
     <span class='ocr_line' id='line_1_71' title="bbox 244 3985 1826 4063; baseline 0.004 -24"><span class='ocrx_word' id='word_1_502' title='bbox 244 3999 367 4056; x_wconf 70' lang='lat' dir='ltr'><strong>qua</strong></span> <span class='ocrx_word' id='word_1_503' title='bbox 394 4000 511 4039; x_wconf 82' lang='lat' dir='ltr'><strong>mea</strong></span> <span class='ocrx_word' id='word_1_504' title='bbox 539 3993 665 4040; x_wconf 88' lang='lat' dir='ltr'><strong>sunt</strong></span> <span class='ocrx_word' id='word_1_505' title='bbox 690 3985 843 4053; x_wconf 90' lang='lat' dir='ltr'><strong>dans,</strong></span> <span class='ocrx_word' id='word_1_506' title='bbox 872 4003 964 4057; x_wconf 88' lang='lat' dir='ltr'><strong>per</strong></span> <span class='ocrx_word' id='word_1_507' title='bbox 1003 4003 1158 4058; x_wconf 87' lang='lat' dir='ltr'><strong>quem</strong></span> <span class='ocrx_word' id='word_1_508' title='bbox 1196 4004 1342 4060; x_wconf 87' lang='lat' dir='ltr'><strong>reges</strong></span> <span class='ocrx_word' id='word_1_509' title='bbox 1380 4000 1610 4061; x_wconf 79' lang='lat' dir='ltr'><strong>regnant</strong></span> <span class='ocrx_word' id='word_1_510' title='bbox 1637 4000 1687 4046; x_wconf 80' lang='lat' dir='ltr'><strong>et</strong></span> <span class='ocrx_word' id='word_1_511' title='bbox 1732 4009 1826 4063; x_wconf 87' lang='lat' dir='ltr'><strong>po-</strong></span> 
     </span>
    </p>
   </div>
   <div class='ocr_carea' id='block_1_72' title="bbox 245 4077 1824 4154">
    <p class='ocr_par' dir='ltr' id='par_1_72' title="bbox 245 4077 1824 4154">
     <span class='ocr_line' id='line_1_72' title="bbox 245 4077 1824 4154; baseline 0.004 -22"><span class='ocrx_word' id='word_1_512' title='bbox 245 4085 412 4132; x_wconf 85' lang='lat' dir='ltr'><strong>tentes</strong></span> <span class='ocrx_word' id='word_1_513' title='bbox 448 4077 682 4132; x_wconf 85' lang='lat' dir='ltr'><strong>obtinent</strong></span> <span class='ocrx_word' id='word_1_514' title='bbox 708 4087 931 4135; x_wconf 89' lang='lat' dir='ltr'><strong>terram.</strong></span> <span class='ocrx_word' id='word_1_515' title='bbox 969 4080 1076 4136; x_wconf 89' lang='lat' dir='ltr'><strong>Sed</strong></span> <span class='ocrx_word' id='word_1_516' title='bbox 1101 4090 1149 4136; x_wconf 90' lang='lat' dir='ltr'><strong>et</strong></span> <span class='ocrx_word' id='word_1_517' title='bbox 1185 4096 1347 4148; x_wconf 87' lang='lat' dir='ltr'><strong>nunc,</strong></span> <span class='ocrx_word' id='word_1_518' title='bbox 1379 4098 1499 4136; x_wconf 89' lang='lat' dir='ltr'><strong>cum</strong></span> <span class='ocrx_word' id='word_1_519' title='bbox 1536 4083 1608 4137; x_wconf 89' lang='lat' dir='ltr'><strong>sis</strong></span> <span class='ocrx_word' id='word_1_520' title='bbox 1631 4084 1747 4154; x_wconf 86' lang='lat' dir='ltr'><strong>pius</strong></span> <span class='ocrx_word' id='word_1_521' title='bbox 1775 4093 1824 4139; x_wconf 88' lang='lat' dir='ltr'><strong>et</strong></span> 
     </span>
    </p>
   </div>
   <div class='ocr_carea' id='block_1_73' title="bbox 246 4167 1825 4246">
    <p class='ocr_par' dir='ltr' id='par_1_73' title="bbox 246 4167 1825 4246">
     <span class='ocr_line' id='line_1_73' title="bbox 246 4167 1825 4246; baseline 0.005 -24"><span class='ocrx_word' id='word_1_522' title='bbox 246 4167 313 4222; x_wconf 89' lang='lat' dir='ltr'><strong>ab</strong></span> <span class='ocrx_word' id='word_1_523' title='bbox 341 4170 454 4240; x_wconf 88' lang='lat' dir='ltr'><strong>ipso</strong></span> <span class='ocrx_word' id='word_1_524' title='bbox 496 4179 790 4243; x_wconf 85' lang='lat' dir='ltr'><strong>provectus,</strong></span> <span class='ocrx_word' id='word_1_525' title='bbox 823 4180 874 4227; x_wconf 91' lang='lat' dir='ltr'><strong>te</strong></span> <span class='ocrx_word' id='word_1_526' title='bbox 910 4181 968 4227; x_wconf 90' lang='lat' dir='ltr'><strong>ut</strong></span> <span class='ocrx_word' id='word_1_527' title='bbox 1008 4172 1381 4244; x_wconf 87' lang='lat' dir='ltr'><strong>imperatorem</strong></span> <span class='ocrx_word' id='word_1_528' title='bbox 1410 4173 1594 4240; x_wconf 88' lang='lat' dir='ltr'><strong>adoro,</strong></span> <span class='ocrx_word' id='word_1_529' title='bbox 1628 4183 1677 4229; x_wconf 90' lang='lat' dir='ltr'><strong>et</strong></span> <span class='ocrx_word' id='word_1_530' title='bbox 1705 4185 1825 4246; x_wconf 88' lang='lat' dir='ltr'><strong>peto</strong></span> 
     </span>
    </p>
   </div>
   <div class='ocr_carea' id='block_1_74' title="bbox 245 4263 1827 4335">
    <p class='ocr_par' dir='ltr' id='par_1_74' title="bbox 245 4263 1827 4335">
     <span class='ocr_line' id='line_1_74' title="bbox 245 4263 1827 4335; baseline 0.006 -20"><span class='ocrx_word' id='word_1_531' title='bbox 245 4277 378 4317; x_wconf 75' lang='lat' dir='ltr'><strong>mra:</strong></span> <span class='ocrx_word' id='word_1_532' title='bbox 401 4280 618 4334; x_wconf 86' lang='lat' dir='ltr'><strong>parcere</strong></span> <span class='ocrx_word' id='word_1_533' title='bbox 646 4263 974 4335; x_wconf 81' lang='lat' dir='ltr'><strong>inﬁrmitati.</strong></span> <span class='ocrx_word' id='word_1_534' title='bbox 1010 4265 1082 4321; x_wconf 87' lang='lat' dir='ltr'><strong>Et</strong></span> <span class='ocrx_word' id='word_1_535' title='bbox 1115 4267 1338 4322; x_wconf 87' lang='lat' dir='ltr'><strong>concede</strong></span> <span class='ocrx_word' id='word_1_536' title='bbox 1366 4270 1494 4323; x_wconf 79' lang='lat' dir='ltr'><strong>mihi</strong></span> <span class='ocrx_word' id='word_1_537' title='bbox 1521 4287 1554 4323; x_wconf 90' lang='lat' dir='ltr'><strong>a</strong></span> <span class='ocrx_word' id='word_1_538' title='bbox 1589 4285 1672 4324; x_wconf 90' lang='lat' dir='ltr'><strong>me</strong></span> <span class='ocrx_word' id='word_1_539' title='bbox 1703 4287 1827 4324; x_wconf 87' lang='lat' dir='ltr'><strong>con-</strong></span> 
     </span>
    </p>
   </div>
   <div class='ocr_carea' id='block_1_75' title="bbox 243 4355 1824 4416">
    <p class='ocr_par' dir='ltr' id='par_1_75' title="bbox 243 4355 1824 4416">
     <span class='ocr_line' id='line_1_75' title="bbox 243 4355 1824 4416; baseline 0.007 -11"><span class='ocrx_word' id='word_1_540' title='bbox 243 4363 501 4408; x_wconf 87' lang='lat' dir='ltr'><strong>structam</strong></span> <span class='ocrx_word' id='word_1_541' title='bbox 541 4355 836 4412; x_wconf 84' lang='lat' dir='ltr'><strong>Eleutherii</strong></span> <span class='ocrx_word' id='word_1_542' title='bbox 879 4357 1090 4413; x_wconf 90' lang='lat' dir='ltr'><strong>domum</strong></span> <span class='ocrx_word' id='word_1_543' title='bbox 1126 4359 1182 4413; x_wconf 90' lang='lat' dir='ltr'><strong>in</strong></span> <span class='ocrx_word' id='word_1_544' title='bbox 1213 4359 1693 4416; x_wconf 86' lang='lat' dir='ltr'><strong>reconciliationem</strong></span> <span class='ocrx_word' id='word_1_545' title='bbox 1737 4364 1824 4416; x_wconf 87' lang='lat' dir='ltr'><strong>in-</strong></span> 
     </span>
    </p>
   </div>
   <div class='ocr_carea' id='block_1_76' title="bbox 248 4443 1824 4514">
    <p class='ocr_par' dir='ltr' id='par_1_76' title="bbox 248 4443 1824 4514">
     <span class='ocr_line' id='line_1_76' title="bbox 248 4443 1824 4514; baseline 0.006 -19"><span class='ocrx_word' id='word_1_546' title='bbox 248 4443 620 4514; x_wconf 85' lang='lat' dir='ltr'><strong>comparabilis</strong></span> <span class='ocrx_word' id='word_1_547' title='bbox 657 4445 979 4501; x_wconf 85' lang='lat' dir='ltr'><strong>calamitatis</strong></span> <span class='ocrx_word' id='word_1_548' title='bbox 1005 4462 1154 4502; x_wconf 67' lang='lat' dir='ltr'><strong>metu.</strong></span> <span class='ocrx_word' id='word_1_549' title='bbox 1188 4448 1258 4501; x_wconf 84' lang='lat' dir='ltr'><strong>At</strong></span> <span class='ocrx_word' id='word_1_550' title='bbox 1291 4446 1382 4503; x_wconf 89' lang='lat' dir='ltr'><strong>ille</strong></span> <span class='ocrx_word' id='word_1_551' title='bbox 1412 4448 1520 4502; x_wconf 88' lang='lat' dir='ltr'><strong>ait:</strong></span> <span class='ocrx_word' id='word_1_552' title='bbox 1553 4447 1624 4503; x_wconf 83' lang='lat' dir='ltr'><strong>Et</strong></span> <span class='ocrx_word' id='word_1_553' title='bbox 1650 4451 1698 4504; x_wconf 89' lang='lat' dir='ltr'><strong>si</strong></span> <span class='ocrx_word' id='word_1_554' title='bbox 1731 4451 1824 4505; x_wconf 87' lang='lat' dir='ltr'><strong>hec</strong></span> 
     </span>
    </p>
   </div>
   <div class='ocr_carea' id='block_1_77' title="bbox 247 4533 1823 4610">
    <p class='ocr_par' dir='ltr' id='par_1_77' title="bbox 247 4533 1823 4610">
     <span class='ocr_line' id='line_1_77' title="bbox 247 4533 1823 4610; baseline 0.006 -23"><span class='ocrx_word' id='word_1_555' title='bbox 247 4533 324 4588; x_wconf 78' lang='lat' dir='ltr'><strong>vis</strong></span> <span class='ocrx_word' id='word_1_556' title='bbox 347 4535 464 4604; x_wconf 76' lang='lat' dir='ltr'><strong>ﬁeri</strong></span> <span class='ocrx_word' id='word_1_557' title='bbox 486 4535 598 4599; x_wconf 84' lang='lat' dir='ltr'><strong>tibi,</strong></span> <span class='ocrx_word' id='word_1_558' title='bbox 612 4537 745 4608; x_wconf 85' lang='lat' dir='ltr'><strong>jura</strong></span> <span class='ocrx_word' id='word_1_559' title='bbox 776 4539 907 4594; x_wconf 79' lang='lat' dir='ltr'><strong>mihi</strong></span> <span class='ocrx_word' id='word_1_560' title='bbox 936 4554 1030 4610; x_wconf 87' lang='lat' dir='ltr'><strong>per</strong></span> <span class='ocrx_word' id='word_1_561' title='bbox 1061 4554 1272 4594; x_wconf 88' lang='lat' dir='ltr'><strong>omnem</strong></span> <span class='ocrx_word' id='word_1_562' title='bbox 1310 4539 1544 4595; x_wconf 79' lang='lat' dir='ltr'><strong>divinam</strong></span> <span class='ocrx_word' id='word_1_563' title='bbox 1572 4542 1823 4598; x_wconf 79' lang='lat' dir='ltr'><strong>virtutem</strong></span> 
     </span>
    </p>
   </div>
   <div class='ocr_carea' id='block_1_78' title="bbox 248 4627 1822 4704">
    <p class='ocr_par' dir='ltr' id='par_1_78' title="bbox 248 4627 1822 4704">
     <span class='ocr_line' id='line_1_78' title="bbox 248 4627 1822 4704; baseline 0.006 -25"><span class='ocrx_word' id='word_1_564' title='bbox 248 4640 354 4682; x_wconf 82' lang='lat' dir='ltr'><strong>non</strong></span> <span class='ocrx_word' id='word_1_565' title='bbox 381 4627 755 4683; x_wconf 84' lang='lat' dir='ltr'><strong>absconsurum</strong></span> <span class='ocrx_word' id='word_1_566' title='bbox 781 4639 831 4684; x_wconf 88' lang='lat' dir='ltr'><strong>te</strong></span> <span class='ocrx_word' id='word_1_567' title='bbox 875 4630 1163 4702; x_wconf 86' lang='lat' dir='ltr'><strong>quidquam</strong></span> <span class='ocrx_word' id='word_1_568' title='bbox 1200 4647 1264 4686; x_wconf 71' lang='lat' dir='ltr'><strong>ex</strong></span> <span class='ocrx_word' id='word_1_569' title='bbox 1297 4633 1556 4686; x_wconf 78' lang='lat' dir='ltr'><strong>thesauris</strong></span> <span class='ocrx_word' id='word_1_570' title='bbox 1593 4633 1822 4704; x_wconf 85' lang='lat' dir='ltr'><strong>imperii,</strong></span> 
     </span>
    </p>
   </div>
   <div class='ocr_carea' id='block_1_79' title="bbox 248 4717 1824 4794">
    <p class='ocr_par' dir='ltr' id='par_1_79' title="bbox 248 4717 1824 4794">
     <span class='ocr_line' id='line_1_79' title="bbox 248 4717 1824 4794; baseline 0.006 -25"><span class='ocrx_word' id='word_1_571' title='bbox 248 4723 297 4769; x_wconf 84' lang='lat' dir='ltr'><strong>et</strong></span> <span class='ocrx_word' id='word_1_572' title='bbox 324 4717 588 4790; x_wconf 88' lang='lat' dir='ltr'><strong>adimpleo</strong></span> <span class='ocrx_word' id='word_1_573' title='bbox 619 4719 1025 4789; x_wconf 83' lang='lat' dir='ltr'><strong>postulationem</strong></span> <span class='ocrx_word' id='word_1_574' title='bbox 1052 4730 1223 4786; x_wconf 90' lang='lat' dir='ltr'><strong>tuam,</strong></span> <span class='ocrx_word' id='word_1_575' title='bbox 1254 4729 1304 4774; x_wconf 87' lang='lat' dir='ltr'><strong>et</strong></span> <span class='ocrx_word' id='word_1_576' title='bbox 1333 4737 1540 4776; x_wconf 87' lang='lat' dir='ltr'><strong>omnem</strong></span> <span class='ocrx_word' id='word_1_577' title='bbox 1570 4722 1662 4776; x_wconf 87' lang='lat' dir='ltr'><strong>tibi</strong></span> <span class='ocrx_word' id='word_1_578' title='bbox 1701 4722 1824 4794; x_wconf 87' lang='lat' dir='ltr'><strong>pla-</strong></span> 
     </span>
    </p>
   </div>
   <div class='ocr_carea' id='block_1_80' title="bbox 246 4809 1825 4886">
    <p class='ocr_par' dir='ltr' id='par_1_80' title="bbox 246 4809 1825 4886">
     <span class='ocr_line' id='line_1_80' title="bbox 246 4809 1825 4886; baseline 0.005 -24"><span class='ocrx_word' id='word_1_579' title='bbox 246 4809 508 4864; x_wconf 87' lang='lat' dir='ltr'><strong>cationem</strong></span> <span class='ocrx_word' id='word_1_580' title='bbox 546 4819 597 4864; x_wconf 88' lang='lat' dir='ltr'><strong>et</strong></span> <span class='ocrx_word' id='word_1_581' title='bbox 629 4813 860 4882; x_wconf 86' lang='lat' dir='ltr'><strong>requiem</strong></span> <span class='ocrx_word' id='word_1_582' title='bbox 887 4812 1046 4883; x_wconf 81' lang='lat' dir='ltr'><strong>facio.</strong></span> <span class='ocrx_word' id='word_1_583' title='bbox 1080 4813 1210 4879; x_wconf 71' lang='lat' dir='ltr'><strong>Qua:</strong></span> <span class='ocrx_word' id='word_1_584' title='bbox 1244 4813 1452 4886; x_wconf 86' lang='lat' dir='ltr'><strong>juravit</strong></span> <span class='ocrx_word' id='word_1_585' title='bbox 1495 4814 1547 4869; x_wconf 87' lang='lat' dir='ltr'><strong>ei</strong></span> <span class='ocrx_word' id='word_1_586' title='bbox 1594 4814 1660 4870; x_wconf 83' lang='lat' dir='ltr'><strong>ad</strong></span> <span class='ocrx_word' id='word_1_587' title='bbox 1696 4830 1825 4886; x_wconf 87' lang='lat' dir='ltr'><strong>pre-</strong></span> 
     </span>
    </p>
   </div>
   <div class='ocr_carea' id='block_1_81' title="bbox 246 4901 1826 4980">
    <p class='ocr_par' dir='ltr' id='par_1_81' title="bbox 246 4901 1826 4980">
     <span class='ocr_line' id='line_1_81' title="bbox 246 4901 1826 4980; baseline 0.006 -24"><span class='ocrx_word' id='word_1_588' title='bbox 246 4901 386 4958; x_wconf 83' lang='lat' dir='ltr'><strong>tiosa</strong></span> <span class='ocrx_word' id='word_1_589' title='bbox 413 4911 471 4959; x_wconf 90' lang='lat' dir='ltr'><strong>et</strong></span> <span class='ocrx_word' id='word_1_590' title='bbox 498 4902 714 4959; x_wconf 86' lang='lat' dir='ltr'><strong>viviﬂca</strong></span> <span class='ocrx_word' id='word_1_591' title='bbox 741 4903 910 4977; x_wconf 87' lang='lat' dir='ltr'><strong>ligna,</strong></span> <span class='ocrx_word' id='word_1_592' title='bbox 942 4907 1071 4976; x_wconf 88' lang='lat' dir='ltr'><strong>quia</strong></span> <span class='ocrx_word' id='word_1_593' title='bbox 1098 4907 1219 4963; x_wconf 83' lang='lat' dir='ltr'><strong>Non</strong></span> <span class='ocrx_word' id='word_1_594' title='bbox 1252 4907 1444 4963; x_wconf 88' lang='lat' dir='ltr'><strong>celabo</strong></span> <span class='ocrx_word' id='word_1_595' title='bbox 1470 4916 1522 4964; x_wconf 86' lang='lat' dir='ltr'><strong>te</strong></span> <span class='ocrx_word' id='word_1_596' title='bbox 1547 4924 1723 4980; x_wconf 87' lang='lat' dir='ltr'><strong>usque</strong></span> <span class='ocrx_word' id='word_1_597' title='bbox 1757 4908 1826 4965; x_wconf 91' lang='lat' dir='ltr'><strong>ad</strong></span> 
     </span>
    </p>
   </div>
   <div class='ocr_carea' id='block_1_82' title="bbox 245 4993 1823 5072">
    <p class='ocr_par' dir='ltr' id='par_1_82' title="bbox 245 4993 1823 5072">
     <span class='ocr_line' id='line_1_82' title="bbox 245 4993 1823 5072; baseline 0.006 -23"><span class='ocrx_word' id='word_1_598' title='bbox 245 4993 470 5050; x_wconf 86' lang='lat' dir='ltr'><strong>obolum</strong></span> <span class='ocrx_word' id='word_1_599' title='bbox 519 5011 724 5064; x_wconf 89' lang='lat' dir='ltr'><strong>unum;</strong></span> <span class='ocrx_word' id='word_1_600' title='bbox 764 4999 910 5068; x_wconf 91' lang='lat' dir='ltr'><strong>quod</strong></span> <span class='ocrx_word' id='word_1_601' title='bbox 967 5009 1026 5055; x_wconf 92' lang='lat' dir='ltr'><strong>ct</strong></span> <span class='ocrx_word' id='word_1_602' title='bbox 1065 4999 1216 5056; x_wconf 90' lang='lat' dir='ltr'><strong>fecit.</strong></span> <span class='ocrx_word' id='word_1_603' title='bbox 1268 5001 1472 5056; x_wconf 83' lang='lat' dir='ltr'><strong>Verum</strong></span> <span class='ocrx_word' id='word_1_604' title='bbox 1509 5002 1622 5066; x_wconf 89' lang='lat' dir='ltr'><strong>ille,</strong></span> <span class='ocrx_word' id='word_1_605' title='bbox 1675 5001 1823 5072; x_wconf 87' lang='lat' dir='ltr'><strong>quod</strong></span> 
     </span>
    </p>
   </div>
   <div class='ocr_carea' id='block_1_83' title="bbox 248 5087 1820 5166">
    <p class='ocr_par' dir='ltr' id='par_1_83' title="bbox 248 5087 1820 5166">
     <span class='ocr_line' id='line_1_83' title="bbox 248 5087 1820 5166; baseline 0.006 -24"><span class='ocrx_word' id='word_1_606' title='bbox 248 5087 605 5144; x_wconf 85' lang='lat' dir='ltr'><strong>desiderabat</strong></span> <span class='ocrx_word' id='word_1_607' title='bbox 633 5089 889 5161; x_wconf 87' lang='lat' dir='ltr'><strong>adeptus,</strong></span> <span class='ocrx_word' id='word_1_608' title='bbox 909 5093 1165 5162; x_wconf 89' lang='lat' dir='ltr'><strong>protinus</strong></span> <span class='ocrx_word' id='word_1_609' title='bbox 1186 5092 1382 5149; x_wconf 88' lang='lat' dir='ltr'><strong>exsilio</strong></span> <span class='ocrx_word' id='word_1_610' title='bbox 1407 5095 1672 5166; x_wconf 81' lang='lat' dir='ltr'><strong>relegavit</strong></span> <span class='ocrx_word' id='word_1_611' title='bbox 1699 5111 1820 5151; x_wconf 91' lang='lat' dir='ltr'><strong>eam</strong></span> 
     </span>
    </p>
   </div>
   <div class='ocr_carea' id='block_1_84' title="bbox 246 5181 1826 5258">
    <p class='ocr_par' dir='ltr' id='par_1_84' title="bbox 246 5181 1826 5258">
     <span class='ocr_line' id='line_1_84' title="bbox 246 5181 1826 5258; baseline 0.006 -24"><span class='ocrx_word' id='word_1_612' title='bbox 246 5194 421 5249; x_wconf 87' lang='lat' dir='ltr'><strong>penes</strong></span> <span class='ocrx_word' id='word_1_613' title='bbox 457 5181 691 5236; x_wconf 85' lang='lat' dir='ltr'><strong>insulam</strong></span> <span class='ocrx_word' id='word_1_614' title='bbox 729 5181 1017 5254; x_wconf 91' lang='lat' dir='ltr'><strong>principis,</strong></span> <span class='ocrx_word' id='word_1_615' title='bbox 1042 5183 1098 5238; x_wconf 89' lang='lat' dir='ltr'><strong>in</strong></span> <span class='ocrx_word' id='word_1_616' title='bbox 1138 5185 1475 5240; x_wconf 90' lang='lat' dir='ltr'><strong>monasterio</strong></span> <span class='ocrx_word' id='word_1_617' title='bbox 1523 5186 1670 5256; x_wconf 92' lang='lat' dir='ltr'><strong>quod</strong></span> <span class='ocrx_word' id='word_1_618' title='bbox 1707 5187 1826 5258; x_wconf 86' lang='lat' dir='ltr'><strong>ipsa</strong></span> 
     </span>
    </p>
   </div>
   <div class='ocr_carea' id='block_1_85' title="bbox 245 5273 1827 5341">
    <p class='ocr_par' dir='ltr' id='par_1_85' title="bbox 245 5273 1827 5341">
     <span class='ocr_line' id='line_1_85' title="bbox 245 5273 1827 5341; baseline 0.005 -13"><span class='ocrx_word' id='word_1_619' title='bbox 245 5273 634 5341; x_wconf 70' lang='lat' dir='ltr'><strong>tediiicaverat,</strong></span> <span class='ocrx_word' id='word_1_620' title='bbox 669 5291 794 5331; x_wconf 85' lang='lat' dir='ltr'><strong>cum</strong></span> <span class='ocrx_word' id='word_1_621' title='bbox 824 5277 1008 5333; x_wconf 87' lang='lat' dir='ltr'><strong>adhuc</strong></span> <span class='ocrx_word' id='word_1_622' title='bbox 1040 5287 1227 5334; x_wconf 89' lang='lat' dir='ltr'><strong>essent</strong></span> <span class='ocrx_word' id='word_1_623' title='bbox 1267 5279 1322 5334; x_wconf 93' lang='lat' dir='ltr'><strong>in</strong></span> <span class='ocrx_word' id='word_1_624' title='bbox 1370 5280 1506 5336; x_wconf 88' lang='lat' dir='ltr'><strong>urbe</strong></span> <span class='ocrx_word' id='word_1_625' title='bbox 1539 5279 1692 5335; x_wconf 89' lang='lat' dir='ltr'><strong>missi</strong></span> <span class='ocrx_word' id='word_1_626' title='bbox 1722 5279 1827 5336; x_wconf 84' lang='lat' dir='ltr'><strong>Ca-</strong></span> 
     </span>
    </p>
   </div>
   <div class='ocr_carea' id='block_1_86' title="bbox 246 5365 1824 5444">
    <p class='ocr_par' dir='ltr' id='par_1_86' title="bbox 246 5365 1824 5444">
     <span class='ocr_line' id='line_1_86' title="bbox 246 5365 1824 5444; baseline 0.007 -26"><span class='ocrx_word' id='word_1_627' title='bbox 246 5365 350 5420; x_wconf 89' lang='lat' dir='ltr'><strong>roli</strong></span> <span class='ocrx_word' id='word_1_628' title='bbox 373 5377 429 5422; x_wconf 88' lang='lat' dir='ltr'><strong>et</strong></span> <span class='ocrx_word' id='word_1_629' title='bbox 456 5382 577 5438; x_wconf 68' lang='lat' dir='ltr'><strong>quae</strong></span> <span class='ocrx_word' id='word_1_630' title='bbox 601 5368 905 5438; x_wconf 82' lang='lat' dir='ltr'><strong>agebantur</strong></span> <span class='ocrx_word' id='word_1_631' title='bbox 934 5369 1265 5440; x_wconf 85' lang='lat' dir='ltr'><strong>aspicerent.</strong></span> <span class='ocrx_word' id='word_1_632' title='bbox 1292 5372 1474 5428; x_wconf 75' lang='lat' dir='ltr'><strong>Vorax</strong></span> <span class='ocrx_word' id='word_1_633' title='bbox 1502 5372 1671 5444; x_wconf 84' lang='lat' dir='ltr'><strong>igitur</strong></span> <span class='ocrx_word' id='word_1_634' title='bbox 1697 5373 1824 5440; x_wconf 90' lang='lat' dir='ltr'><strong>iste,</strong></span> 
     </span>
    </p>
   </div>
   <div class='ocr_carea' id='block_1_87' title="bbox 244 5462 1824 5536">
    <p class='ocr_par' dir='ltr' id='par_1_87' title="bbox 244 5462 1824 5536">
     <span class='ocr_line' id='line_1_87' title="bbox 244 5462 1824 5536; baseline 0.005 -24"><span class='ocrx_word' id='word_1_635' title='bbox 244 5466 576 5515; x_wconf 90' lang='lat' dir='ltr'><strong>cunctorum</strong></span> <span class='ocrx_word' id='word_1_636' title='bbox 627 5462 864 5532; x_wconf 88' lang='lat' dir='ltr'><strong>imperio</strong></span> <span class='ocrx_word' id='word_1_637' title='bbox 909 5472 1190 5535; x_wconf 91' lang='lat' dir='ltr'><strong>percepto,</strong></span> <span class='ocrx_word' id='word_1_638' title='bbox 1249 5479 1354 5520; x_wconf 91' lang='lat' dir='ltr'><strong>nec</strong></span> <span class='ocrx_word' id='word_1_639' title='bbox 1389 5465 1584 5520; x_wconf 86' lang='lat' dir='ltr'><strong>saltem</strong></span> <span class='ocrx_word' id='word_1_640' title='bbox 1627 5480 1824 5536; x_wconf 89' lang='lat' dir='ltr'><strong>parum</strong></span> 
     </span>
    </p>
   </div>
   <div class='ocr_carea' id='block_1_88' title="bbox 1928 3169 3510 3243">
    <p class='ocr_par' dir='ltr' id='par_1_88' title="bbox 1928 3169 3510 3243">
     <span class='ocr_line' id='line_1_88' title="bbox 1928 3169 3510 3243; baseline -0.002 -15"><span class='ocrx_word' id='word_1_641' title='bbox 1928 3172 2259 3239; x_wconf 79' lang='lat' dir='ltr'><strong>eﬂiceretur,</strong></span> <span class='ocrx_word' id='word_1_642' title='bbox 2292 3171 2445 3228; x_wconf 89' lang='lat' dir='ltr'><strong>misit</strong></span> <span class='ocrx_word' id='word_1_643' title='bbox 2469 3171 2536 3227; x_wconf 91' lang='lat' dir='ltr'><strong>ad</strong></span> <span class='ocrx_word' id='word_1_644' title='bbox 2565 3170 2966 3243; x_wconf 87' lang='lat' dir='ltr'><strong>Nicephorum,</strong></span> <span class='ocrx_word' id='word_1_645' title='bbox 2989 3182 3048 3228; x_wconf 91' lang='lat' dir='ltr'><strong>et</strong></span> <span class='ocrx_word' id='word_1_646' title='bbox 3080 3180 3306 3240; x_wconf 87' lang='lat' dir='ltr'><strong>accepto</strong></span> <span class='ocrx_word' id='word_1_647' title='bbox 3335 3169 3510 3225; x_wconf 83' lang='lat' dir='ltr'><strong>verbo</strong></span> 
     </span>
    </p>
   </div>
   <div class='ocr_carea' id='block_1_89' title="bbox 1927 3261 3508 3336">
    <p class='ocr_par' dir='ltr' id='par_1_89' title="bbox 1927 3261 3508 3336">
     <span class='ocr_line' id='line_1_89' title="bbox 1927 3261 3508 3336; baseline -0.004 -14"><span class='ocrx_word' id='word_1_648' title='bbox 1927 3266 1984 3322; x_wconf 87' lang='lat' dir='ltr'><strong>in</strong></span> <span class='ocrx_word' id='word_1_649' title='bbox 2011 3265 2232 3336; x_wconf 89' lang='lat' dir='ltr'><strong>scriptis</strong></span> <span class='ocrx_word' id='word_1_650' title='bbox 2262 3265 2500 3334; x_wconf 75' lang='lat' dir='ltr'><strong>propria:</strong></span> <span class='ocrx_word' id='word_1_651' title='bbox 2523 3279 2719 3320; x_wconf 86' lang='lat' dir='ltr'><strong>manus</strong></span> <span class='ocrx_word' id='word_1_652' title='bbox 2755 3265 2897 3335; x_wconf 85' lang='lat' dir='ltr'><strong>ejus,</strong></span> <span class='ocrx_word' id='word_1_653' title='bbox 2929 3264 2986 3318; x_wconf 91' lang='lat' dir='ltr'><strong>in</strong></span> <span class='ocrx_word' id='word_1_654' title='bbox 3014 3278 3125 3334; x_wconf 91' lang='lat' dir='ltr'><strong>quo</strong></span> <span class='ocrx_word' id='word_1_655' title='bbox 3152 3273 3208 3318; x_wconf 89' lang='lat' dir='ltr'><strong>et</strong></span> <span class='ocrx_word' id='word_1_656' title='bbox 3242 3261 3508 3318; x_wconf 86' lang='lat' dir='ltr'><strong>Tarasius</strong></span> 
     </span>
    </p>
   </div>
   <div class='ocr_carea' id='block_1_90' title="bbox 1925 3348 3505 3427">
    <p class='ocr_par' dir='ltr' id='par_1_90' title="bbox 1925 3348 3505 3427">
     <span class='ocr_line' id='line_1_90' title="bbox 1925 3348 3505 3427; baseline -0.004 -13"><span class='ocrx_word' id='word_1_657' title='bbox 1925 3357 2311 3415; x_wconf 85' lang='lat' dir='ltr'><strong>sanctissimus</strong></span> <span class='ocrx_word' id='word_1_658' title='bbox 2341 3365 2398 3412; x_wconf 89' lang='lat' dir='ltr'><strong>et</strong></span> <span class='ocrx_word' id='word_1_659' title='bbox 2437 3355 2751 3427; x_wconf 86' lang='lat' dir='ltr'><strong>patriarcha</strong></span> <span class='ocrx_word' id='word_1_660' title='bbox 2782 3367 2838 3412; x_wconf 91' lang='lat' dir='ltr'><strong>et</strong></span> <span class='ocrx_word' id='word_1_661' title='bbox 2877 3348 3072 3412; x_wconf 61' lang='lat' dir='ltr'><strong>omnes</strong></span> <span class='ocrx_word' id='word_1_662' title='bbox 3118 3354 3338 3425; x_wconf 91' lang='lat' dir='ltr'><strong>patricii</strong></span> <span class='ocrx_word' id='word_1_663' title='bbox 3369 3354 3505 3409; x_wconf 85' lang='lat' dir='ltr'><strong>sub-</strong></span> 
     </span>
    </p>
   </div>
   <div class='ocr_carea' id='block_1_91' title="bbox 1925 3445 3509 3521">
    <p class='ocr_par' dir='ltr' id='par_1_91' title="bbox 1925 3445 3509 3521">
     <span class='ocr_line' id='line_1_91' title="bbox 1925 3445 3509 3521; baseline -0.004 -15"><span class='ocrx_word' id='word_1_664' title='bbox 1925 3450 2288 3521; x_wconf 84' lang='lat' dir='ltr'><strong>scripserunt,</strong></span> <span class='ocrx_word' id='word_1_665' title='bbox 2314 3448 2462 3519; x_wconf 92' lang='lat' dir='ltr'><strong>quod</strong></span> <span class='ocrx_word' id='word_1_666' title='bbox 2489 3449 2690 3504; x_wconf 63' lang='lat' dir='ltr'><strong>illaasus</strong></span> <span class='ocrx_word' id='word_1_667' title='bbox 2719 3456 2776 3504; x_wconf 91' lang='lat' dir='ltr'><strong>et</strong></span> <span class='ocrx_word' id='word_1_668' title='bbox 2797 3447 3075 3503; x_wconf 86' lang='lat' dir='ltr'><strong>indemnis</strong></span> <span class='ocrx_word' id='word_1_669' title='bbox 3091 3461 3217 3502; x_wconf 92' lang='lat' dir='ltr'><strong>cum</strong></span> <span class='ocrx_word' id='word_1_670' title='bbox 3246 3445 3509 3501; x_wconf 91' lang='lat' dir='ltr'><strong>omnibus</strong></span> 
     </span>
    </p>
   </div>
   <div class='ocr_carea' id='block_1_92' title="bbox 1925 3535 3513 3612">
    <p class='ocr_par' dir='ltr' id='par_1_92' title="bbox 1925 3535 3513 3612">
     <span class='ocr_line' id='line_1_92' title="bbox 1925 3535 3513 3612; baseline -0.004 -15"><span class='ocrx_word' id='word_1_671' title='bbox 1925 3542 2021 3612; x_wconf 91' lang='lat' dir='ltr'><strong>qui</strong></span> <span class='ocrx_word' id='word_1_672' title='bbox 2066 3557 2254 3597; x_wconf 85' lang='lat' dir='ltr'><strong>secum</strong></span> <span class='ocrx_word' id='word_1_673' title='bbox 2310 3550 2472 3596; x_wconf 86' lang='lat' dir='ltr'><strong>erant</strong></span> <span class='ocrx_word' id='word_1_674' title='bbox 2501 3540 2645 3596; x_wconf 90' lang='lat' dir='ltr'><strong>foret</strong></span> <span class='ocrx_word' id='word_1_675' title='bbox 2693 3539 3020 3604; x_wconf 86' lang='lat' dir='ltr'><strong>servandus,</strong></span> <span class='ocrx_word' id='word_1_676' title='bbox 3057 3544 3214 3594; x_wconf 88' lang='lat' dir='ltr'><strong>sexto</strong></span> <span class='ocrx_word' id='word_1_677' title='bbox 3243 3536 3374 3592; x_wconf 88' lang='lat' dir='ltr'><strong>ldus</strong></span> <span class='ocrx_word' id='word_1_678' title='bbox 3410 3535 3513 3592; x_wconf 85' lang='lat' dir='ltr'><strong>Se-</strong></span> 
     </span>
    </p>
   </div>
   <div class='ocr_carea' id='block_1_93' title="bbox 1926 3627 3506 3704">
    <p class='ocr_par' dir='ltr' id='par_1_93' title="bbox 1926 3627 3506 3704">
     <span class='ocr_line' id='line_1_93' title="bbox 1926 3627 3506 3704; baseline -0.004 -16"><span class='ocrx_word' id='word_1_679' title='bbox 1926 3633 2232 3704; x_wconf 90' lang='lat' dir='ltr'><strong>ptembrias</strong></span> <span class='ocrx_word' id='word_1_680' title='bbox 2263 3631 2446 3686; x_wconf 90' lang='lat' dir='ltr'><strong>media</strong></span> <span class='ocrx_word' id='word_1_681' title='bbox 2473 3640 2637 3686; x_wconf 90' lang='lat' dir='ltr'><strong>nocte</strong></span> <span class='ocrx_word' id='word_1_682' title='bbox 2660 3630 2800 3685; x_wconf 84' lang='lat' dir='ltr'><strong>clam</strong></span> <span class='ocrx_word' id='word_1_683' title='bbox 2846 3629 3067 3700; x_wconf 84' lang='lat' dir='ltr'><strong>fugiens</strong></span> <span class='ocrx_word' id='word_1_684' title='bbox 3103 3628 3393 3684; x_wconf 88' lang='lat' dir='ltr'><strong>descendit</strong></span> <span class='ocrx_word' id='word_1_685' title='bbox 3435 3627 3506 3683; x_wconf 92' lang='lat' dir='ltr'><strong>ad</strong></span> 
     </span>
    </p>
   </div>
   <div class='ocr_carea' id='block_1_94' title="bbox 1927 3717 3586 3794">
    <p class='ocr_par' dir='ltr' id='par_1_94' title="bbox 1927 3717 3586 3794">
     <span class='ocr_line' id='line_1_94' title="bbox 1927 3717 3586 3794; baseline -0.003 -13"><span class='ocrx_word' id='word_1_686' title='bbox 1927 3723 2088 3781; x_wconf 88' lang='lat' dir='ltr'><strong>Cium</strong></span> <span class='ocrx_word' id='word_1_687' title='bbox 2114 3721 2385 3794; x_wconf 66' lang='lat' dir='ltr'><strong>Bithyniae</strong></span> <span class='ocrx_word' id='word_1_688' title='bbox 2411 3722 2466 3776; x_wconf 92' lang='lat' dir='ltr'><strong>in</strong></span> <span class='ocrx_word' id='word_1_689' title='bbox 2497 3720 2895 3776; x_wconf 88' lang='lat' dir='ltr'><strong>monasterium</strong></span> <span class='ocrx_word' id='word_1_690' title='bbox 2920 3717 3253 3784; x_wconf 82' lang='lat' dir='ltr'><strong>lleraclii,et</strong></span> <span class='ocrx_word' id='word_1_691' title='bbox 3279 3719 3507 3773; x_wconf 91' lang='lat' dir='ltr'><strong>invento</strong></span> <span class='ocrx_word' id='word_1_692' title='bbox 3573 3764 3586 3776; x_wconf 90' lang='lat'><strong>.</strong></span> 
     </span>
    </p>
   </div>
   <div class='ocr_carea' id='block_1_95' title="bbox 1927 3809 3508 3884">
    <p class='ocr_par' dir='ltr' id='par_1_95' title="bbox 1927 3809 3508 3884">
     <span class='ocr_line' id='line_1_95' title="bbox 1927 3809 3508 3884; baseline -0.006 -12"><span class='ocrx_word' id='word_1_693' title='bbox 1927 3815 2246 3880; x_wconf 80' lang='lat' dir='ltr'><strong>chelandio,</strong></span> <span class='ocrx_word' id='word_1_694' title='bbox 2283 3813 2431 3884; x_wconf 92' lang='lat' dir='ltr'><strong>quod</strong></span> <span class='ocrx_word' id='word_1_695' title='bbox 2481 3813 2552 3868; x_wconf 89' lang='lat' dir='ltr'><strong>ab</strong></span> <span class='ocrx_word' id='word_1_696' title='bbox 2589 3812 2925 3883; x_wconf 88' lang='lat' dir='ltr'><strong>imperatore</strong></span> <span class='ocrx_word' id='word_1_697' title='bbox 2972 3825 3139 3881; x_wconf 87' lang='lat' dir='ltr'><strong>super</strong></span> <span class='ocrx_word' id='word_1_698' title='bbox 3172 3810 3279 3864; x_wconf 90' lang='lat' dir='ltr'><strong>hoc</strong></span> <span class='ocrx_word' id='word_1_699' title='bbox 3324 3809 3508 3864; x_wconf 88' lang='lat' dir='ltr'><strong>fuerat</strong></span> 
     </span>
    </p>
   </div>
   <div class='ocr_carea' id='block_1_96' title="bbox 1927 3900 3507 3987">
    <p class='ocr_par' dir='ltr' id='par_1_96' title="bbox 1927 3900 3507 3987">
     <span class='ocr_line' id='line_1_96' title="bbox 1927 3900 3507 3987; baseline -0.004 -24"><span class='ocrx_word' id='word_1_700' title='bbox 1927 3907 2181 3973; x_wconf 89' lang='lat' dir='ltr'><strong>missum,</strong></span> <span class='ocrx_word' id='word_1_701' title='bbox 2235 3914 2426 3962; x_wconf 90' lang='lat' dir='ltr'><strong>tonsus</strong></span> <span class='ocrx_word' id='word_1_702' title='bbox 2461 3914 2550 3961; x_wconf 89' lang='lat' dir='ltr'><strong>est</strong></span> <span class='ocrx_word' id='word_1_703' title='bbox 2597 3913 2655 3987; x_wconf 26' lang='lat' dir='ltr'><strong>ext</strong></span> <span class='ocrx_word' id='word_1_704' title='bbox 2703 3903 2934 3958; x_wconf 90' lang='lat' dir='ltr'><strong>indutus</strong></span> <span class='ocrx_word' id='word_1_705' title='bbox 2969 3901 3111 3958; x_wconf 89' lang='lat' dir='ltr'><strong>stola</strong></span> <span class='ocrx_word' id='word_1_706' title='bbox 3145 3900 3507 3967; x_wconf 87' lang='lat' dir='ltr'><strong>monachica;</strong></span> 
     </span>
    </p>
   </div>
   <div class='ocr_carea' id='block_1_97' title="bbox 1925 3995 3508 4073">
    <p class='ocr_par' dir='ltr' id='par_1_97' title="bbox 1925 3995 3508 4073">
     <span class='ocr_line' id='line_1_97' title="bbox 1925 3995 3508 4073; baseline -0.006 -15"><span class='ocrx_word' id='word_1_707' title='bbox 1925 4010 1983 4058; x_wconf 87' lang='lat' dir='ltr'><strong>et</strong></span> <span class='ocrx_word' id='word_1_708' title='bbox 2017 4001 2298 4073; x_wconf 88' lang='lat' dir='ltr'><strong>ingressus</strong></span> <span class='ocrx_word' id='word_1_709' title='bbox 2330 3999 2465 4055; x_wconf 89' lang='lat' dir='ltr'><strong>illud</strong></span> <span class='ocrx_word' id='word_1_710' title='bbox 2504 3998 2642 4054; x_wconf 91' lang='lat' dir='ltr'><strong>abiit</strong></span> <span class='ocrx_word' id='word_1_711' title='bbox 2671 3998 2728 4052; x_wconf 92' lang='lat' dir='ltr'><strong>in</strong></span> <span class='ocrx_word' id='word_1_712' title='bbox 2771 3997 3028 4062; x_wconf 88' lang='lat' dir='ltr'><strong>insulam,</strong></span> <span class='ocrx_word' id='word_1_713' title='bbox 3057 4012 3179 4067; x_wconf 82' lang='lat' dir='ltr'><strong>quae</strong></span> <span class='ocrx_word' id='word_1_714' title='bbox 3215 3995 3508 4051; x_wconf 88' lang='lat' dir='ltr'><strong>dicebatur</strong></span> 
     </span>
    </p>
   </div>
   <div class='ocr_carea' id='block_1_98' title="bbox 1926 4086 3505 4166">
    <p class='ocr_par' dir='ltr' id='par_1_98' title="bbox 1926 4086 3505 4166">
     <span class='ocr_line' id='line_1_98' title="bbox 1926 4086 3505 4166; baseline -0.006 -17"><span class='ocrx_word' id='word_1_715' title='bbox 1926 4093 2127 4166; x_wconf 89' lang='lat' dir='ltr'><strong>prima,</strong></span> <span class='ocrx_word' id='word_1_716' title='bbox 2152 4093 2351 4162; x_wconf 86' lang='lat' dir='ltr'><strong>in.qua</strong></span> <span class='ocrx_word' id='word_1_717' title='bbox 2392 4089 2762 4145; x_wconf 69' lang='lat' dir='ltr'><strong>mdiﬁcaverat</strong></span> <span class='ocrx_word' id='word_1_718' title='bbox 2802 4087 3218 4152; x_wconf 76' lang='lat' dir='ltr'><strong>monasterium,</strong></span> <span class='ocrx_word' id='word_1_719' title='bbox 3245 4086 3505 4158; x_wconf 89' lang='lat' dir='ltr'><strong>opinatus</strong></span> 
     </span>
    </p>
   </div>
   <div class='ocr_carea' id='block_1_99' title="bbox 1926 4177 3508 4257">
    <p class='ocr_par' dir='ltr' id='par_1_99' title="bbox 1926 4177 3508 4257">
     <span class='ocr_line' id='line_1_99' title="bbox 1926 4177 3508 4257; baseline -0.006 -16"><span class='ocrx_word' id='word_1_720' title='bbox 1926 4185 2075 4257; x_wconf 90' lang='lat' dir='ltr'><strong>quod</strong></span> <span class='ocrx_word' id='word_1_721' title='bbox 2107 4185 2322 4242; x_wconf 90' lang='lat' dir='ltr'><strong>veritus</strong></span> <span class='ocrx_word' id='word_1_722' title='bbox 2363 4182 2510 4238; x_wconf 87' lang='lat' dir='ltr'><strong>foret</strong></span> <span class='ocrx_word' id='word_1_723' title='bbox 2537 4181 2784 4238; x_wconf 87' lang='lat' dir='ltr'><strong>terribile</strong></span> <span class='ocrx_word' id='word_1_724' title='bbox 2825 4179 3058 4235; x_wconf 89' lang='lat' dir='ltr'><strong>verbum</strong></span> <span class='ocrx_word' id='word_1_725' title='bbox 3097 4177 3245 4250; x_wconf 87' lang='lat' dir='ltr'><strong>quod</strong></span> <span class='ocrx_word' id='word_1_726' title='bbox 3276 4177 3508 4233; x_wconf 83' lang='lat' dir='ltr'><strong>dederat</strong></span> 
     </span>
    </p>
   </div>
   <div class='ocr_carea' id='block_1_100' title="bbox 1927 4270 3508 4346">
    <p class='ocr_par' dir='ltr' id='par_1_100' title="bbox 1927 4270 3508 4346">
     <span class='ocr_line' id='line_1_100' title="bbox 1927 4270 3508 4346; baseline -0.006 -13"><span class='ocrx_word' id='word_1_727' title='bbox 1927 4277 2032 4333; x_wconf 91' lang='lat' dir='ltr'><strong>sibi</strong></span> <span class='ocrx_word' id='word_1_728' title='bbox 2086 4273 2526 4346; x_wconf 88' lang='lat' dir='ltr'><strong>contemptibilis</strong></span> <span class='ocrx_word' id='word_1_729' title='bbox 2562 4273 2930 4344; x_wconf 87' lang='lat' dir='ltr'><strong>Nicephorus,</strong></span> <span class='ocrx_word' id='word_1_730' title='bbox 2969 4278 3025 4326; x_wconf 91' lang='lat' dir='ltr'><strong>et</strong></span> <span class='ocrx_word' id='word_1_731' title='bbox 3069 4271 3124 4326; x_wconf 90' lang='lat' dir='ltr'><strong>in</strong></span> <span class='ocrx_word' id='word_1_732' title='bbox 3165 4270 3317 4325; x_wconf 88' lang='lat' dir='ltr'><strong>nullo</strong></span> <span class='ocrx_word' id='word_1_733' title='bbox 3359 4277 3508 4325; x_wconf 84' lang='lat' dir='ltr'><strong>esset</strong></span> 
     </span>
    </p>
   </div>
   <div class='ocr_carea' id='block_1_101' title="bbox 1926 4361 3508 4437">
    <p class='ocr_par' dir='ltr' id='par_1_101' title="bbox 1926 4361 3508 4437">
     <span class='ocr_line' id='line_1_101' title="bbox 1926 4361 3508 4437; baseline -0.006 -12"><span class='ocrx_word' id='word_1_734' title='bbox 1926 4368 2230 4425; x_wconf 81' lang='lat' dir='ltr'><strong>laedendus.</strong></span> <span class='ocrx_word' id='word_1_735' title='bbox 2253 4371 2322 4422; x_wconf 82' lang='lat' dir='ltr'><strong>At</strong></span> <span class='ocrx_word' id='word_1_736' title='bbox 2353 4366 2445 4422; x_wconf 88' lang='lat' dir='ltr'><strong>ille</strong></span> <span class='ocrx_word' id='word_1_737' title='bbox 2477 4364 2658 4437; x_wconf 88' lang='lat' dir='ltr'><strong>primo</strong></span> <span class='ocrx_word' id='word_1_738' title='bbox 2681 4364 2909 4436; x_wconf 89' lang='lat' dir='ltr'><strong>quidem</strong></span> <span class='ocrx_word' id='word_1_739' title='bbox 2930 4361 3348 4418; x_wconf 83' lang='lat' dir='ltr'><strong>denudat‘illum</strong></span> <span class='ocrx_word' id='word_1_740' title='bbox 3375 4361 3508 4416; x_wconf 88' lang='lat' dir='ltr'><strong>sub-</strong></span> 
     </span>
    </p>
   </div>
   <div class='ocr_carea' id='block_1_102' title="bbox 1927 4453 3503 4528">
    <p class='ocr_par' dir='ltr' id='par_1_102' title="bbox 1927 4453 3503 4528">
     <span class='ocr_line' id='line_1_102' title="bbox 1927 4453 3503 4528; baseline -0.005 -14"><span class='ocrx_word' id='word_1_741' title='bbox 1927 4456 2126 4514; x_wconf 88' lang='lat' dir='ltr'><strong>stantia</strong></span> <span class='ocrx_word' id='word_1_742' title='bbox 2157 4457 2302 4528; x_wconf 85' lang='lat' dir='ltr'><strong>ejus,</strong></span> <span class='ocrx_word' id='word_1_743' title='bbox 2331 4465 2388 4513; x_wconf 90' lang='lat' dir='ltr'><strong>et</strong></span> <span class='ocrx_word' id='word_1_744' title='bbox 2414 4459 2706 4513; x_wconf 90' lang='lat' dir='ltr'><strong>occasione</strong></span> <span class='ocrx_word' id='word_1_745' title='bbox 2732 4463 2958 4524; x_wconf 86' lang='lat' dir='ltr'><strong>accepta</strong></span> <span class='ocrx_word' id='word_1_746' title='bbox 2985 4469 3179 4509; x_wconf 88' lang='lat' dir='ltr'><strong>omnes</strong></span> <span class='ocrx_word' id='word_1_747' title='bbox 3198 4453 3503 4508; x_wconf 78' lang='lat' dir='ltr'><strong>tliematum</strong></span> 
     </span>
    </p>
   </div>
   <div class='ocr_carea' id='block_1_103' title="bbox 1928 4541 3506 4620">
    <p class='ocr_par' dir='ltr' id='par_1_103' title="bbox 1928 4541 3506 4620">
     <span class='ocr_line' id='line_1_103' title="bbox 1928 4541 3506 4620; baseline -0.005 -16"><span class='ocrx_word' id='word_1_748' title='bbox 1928 4548 2208 4620; x_wconf 91' lang='lat' dir='ltr'><strong>principes</strong></span> <span class='ocrx_word' id='word_1_749' title='bbox 2233 4555 2290 4604; x_wconf 92' lang='lat' dir='ltr'><strong>et</strong></span> <span class='ocrx_word' id='word_1_750' title='bbox 2313 4547 2690 4614; x_wconf 84' lang='lat' dir='ltr'><strong>habitatores;</strong></span> <span class='ocrx_word' id='word_1_751' title='bbox 2719 4544 2988 4616; x_wconf 87' lang='lat' dir='ltr'><strong>quosdam</strong></span> <span class='ocrx_word' id='word_1_752' title='bbox 3010 4551 3192 4600; x_wconf 90' lang='lat' dir='ltr'><strong>autem</strong></span> <span class='ocrx_word' id='word_1_753' title='bbox 3221 4551 3280 4598; x_wconf 89' lang='lat' dir='ltr'><strong>et</strong></span> <span class='ocrx_word' id='word_1_754' title='bbox 3315 4541 3384 4597; x_wconf 90' lang='lat' dir='ltr'><strong>de</strong></span> <span class='ocrx_word' id='word_1_755' title='bbox 3417 4557 3506 4596; x_wconf 89' lang='lat' dir='ltr'><strong>rc-</strong></span> 
     </span>
    </p>
   </div>
   <div class='ocr_carea' id='block_1_104' title="bbox 1928 4633 3506 4712">
    <p class='ocr_par' dir='ltr' id='par_1_104' title="bbox 1928 4633 3506 4712">
     <span class='ocr_line' id='line_1_104' title="bbox 1928 4633 3506 4712; baseline -0.004 -17"><span class='ocrx_word' id='word_1_756' title='bbox 1928 4640 2016 4712; x_wconf 88' lang='lat' dir='ltr'><strong>gia</strong></span> <span class='ocrx_word' id='word_1_757' title='bbox 2049 4640 2187 4695; x_wconf 87' lang='lat' dir='ltr'><strong>urbe</strong></span> <span class='ocrx_word' id='word_1_758' title='bbox 2220 4639 2538 4711; x_wconf 89' lang='lat' dir='ltr'><strong>captivavit,</strong></span> <span class='ocrx_word' id='word_1_759' title='bbox 2573 4638 2881 4694; x_wconf 88' lang='lat' dir='ltr'><strong>exercitum</strong></span> <span class='ocrx_word' id='word_1_760' title='bbox 2929 4645 3117 4692; x_wconf 89' lang='lat' dir='ltr'><strong>autem</strong></span> <span class='ocrx_word' id='word_1_761' title='bbox 3153 4650 3285 4706; x_wconf 90' lang='lat' dir='ltr'><strong>roga</strong></span> <span class='ocrx_word' id='word_1_762' title='bbox 3318 4633 3506 4707; x_wconf 90' lang='lat' dir='ltr'><strong>priva-</strong></span> 
     </span>
    </p>
   </div>
   <div class='ocr_carea' id='block_1_105' title="bbox 1933 4728 3504 4799">
    <p class='ocr_par' dir='ltr' id='par_1_105' title="bbox 1933 4728 3504 4799">
     <span class='ocr_line' id='line_1_105' title="bbox 1933 4728 3504 4799; baseline -0.006 -11"><span class='ocrx_word' id='word_1_763' title='bbox 1933 4739 2048 4788; x_wconf 89' lang='lat' dir='ltr'><strong>tum</strong></span> <span class='ocrx_word' id='word_1_764' title='bbox 2089 4730 2359 4787; x_wconf 90' lang='lat' dir='ltr'><strong>deseruit.</strong></span> <span class='ocrx_word' id='word_1_765' title='bbox 2393 4730 2599 4786; x_wconf 78' lang='lat' dir='ltr'><strong>Verum</strong></span> <span class='ocrx_word' id='word_1_766' title='bbox 2655 4728 2783 4799; x_wconf 90' lang='lat' dir='ltr'><strong>quis</strong></span> <span class='ocrx_word' id='word_1_767' title='bbox 2826 4743 3009 4782; x_wconf 88' lang='lat' dir='ltr'><strong>sermo</strong></span> <span class='ocrx_word' id='word_1_768' title='bbox 3054 4739 3315 4781; x_wconf 88' lang='lat' dir='ltr'><strong>enarrare</strong></span> <span class='ocrx_word' id='word_1_769' title='bbox 3363 4738 3504 4780; x_wconf 91' lang='lat' dir='ltr'><strong>con-</strong></span> 
     </span>
    </p>
   </div>
   <div class='ocr_carea' id='block_1_106' title="bbox 1929 4814 3502 4893">
    <p class='ocr_par' dir='ltr' id='par_1_106' title="bbox 1929 4814 3502 4893">
     <span class='ocr_line' id='line_1_106' title="bbox 1929 4814 3502 4893; baseline -0.006 -17"><span class='ocrx_word' id='word_1_770' title='bbox 1929 4821 2093 4893; x_wconf 86' lang='lat' dir='ltr'><strong>digne</strong></span> <span class='ocrx_word' id='word_1_771' title='bbox 2117 4821 2352 4877; x_wconf 83' lang='lat' dir='ltr'><strong>sulliciet</strong></span> <span class='ocrx_word' id='word_1_772' title='bbox 2378 4835 2568 4890; x_wconf 91' lang='lat' dir='ltr'><strong>opera,</strong></span> <span class='ocrx_word' id='word_1_773' title='bbox 2619 4833 2742 4890; x_wconf 74' lang='lat' dir='ltr'><strong>qua:</strong></span> <span class='ocrx_word' id='word_1_774' title='bbox 2776 4817 2977 4873; x_wconf 90' lang='lat' dir='ltr'><strong>diebus</strong></span> <span class='ocrx_word' id='word_1_775' title='bbox 3018 4816 3130 4871; x_wconf 90' lang='lat' dir='ltr'><strong>illis</strong></span> <span class='ocrx_word' id='word_1_776' title='bbox 3167 4814 3237 4870; x_wconf 90' lang='lat' dir='ltr'><strong>ab</strong></span> <span class='ocrx_word' id='word_1_777' title='bbox 3269 4829 3338 4870; x_wconf 92' lang='lat' dir='ltr'><strong>eo</strong></span> <span class='ocrx_word' id='word_1_778' title='bbox 3368 4821 3502 4869; x_wconf 89' lang='lat' dir='ltr'><strong>sunt</strong></span> 
     </span>
    </p>
   </div>
   <div class='ocr_carea' id='block_1_107' title="bbox 1927 4905 3503 4985">
    <p class='ocr_par' dir='ltr' id='par_1_107' title="bbox 1927 4905 3503 4985">
     <span class='ocr_line' id='line_1_107' title="bbox 1927 4905 3503 4985; baseline -0.006 -15"><span class='ocrx_word' id='word_1_779' title='bbox 1927 4922 2076 4985; x_wconf 89' lang='lat' dir='ltr'><strong>gesta</strong></span> <span class='ocrx_word' id='word_1_780' title='bbox 2136 4928 2235 4984; x_wconf 90' lang='lat' dir='ltr'><strong>per</strong></span> <span class='ocrx_word' id='word_1_781' title='bbox 2297 4909 2696 4982; x_wconf 87' lang='lat' dir='ltr'><strong>indulgentiam</strong></span> <span class='ocrx_word' id='word_1_782' title='bbox 2756 4909 2854 4965; x_wconf 88' lang='lat' dir='ltr'><strong>Dei</strong></span> <span class='ocrx_word' id='word_1_783' title='bbox 2917 4916 3146 4980; x_wconf 88' lang='lat' dir='ltr'><strong>pr0pter</strong></span> <span class='ocrx_word' id='word_1_784' title='bbox 3207 4905 3503 4963; x_wconf 89' lang='lat' dir='ltr'><strong>commissa</strong></span> 
     </span>
    </p>
   </div>
   <div class='ocr_carea' id='block_1_108' title="bbox 1929 4999 3505 5074">
    <p class='ocr_par' dir='ltr' id='par_1_108' title="bbox 1929 4999 3505 5074">
     <span class='ocr_line' id='line_1_108' title="bbox 1929 4999 3505 5074; baseline -0.006 -13"><span class='ocrx_word' id='word_1_785' title='bbox 1929 5005 2155 5061; x_wconf 86' lang='lat' dir='ltr'><strong>nostra?</strong></span> <span class='ocrx_word' id='word_1_786' title='bbox 2180 5004 2334 5060; x_wconf 90' lang='lat' dir='ltr'><strong>Nona</strong></span> <span class='ocrx_word' id='word_1_787' title='bbox 2378 5003 2468 5060; x_wconf 88' lang='lat' dir='ltr'><strong>die</strong></span> <span class='ocrx_word' id='word_1_788' title='bbox 2495 5001 2726 5074; x_wconf 84' lang='lat' dir='ltr'><strong>Augusti</strong></span> <span class='ocrx_word' id='word_1_789' title='bbox 2771 5001 2977 5057; x_wconf 88' lang='lat' dir='ltr'><strong>mensis</strong></span> <span class='ocrx_word' id='word_1_790' title='bbox 3005 4999 3308 5056; x_wconf 71' lang='lat' dir='ltr'><strong>undecima:</strong></span> <span class='ocrx_word' id='word_1_791' title='bbox 3356 4999 3505 5054; x_wconf 90' lang='lat' dir='ltr'><strong>indi-</strong></span> 
     </span>
    </p>
   </div>
   <div class='ocr_carea' id='block_1_109' title="bbox 1927 5089 3502 5165">
    <p class='ocr_par' dir='ltr' id='par_1_109' title="bbox 1927 5089 3502 5165">
     <span class='ocr_line' id='line_1_109' title="bbox 1927 5089 3502 5165; baseline -0.007 -12"><span class='ocrx_word' id='word_1_792' title='bbox 1927 5095 2128 5153; x_wconf 90' lang='lat' dir='ltr'><strong>ctionis</strong></span> <span class='ocrx_word' id='word_1_793' title='bbox 2152 5095 2411 5152; x_wconf 82' lang='lat' dir='ltr'><strong>defuncta</strong></span> <span class='ocrx_word' id='word_1_794' title='bbox 2444 5104 2530 5151; x_wconf 89' lang='lat' dir='ltr'><strong>est</strong></span> <span class='ocrx_word' id='word_1_795' title='bbox 2570 5093 2892 5165; x_wconf 77' lang='lat' dir='ltr'><strong>imperatrix</strong></span> <span class='ocrx_word' id='word_1_796' title='bbox 2933 5093 3169 5149; x_wconf 84' lang='lat' dir='ltr'><strong>lleirene</strong></span> <span class='ocrx_word' id='word_1_797' title='bbox 3201 5093 3258 5147; x_wconf 90' lang='lat' dir='ltr'><strong>in</strong></span> <span class='ocrx_word' id='word_1_798' title='bbox 3305 5089 3502 5146; x_wconf 90' lang='lat' dir='ltr'><strong>exsilio</strong></span> 
     </span>
    </p>
   </div>
   <div class='ocr_carea' id='block_1_110' title="bbox 1925 5172 3502 5253">
    <p class='ocr_par' dir='ltr' id='par_1_110' title="bbox 1925 5172 3502 5253">
     <span class='ocr_line' id='line_1_110' title="bbox 1925 5172 3502 5253; baseline -0.007 -10"><span class='ocrx_word' id='word_1_799' title='bbox 1925 5188 2120 5244; x_wconf 65' lang='lat' dir='ltr'><strong>insula:</strong></span> <span class='ocrx_word' id='word_1_800' title='bbox 2169 5186 2355 5252; x_wconf 91' lang='lat' dir='ltr'><strong>Lesbi,</strong></span> <span class='ocrx_word' id='word_1_801' title='bbox 2406 5195 2462 5242; x_wconf 91' lang='lat' dir='ltr'><strong>et</strong></span> <span class='ocrx_word' id='word_1_802' title='bbox 2513 5185 2838 5242; x_wconf 88' lang='lat' dir='ltr'><strong>translatum</strong></span> <span class='ocrx_word' id='word_1_803' title='bbox 2901 5193 2988 5240; x_wconf 91' lang='lat' dir='ltr'><strong>est</strong></span> <span class='ocrx_word' id='word_1_804' title='bbox 3043 5198 3244 5253; x_wconf 90' lang='lat' dir='ltr'><strong>corpus</strong></span> <span class='ocrx_word' id='word_1_805' title='bbox 3282 5182 3402 5251; x_wconf 85' lang='lat' dir='ltr'><strong>ejus</strong></span> <span class='ocrx_word' id='word_1_806' title='bbox 3441 5172 3502 5232; x_wconf 87' lang='lat' dir='ltr'><strong>in</strong></span> 
     </span>
    </p>
   </div>
   <div class='ocr_carea' id='block_1_111' title="bbox 1924 5271 3504 5349">
    <p class='ocr_par' dir='ltr' id='par_1_111' title="bbox 1924 5271 3504 5349">
     <span class='ocr_line' id='line_1_111' title="bbox 1924 5271 3504 5349; baseline -0.006 -16"><span class='ocrx_word' id='word_1_807' title='bbox 1924 5278 2164 5334; x_wconf 89' lang='lat' dir='ltr'><strong>insulam</strong></span> <span class='ocrx_word' id='word_1_808' title='bbox 2184 5277 2476 5349; x_wconf 89' lang='lat' dir='ltr'><strong>principis,</strong></span> <span class='ocrx_word' id='word_1_809' title='bbox 2516 5275 2575 5332; x_wconf 92' lang='lat' dir='ltr'><strong>in</strong></span> <span class='ocrx_word' id='word_1_810' title='bbox 2602 5275 3002 5333; x_wconf 87' lang='lat' dir='ltr'><strong>monasterium</strong></span> <span class='ocrx_word' id='word_1_811' title='bbox 3033 5272 3181 5345; x_wconf 90' lang='lat' dir='ltr'><strong>quod</strong></span> <span class='ocrx_word' id='word_1_812' title='bbox 3212 5271 3329 5341; x_wconf 90' lang='lat' dir='ltr'><strong>ipsa</strong></span> <span class='ocrx_word' id='word_1_813' title='bbox 3365 5284 3504 5324; x_wconf 91' lang='lat' dir='ltr'><strong>con-</strong></span> 
     </span>
    </p>
   </div>
   <div class='ocr_carea' id='block_1_112' title="bbox 1924 5373 2150 5429">
    <p class='ocr_par' dir='ltr' id='par_1_112' title="bbox 1924 5373 2150 5429">
     <span class='ocr_line' id='line_1_112' title="bbox 1924 5373 2150 5429; baseline -0.004 0"><span class='ocrx_word' id='word_1_814' title='bbox 1924 5373 2150 5429; x_wconf 81' lang='lat' dir='ltr'><strong>struxit.</strong></span> 
     </span>
    </p>
   </div>
   <div class='ocr_carea' id='block_1_113' title="bbox 1995 5457 3501 5531">
    <p class='ocr_par' dir='ltr' id='par_1_113' title="bbox 1995 5457 3501 5531">
     <span class='ocr_line' id='line_1_113' title="bbox 1995 5457 3501 5531; baseline -0.007 -11"><span class='ocrx_word' id='word_1_815' title='bbox 1995 5463 2182 5520; x_wconf 81' lang='lat' dir='ltr'><strong>Mundi</strong></span> <span class='ocrx_word' id='word_1_816' title='bbox 2205 5479 2350 5520; x_wconf 89' lang='lat' dir='ltr'><strong>anno</strong></span> <span class='ocrx_word' id='word_1_817' title='bbox 2371 5462 2534 5531; x_wconf 67' lang='lat'><strong>6246,</strong></span> <span class='ocrx_word' id='word_1_818' title='bbox 2558 5463 2757 5519; x_wconf 78' lang='lat' dir='ltr'><strong>divina:</strong></span> <span class='ocrx_word' id='word_1_819' title='bbox 2786 5457 3181 5517; x_wconf 88' lang='lat' dir='ltr'><strong>incarnationis</strong></span> <span class='ocrx_word' id='word_1_820' title='bbox 3202 5471 3348 5512; x_wconf 89' lang='lat' dir='ltr'><strong>anno</strong></span> <span class='ocrx_word' id='word_1_821' title='bbox 3373 5457 3501 5524; x_wconf 63' lang='lat'><strong>756,</strong></span> 
     </span>
    </p>
   </div>
   <div class='ocr_carea' id='block_1_114' title="bbox 1755 5559 1996 5619">
    <p class='ocr_par' dir='ltr' id='par_1_114' title="bbox 1755 5559 1996 5619">
     <span class='ocr_line' id='line_1_114' title="bbox 1755 5559 1996 5619; baseline 0.012 -3"><span class='ocrx_word' id='word_1_822' title='bbox 1755 5559 1996 5619; x_wconf 65' lang='grc' dir='ltr'><strong>ΝΟΤιΕ.</strong></span> 
     </span>
    </p>
   </div>
   <div class='ocr_carea' id='block_1_115' title="bbox 246 5620 1817 5707">
    <p class='ocr_par' dir='ltr' id='par_1_115' title="bbox 246 5620 1817 5707">
     <span class='ocr_line' id='line_1_115' title="bbox 246 5620 1817 5707; baseline 0.008 -33"><span class='ocrx_word' id='word_1_823' title='bbox 246 5693 260 5706; x_wconf 49' lang='lat'><strong><em>.</em></strong></span> <span class='ocrx_word' id='word_1_824' title='bbox 311 5620 426 5693; x_wconf 87' lang='lat'><strong>(89)</strong></span> <span class='ocrx_word' id='word_1_825' title='bbox 455 5620 836 5707; x_wconf 65' lang='lat' dir='ltr'><strong>Inbonorandi,</strong></span> <span class='ocrx_word' id='word_1_826' title='bbox 865 5627 1150 5707; x_wconf 57' lang='grc' dir='ltr'><strong>ἀτιμάςξςξι.</strong></span> <span class='ocrx_word' id='word_1_827' title='bbox 1182 5626 1555 5707; x_wconf 69' lang='grc' dir='ltr'><strong>Τθνιυηίεψᾳε</strong></span> <span class='ocrx_word' id='word_1_828' title='bbox 1587 5630 1664 5685; x_wconf 89' lang='lat' dir='ltr'><strong>De</strong></span> <span class='ocrx_word' id='word_1_829' title='bbox 1691 5631 1817 5707; x_wconf 72' lang='lat' dir='ltr'><strong>[ago</strong></span> 
     </span>
    </p>
   </div>
   <div class='ocr_carea' id='block_1_116' title="bbox 239 5696 1818 5765">
    <p class='ocr_par' dir='ltr' id='par_1_116' title="bbox 239 5696 1818 5765">
     <span class='ocr_line' id='line_1_116' title="bbox 239 5696 1818 5765; baseline 0.008 -20"><span class='ocrx_word' id='word_1_830' title='bbox 239 5696 297 5746; x_wconf 87' lang='lat' dir='ltr'><strong>in</strong></span> <span class='ocrx_word' id='word_1_831' title='bbox 317 5701 579 5765; x_wconf 76' lang='lat' dir='ltr'><strong>persecat.</strong></span> <span class='ocrx_word' id='word_1_832' title='bbox 602 5735 616 5759; x_wconf 94' lang='lat'><strong>,</strong></span> <span class='ocrx_word' id='word_1_833' title='bbox 641 5713 659 5746; x_wconf 79' lang='grc' dir='ltr'>ι</span> <span class='ocrx_word' id='word_1_834' title='bbox 696 5696 996 5752; x_wconf 88' lang='lat' dir='ltr'><strong>inhonores</strong></span> <span class='ocrx_word' id='word_1_835' title='bbox 1052 5698 1244 5765; x_wconf 89' lang='lat' dir='ltr'><strong>illum;</strong></span> <span class='ocrx_word' id='word_1_836' title='bbox 1284 5719 1302 5751; x_wconf 76' lang='grc' dir='ltr'><strong><em>ι</em></strong></span> <span class='ocrx_word' id='word_1_837' title='bbox 1333 5709 1390 5755; x_wconf 92' lang='lat' dir='ltr'><strong>et</strong></span> <span class='ocrx_word' id='word_1_838' title='bbox 1436 5696 1818 5758; x_wconf 50' lang='lat' dir='ltr'><strong>inhonora&#39;bilis</strong></span> 
     </span>
    </p>
   </div>
   <div class='ocr_carea' id='block_1_117' title="bbox 242 5763 1826 5844">
    <p class='ocr_par' dir='ltr' id='par_1_117' title="bbox 242 5763 1826 5844">
     <span class='ocr_line' id='line_1_117' title="bbox 242 5763 1826 5844; baseline 0.009 -27"><span class='ocrx_word' id='word_1_839' title='bbox 242 5763 388 5833; x_wconf 89' lang='lat' dir='ltr'><strong>apud</strong></span> <span class='ocrx_word' id='word_1_840' title='bbox 418 5763 695 5821; x_wconf 88' lang='lat' dir='ltr'><strong>eumdem.</strong></span> <span class='ocrx_word' id='word_1_841' title='bbox 718 5765 755 5821; x_wconf 84' lang='lat' dir='ltr'>S</span> <span class='ocrx_word' id='word_1_842' title='bbox 791 5767 1032 5839; x_wconf 86' lang='lat' dir='ltr'><strong>lgnatius</strong></span> <span class='ocrx_word' id='word_1_843' title='bbox 1059 5784 1148 5840; x_wconf 90' lang='lat' dir='ltr'><strong>ep.</strong></span> <span class='ocrx_word' id='word_1_844' title='bbox 1166 5763 1238 5826; x_wconf 89' lang='lat' dir='ltr'><strong>ad</strong></span> <span class='ocrx_word' id='word_1_845' title='bbox 1264 5771 1503 5841; x_wconf 86' lang='lat' dir='ltr'><strong>Philad.,</strong></span> <span class='ocrx_word' id='word_1_846' title='bbox 1521 5773 1826 5844; x_wconf 75' lang='grc' dir='ltr'><strong>ἀτιμάσαν-</strong></span> 
     </span>
    </p>
   </div>
   <div class='ocr_carea' id='block_1_118' title="bbox 1923 5622 3504 5698">
    <p class='ocr_par' dir='ltr' id='par_1_118' title="bbox 1923 5622 3504 5698">
     <span class='ocr_line' id='line_1_118' title="bbox 1923 5622 3504 5698; baseline -0.006 -11"><span class='ocrx_word' id='word_1_847' title='bbox 1923 5651 2016 5698; x_wconf 83' lang='grc' dir='ltr'><strong>τες</strong></span> <span class='ocrx_word' id='word_1_848' title='bbox 2043 5630 2258 5694; x_wconf 73' lang='grc' dir='ltr'><strong>αὐτούς.</strong></span> <span class='ocrx_word' id='word_1_849' title='bbox 2274 5629 2395 5685; x_wconf 84' lang='lat' dir='ltr'><strong>Vet.</strong></span> <span class='ocrx_word' id='word_1_850' title='bbox 2413 5629 2512 5684; x_wconf 88' lang='lat' dir='ltr'><strong>int.</strong></span> <span class='ocrx_word' id='word_1_851' title='bbox 2527 5649 2545 5680; x_wconf 86' lang='grc'><strong><em>‹</em></strong></span> <span class='ocrx_word' id='word_1_852' title='bbox 2570 5628 3041 5685; x_wconf 90' lang='lat' dir='ltr'><strong>inhonoraverunt</strong></span> <span class='ocrx_word' id='word_1_853' title='bbox 3064 5625 3212 5697; x_wconf 90' lang='lat' dir='ltr'><strong>ipsos</strong></span> <span class='ocrx_word' id='word_1_854' title='bbox 3228 5642 3243 5694; x_wconf 89' lang='lat'><strong>;</strong></span> <span class='ocrx_word' id='word_1_855' title='bbox 3257 5644 3274 5679; x_wconf 74' lang='grc' dir='ltr'><strong><em>ι</em></strong></span> <span class='ocrx_word' id='word_1_856' title='bbox 3300 5623 3394 5680; x_wconf 89' lang='lat' dir='ltr'><strong>alii</strong></span> <span class='ocrx_word' id='word_1_857' title='bbox 3411 5622 3504 5679; x_wconf 77' lang='lat' dir='ltr'><strong>de-</strong></span> 
     </span>
    </p>
   </div>
   <div class='ocr_carea' id='block_1_119' title="bbox 1922 5699 2630 5760">
    <p class='ocr_par' dir='ltr' id='par_1_119' title="bbox 1922 5699 2630 5760">
     <span class='ocr_line' id='line_1_119' title="bbox 1922 5699 2630 5760; baseline -0.004 -2"><span class='ocrx_word' id='word_1_858' title='bbox 1922 5707 2184 5760; x_wconf 82' lang='lat' dir='ltr'><strong>honorare</strong></span> <span class='ocrx_word' id='word_1_859' title='bbox 2208 5709 2448 5759; x_wconf 79' lang='lat' dir='ltr'><strong>vertunt.</strong></span> <span class='ocrx_word' id='word_1_860' title='bbox 2468 5699 2630 5756; x_wconf 59' lang='grc' dir='ltr'><strong>ἢδη.</strong></span> 
     </span>
    </p>
   </div>
  </div>
