  <div class='ocr_page' id='page_1' title='image "/cluster/home/n/w/nwhite01/storage/ocr_20150623/108/hvd.32044073502320/711.png"; bbox 0 0 3978 6212; ppageno 0'>
   <div class='ocr_carea' id='block_1_1' title="bbox 537 299 668 371">
    <p class='ocr_par' dir='ltr' id='par_1_1' title="bbox 537 299 668 371">
     <span class='ocr_line' id='line_1_1' title="bbox 537 299 668 371; baseline -0.008 0"><span class='ocrx_word' id='word_1_1' title='bbox 537 299 668 371; x_wconf 75' lang='lat' dir='ltr'><strong>illi</strong></span> 
     </span>
    </p>
   </div>
   <div class='ocr_carea' id='block_1_2' title="bbox 1652 266 2733 362">
    <p class='ocr_par' dir='ltr' id='par_1_2' title="bbox 1652 266 2733 362">
     <span class='ocr_line' id='line_1_2' title="bbox 1652 266 2733 362; baseline -0.005 -1"><span class='ocrx_word' id='word_1_2' title='bbox 1652 301 2053 362; x_wconf 85' lang='lat' dir='ltr'><strong>ANASTASII</strong></span> <span class='ocrx_word' id='word_1_3' title='bbox 2106 266 2733 360; x_wconf 71' lang='lat' dir='ltr'><strong>BIBLlOTlIECABIl</strong></span> 
     </span>
    </p>
   </div>
   <div class='ocr_carea' id='block_1_3' title="bbox 3648 291 3745 356">
    <p class='ocr_par' dir='ltr' id='par_1_3' title="bbox 3648 291 3745 356">
     <span class='ocr_line' id='line_1_3' title="bbox 3648 291 3745 356; baseline -0.021 0"><span class='ocrx_word' id='word_1_4' title='bbox 3648 291 3745 356; x_wconf 70' lang='lat' dir='ltr'><strong>iii}</strong></span> 
     </span>
    </p>
   </div>
   <div class='ocr_carea' id='block_1_4' title="bbox 531 399 3747 490">
    <p class='ocr_par' dir='ltr' id='par_1_4' title="bbox 531 399 3747 490">
     <span class='ocr_line' id='line_1_4' title="bbox 531 399 3747 490; baseline -0.005 -14"><span class='ocrx_word' id='word_1_5' title='bbox 531 437 680 480; x_wconf 83' lang='lat' dir='ltr'><strong>anno</strong></span> <span class='ocrx_word' id='word_1_6' title='bbox 724 419 941 490; x_wconf 88' lang='lat' dir='ltr'><strong>imperii</strong></span> <span class='ocrx_word' id='word_1_7' title='bbox 992 416 1078 472; x_wconf 90' lang='lat' dir='ltr'><strong>sui</strong></span> <span class='ocrx_word' id='word_1_8' title='bbox 1122 401 1370 472; x_wconf 87' lang='lat' dir='ltr'><strong>secundo</strong></span> <span class='ocrx_word' id='word_1_9' title='bbox 1422 413 1769 486; x_wconf 83' lang='lat' dir='ltr'><strong>Nicephorus</strong></span> <span class='ocrx_word' id='word_1_10' title='bbox 1820 413 2109 469; x_wconf 78' lang='lat' dir='ltr'><strong>coronavit</strong></span> <span class='ocrx_word' id='word_1_11' title='bbox 2141 417 2181 474; x_wconf 74' lang='grc' dir='ltr'><strong>Α</strong></span> <span class='ocrx_word' id='word_1_12' title='bbox 2212 410 2627 481; x_wconf 90' lang='lat' dir='ltr'><strong>ptingentorum</strong></span> <span class='ocrx_word' id='word_1_13' title='bbox 2679 401 2944 460; x_wconf 80' lang='lat' dir='ltr'><strong>videlicet</strong></span> <span class='ocrx_word' id='word_1_14' title='bbox 3001 399 3227 458; x_wconf 88' lang='lat' dir='ltr'><strong>circiter</strong></span> <span class='ocrx_word' id='word_1_15' title='bbox 3280 399 3654 457; x_wconf 85' lang='lat' dir='ltr'><strong>monachorum</strong></span> <span class='ocrx_word' id='word_1_16' title='bbox 3673 405 3747 459; x_wconf 84' lang='lat' dir='ltr'><strong>sub</strong></span> 
     </span>
    </p>
   </div>
   <div class='ocr_carea' id='block_1_5' title="bbox 534 503 2123 578">
    <p class='ocr_par' dir='ltr' id='par_1_5' title="bbox 534 503 2123 578">
     <span class='ocr_line' id='line_1_5' title="bbox 534 503 2123 578; baseline -0.011 -5"><span class='ocrx_word' id='word_1_17' title='bbox 534 512 887 572; x_wconf 87' lang='lat' dir='ltr'><strong>Stauracium</strong></span> <span class='ocrx_word' id='word_1_18' title='bbox 924 509 1098 563; x_wconf 82' lang='lat' dir='ltr'><strong>lilium</strong></span> <span class='ocrx_word' id='word_1_19' title='bbox 1149 524 1312 564; x_wconf 89' lang='lat' dir='ltr'><strong>suum</strong></span> <span class='ocrx_word' id='word_1_20' title='bbox 1355 523 1455 578; x_wconf 90' lang='lat' dir='ltr'><strong>per</strong></span> <span class='ocrx_word' id='word_1_21' title='bbox 1497 507 1784 562; x_wconf 83' lang='lat' dir='ltr'><strong>Tarasium</strong></span> <span class='ocrx_word' id='word_1_22' title='bbox 1836 503 2123 559; x_wconf 83' lang='lat' dir='ltr'><strong>sanctissi-</strong></span> 
     </span>
    </p>
   </div>
   <div class='ocr_carea' id='block_1_6' title="bbox 469 594 2122 675">
    <p class='ocr_par' dir='ltr' id='par_1_6' title="bbox 469 594 2122 675">
     <span class='ocr_line' id='line_1_6' title="bbox 469 594 2122 675; baseline -0.007 -14"><span class='ocrx_word' id='word_1_23' title='bbox 469 606 478 637; x_wconf 68' lang='grc' dir='ltr'><em>έ</em></span> <span class='ocrx_word' id='word_1_24' title='bbox 533 622 685 661; x_wconf 90' lang='lat' dir='ltr'><strong>mum</strong></span> <span class='ocrx_word' id='word_1_25' title='bbox 720 603 1091 675; x_wconf 89' lang='lat' dir='ltr'><strong>patriarcham</strong></span> <span class='ocrx_word' id='word_1_26' title='bbox 1146 602 1201 656; x_wconf 90' lang='lat' dir='ltr'><strong>in</strong></span> <span class='ocrx_word' id='word_1_27' title='bbox 1231 603 1467 655; x_wconf 90' lang='lat' dir='ltr'><strong>amboue</strong></span> <span class='ocrx_word' id='word_1_28' title='bbox 1514 599 1735 669; x_wconf 88' lang='lat' dir='ltr'><strong>Majoris</strong></span> <span class='ocrx_word' id='word_1_29' title='bbox 1768 595 2018 652; x_wconf 72' lang='lat' dir='ltr'><strong>ecclesia:</strong></span> <span class='ocrx_word' id='word_1_30' title='bbox 2065 594 2122 650; x_wconf 91' lang='lat' dir='ltr'><strong>in</strong></span> 
     </span>
    </p>
   </div>
   <div class='ocr_carea' id='block_1_7' title="bbox 533 686 2123 766">
    <p class='ocr_par' dir='ltr' id='par_1_7' title="bbox 533 686 2123 766">
     <span class='ocr_line' id='line_1_7' title="bbox 533 686 2123 766; baseline -0.006 -16"><span class='ocrx_word' id='word_1_31' title='bbox 533 697 953 766; x_wconf 76' lang='lat' dir='ltr'><strong>imperatorem,</strong></span> <span class='ocrx_word' id='word_1_32' title='bbox 987 709 1112 748; x_wconf 91' lang='lat' dir='ltr'><strong>cum</strong></span> <span class='ocrx_word' id='word_1_33' title='bbox 1156 700 1303 748; x_wconf 81' lang='lat' dir='ltr'><strong>esset</strong></span> <span class='ocrx_word' id='word_1_34' title='bbox 1330 691 1544 746; x_wconf 79' lang='lat' dir='ltr'><strong>inutilis</strong></span> <span class='ocrx_word' id='word_1_35' title='bbox 1579 689 1647 744; x_wconf 91' lang='lat' dir='ltr'><strong>ad</strong></span> <span class='ocrx_word' id='word_1_36' title='bbox 1699 697 1906 743; x_wconf 83' lang='lat' dir='ltr'><strong>tantam</strong></span> <span class='ocrx_word' id='word_1_37' title='bbox 1943 686 2123 742; x_wconf 91' lang='lat' dir='ltr'><strong>modis</strong></span> 
     </span>
    </p>
   </div>
   <div class='ocr_carea' id='block_1_8' title="bbox 532 777 2123 857">
    <p class='ocr_par' dir='ltr' id='par_1_8' title="bbox 532 777 2123 857">
     <span class='ocr_line' id='line_1_8' title="bbox 532 777 2123 857; baseline -0.007 -15"><span class='ocrx_word' id='word_1_38' title='bbox 532 788 794 843; x_wconf 89' lang='lat' dir='ltr'><strong>omnibus</strong></span> <span class='ocrx_word' id='word_1_39' title='bbox 841 785 1204 857; x_wconf 89' lang='lat' dir='ltr'><strong>dignitatem,</strong></span> <span class='ocrx_word' id='word_1_40' title='bbox 1257 794 1367 838; x_wconf 89' lang='lat' dir='ltr'><strong>tam</strong></span> <span class='ocrx_word' id='word_1_41' title='bbox 1419 777 1631 838; x_wconf 84' lang='lat' dir='ltr'><strong>scilicet</strong></span> <span class='ocrx_word' id='word_1_42' title='bbox 1683 790 1907 851; x_wconf 87' lang='lat' dir='ltr'><strong>aspectu</strong></span> <span class='ocrx_word' id='word_1_43' title='bbox 1959 794 2123 849; x_wconf 90' lang='lat' dir='ltr'><strong>quam</strong></span> 
     </span>
    </p>
   </div>
   <div class='ocr_carea' id='block_1_9' title="bbox 533 874 2125 944">
    <p class='ocr_par' dir='ltr' id='par_1_9' title="bbox 533 874 2125 944">
     <span class='ocr_line' id='line_1_9' title="bbox 533 874 2125 944; baseline -0.003 -12"><span class='ocrx_word' id='word_1_44' title='bbox 533 880 740 934; x_wconf 84' lang='lat' dir='ltr'><strong>robore</strong></span> <span class='ocrx_word' id='word_1_45' title='bbox 770 878 936 933; x_wconf 90' lang='lat' dir='ltr'><strong>simul</strong></span> <span class='ocrx_word' id='word_1_46' title='bbox 983 887 1041 932; x_wconf 92' lang='lat' dir='ltr'><strong>et</strong></span> <span class='ocrx_word' id='word_1_47' title='bbox 1093 891 1282 932; x_wconf 84' lang='lat' dir='ltr'><strong>sensu.</strong></span> <span class='ocrx_word' id='word_1_48' title='bbox 1321 876 1594 931; x_wconf 81' lang='lat' dir='ltr'><strong>Caeterum</strong></span> <span class='ocrx_word' id='word_1_49' title='bbox 1631 875 1996 944; x_wconf 81' lang='lat' dir='ltr'><strong>Nicephorus,</strong></span> <span class='ocrx_word' id='word_1_50' title='bbox 2029 874 2125 943; x_wconf 87' lang='lat' dir='ltr'><strong>qui</strong></span> 
     </span>
    </p>
   </div>
   <div class='ocr_carea' id='block_1_10' title="bbox 534 970 2125 1044">
    <p class='ocr_par' dir='ltr' id='par_1_10' title="bbox 534 970 2125 1044">
     <span class='ocr_line' id='line_1_10' title="bbox 534 970 2125 1044; baseline -0.003 -16"><span class='ocrx_word' id='word_1_51' title='bbox 534 989 836 1044; x_wconf 79' lang='lat' dir='ltr'><strong>nunquam</strong></span> <span class='ocrx_word' id='word_1_52' title='bbox 855 987 1089 1044; x_wconf 83' lang='lat' dir='ltr'><strong>usquam</strong></span> <span class='ocrx_word' id='word_1_53' title='bbox 1126 973 1414 1027; x_wconf 89' lang='lat' dir='ltr'><strong>veritatem</strong></span> <span class='ocrx_word' id='word_1_54' title='bbox 1441 971 1701 1036; x_wconf 82' lang='lat' dir='ltr'><strong>servavit,</strong></span> <span class='ocrx_word' id='word_1_55' title='bbox 1745 970 2125 1042; x_wconf 87' lang='lat' dir='ltr'><strong>Lycaouenscs</strong></span> 
     </span>
    </p>
   </div>
   <div class='ocr_carea' id='block_1_11' title="bbox 535 1064 2126 1138">
    <p class='ocr_par' dir='ltr' id='par_1_11' title="bbox 535 1064 2126 1138">
     <span class='ocr_line' id='line_1_11' title="bbox 535 1064 2126 1138; baseline -0.001 -18"><span class='ocrx_word' id='word_1_56' title='bbox 535 1067 834 1138; x_wconf 90' lang='lat' dir='ltr'><strong>quosdam,</strong></span> <span class='ocrx_word' id='word_1_57' title='bbox 887 1066 999 1120; x_wconf 93' lang='lat' dir='ltr'><strong>imo</strong></span> <span class='ocrx_word' id='word_1_58' title='bbox 1043 1082 1177 1120; x_wconf 90' lang='lat' dir='ltr'><strong>vero</strong></span> <span class='ocrx_word' id='word_1_59' title='bbox 1233 1065 1673 1136; x_wconf 86' lang='lat' dir='ltr'><strong>Lycanthropos,</strong></span> <span class='ocrx_word' id='word_1_60' title='bbox 1721 1064 2027 1118; x_wconf 88' lang='lat' dir='ltr'><strong>concordes</strong></span> <span class='ocrx_word' id='word_1_61' title='bbox 2071 1072 2126 1118; x_wconf 89' lang='lat' dir='ltr'><strong>et</strong></span> 
     </span>
    </p>
   </div>
   <div class='ocr_carea' id='block_1_12' title="bbox 537 1155 2126 1227">
    <p class='ocr_par' dir='ltr' id='par_1_12' title="bbox 537 1155 2126 1227">
     <span class='ocr_line' id='line_1_12' title="bbox 537 1155 2126 1227; baseline -0.004 -12"><span class='ocrx_word' id='word_1_62' title='bbox 537 1168 945 1216; x_wconf 87' lang='lat' dir='ltr'><strong>consentaneos</strong></span> <span class='ocrx_word' id='word_1_63' title='bbox 975 1157 1042 1212; x_wconf 88' lang='lat' dir='ltr'><strong>ad</strong></span> <span class='ocrx_word' id='word_1_64' title='bbox 1069 1159 1271 1212; x_wconf 86' lang='lat' dir='ltr'><strong>Proteu</strong></span> <span class='ocrx_word' id='word_1_65' title='bbox 1298 1158 1533 1212; x_wconf 87' lang='lat' dir='ltr'><strong>insulam</strong></span> <span class='ocrx_word' id='word_1_66' title='bbox 1565 1156 1812 1222; x_wconf 90' lang='lat' dir='ltr'><strong>mittens,</strong></span> <span class='ocrx_word' id='word_1_67' title='bbox 1839 1155 2002 1227; x_wconf 87' lang='lat' dir='ltr'><strong>jussit</strong></span> <span class='ocrx_word' id='word_1_68' title='bbox 2030 1169 2126 1210; x_wconf 87' lang='lat' dir='ltr'><strong>eos</strong></span> 
     </span>
    </p>
   </div>
   <div class='ocr_carea' id='block_1_13' title="bbox 538 1249 2128 1321">
    <p class='ocr_par' dir='ltr' id='par_1_13' title="bbox 538 1249 2128 1321">
     <span class='ocr_line' id='line_1_13' title="bbox 538 1249 2128 1321; baseline -0.003 -13"><span class='ocrx_word' id='word_1_69' title='bbox 538 1263 706 1308; x_wconf 90' lang='lat' dir='ltr'><strong>noctu</strong></span> <span class='ocrx_word' id='word_1_70' title='bbox 759 1254 903 1307; x_wconf 90' lang='lat' dir='ltr'><strong>hanc</strong></span> <span class='ocrx_word' id='word_1_71' title='bbox 961 1252 1263 1307; x_wconf 88' lang='lat' dir='ltr'><strong>ascendere</strong></span> <span class='ocrx_word' id='word_1_72' title='bbox 1333 1260 1389 1306; x_wconf 93' lang='lat' dir='ltr'><strong>ct</strong></span> <span class='ocrx_word' id='word_1_73' title='bbox 1451 1250 1811 1321; x_wconf 84' lang='lat' dir='ltr'><strong>praedictum,</strong></span> <span class='ocrx_word' id='word_1_74' title='bbox 1851 1249 2007 1320; x_wconf 87' lang='lat' dir='ltr'><strong>quasi</strong></span> <span class='ocrx_word' id='word_1_75' title='bbox 2068 1264 2128 1303; x_wconf 92' lang='lat' dir='ltr'><strong>se</strong></span> 
     </span>
    </p>
   </div>
   <div class='ocr_carea' id='block_1_14' title="bbox 538 1343 2129 1416">
    <p class='ocr_par' dir='ltr' id='par_1_14' title="bbox 538 1343 2129 1416">
     <span class='ocr_line' id='line_1_14' title="bbox 538 1343 2129 1416; baseline -0.002 -17"><span class='ocrx_word' id='word_1_76' title='bbox 538 1347 851 1416; x_wconf 80' lang='lat' dir='ltr'><strong>ignorante,</strong></span> <span class='ocrx_word' id='word_1_77' title='bbox 901 1345 1210 1399; x_wconf 88' lang='lat' dir='ltr'><strong>luminibus</strong></span> <span class='ocrx_word' id='word_1_78' title='bbox 1247 1345 1467 1414; x_wconf 85' lang='lat' dir='ltr'><strong>privare</strong></span> <span class='ocrx_word' id='word_1_79' title='bbox 1523 1343 1864 1411; x_wconf 86' lang='lat' dir='ltr'><strong>Bardanum,</strong></span> <span class='ocrx_word' id='word_1_80' title='bbox 1899 1351 1955 1397; x_wconf 94' lang='lat' dir='ltr'><strong>et</strong></span> <span class='ocrx_word' id='word_1_81' title='bbox 2003 1350 2129 1413; x_wconf 89' lang='lat' dir='ltr'><strong>post</strong></span> 
     </span>
    </p>
   </div>
   <div class='ocr_carea' id='block_1_15' title="bbox 540 1435 2129 1506">
    <p class='ocr_par' dir='ltr' id='par_1_15' title="bbox 540 1435 2129 1506">
     <span class='ocr_line' id='line_1_15' title="bbox 540 1435 2129 1506; baseline -0.002 -16"><span class='ocrx_word' id='word_1_82' title='bbox 540 1438 756 1490; x_wconf 87' lang='lat' dir='ltr'><strong>facinus</strong></span> <span class='ocrx_word' id='word_1_83' title='bbox 805 1437 873 1491; x_wconf 92' lang='lat' dir='ltr'><strong>ad</strong></span> <span class='ocrx_word' id='word_1_84' title='bbox 923 1436 1216 1490; x_wconf 85' lang='lat' dir='ltr'><strong>ecclesiam</strong></span> <span class='ocrx_word' id='word_1_85' title='bbox 1271 1435 1481 1506; x_wconf 89' lang='lat' dir='ltr'><strong>fugere.</strong></span> <span class='ocrx_word' id='word_1_86' title='bbox 1519 1436 1637 1502; x_wconf 86' lang='lat' dir='ltr'><strong>Quo</strong></span> <span class='ocrx_word' id='word_1_87' title='bbox 1686 1435 1830 1490; x_wconf 87' lang='lat' dir='ltr'><strong>facto</strong></span> <span class='ocrx_word' id='word_1_88' title='bbox 1867 1444 1978 1489; x_wconf 86' lang='lat' dir='ltr'><strong>tam</strong></span> <span class='ocrx_word' id='word_1_89' title='bbox 2029 1447 2129 1504; x_wconf 88' lang='lat' dir='ltr'><strong>pa-</strong></span> 
     </span>
    </p>
   </div>
   <div class='ocr_carea' id='block_1_16' title="bbox 540 1525 2130 1596">
    <p class='ocr_par' dir='ltr' id='par_1_16' title="bbox 540 1525 2130 1596">
     <span class='ocr_line' id='line_1_16' title="bbox 540 1525 2130 1596; baseline 0 -16"><span class='ocrx_word' id='word_1_90' title='bbox 540 1527 785 1581; x_wconf 89' lang='lat' dir='ltr'><strong>triarcha</strong></span> <span class='ocrx_word' id='word_1_91' title='bbox 827 1537 884 1581; x_wconf 90' lang='lat' dir='ltr'><strong>et</strong></span> <span class='ocrx_word' id='word_1_92' title='bbox 939 1538 1170 1581; x_wconf 85' lang='lat' dir='ltr'><strong>senatus</strong></span> <span class='ocrx_word' id='word_1_93' title='bbox 1219 1543 1383 1596; x_wconf 92' lang='lat' dir='ltr'><strong>quam</strong></span> <span class='ocrx_word' id='word_1_94' title='bbox 1419 1542 1612 1581; x_wconf 90' lang='lat' dir='ltr'><strong>omnes</strong></span> <span class='ocrx_word' id='word_1_95' title='bbox 1645 1529 1818 1582; x_wconf 88' lang='lat' dir='ltr'><strong>Deum</strong></span> <span class='ocrx_word' id='word_1_96' title='bbox 1870 1525 2130 1580; x_wconf 89' lang='lat' dir='ltr'><strong>timentes</strong></span> 
     </span>
    </p>
   </div>
   <div class='ocr_carea' id='block_1_17' title="bbox 540 1617 2129 1691">
    <p class='ocr_par' dir='ltr' id='par_1_17' title="bbox 540 1617 2129 1691">
     <span class='ocr_line' id='line_1_17' title="bbox 540 1617 2129 1691; baseline -0.001 -16"><span class='ocrx_word' id='word_1_97' title='bbox 540 1622 744 1675; x_wconf 84' lang='lat' dir='ltr'><strong>acriter</strong></span> <span class='ocrx_word' id='word_1_98' title='bbox 775 1620 1094 1674; x_wconf 89' lang='lat' dir='ltr'><strong>doluerunt.</strong></span> <span class='ocrx_word' id='word_1_99' title='bbox 1127 1621 1225 1675; x_wconf 87' lang='lat' dir='ltr'><strong>Ast</strong></span> <span class='ocrx_word' id='word_1_100' title='bbox 1271 1620 1580 1691; x_wconf 89' lang='lat' dir='ltr'><strong>imperator</strong></span> <span class='ocrx_word' id='word_1_101' title='bbox 1623 1620 2000 1690; x_wconf 89' lang='lat' dir='ltr'><strong>nequissimus</strong></span> <span class='ocrx_word' id='word_1_102' title='bbox 2032 1617 2129 1674; x_wconf 86' lang='lat' dir='ltr'><strong>Ni-</strong></span> 
     </span>
    </p>
   </div>
   <div class='ocr_carea' id='block_1_18' title="bbox 539 1711 2127 1784">
    <p class='ocr_par' dir='ltr' id='par_1_18' title="bbox 539 1711 2127 1784">
     <span class='ocr_line' id='line_1_18' title="bbox 539 1711 2127 1784; baseline -0.003 -16"><span class='ocrx_word' id='word_1_103' title='bbox 539 1715 822 1783; x_wconf 81' lang='lat' dir='ltr'><strong>‘eephorus</strong></span> <span class='ocrx_word' id='word_1_104' title='bbox 849 1729 973 1768; x_wconf 90' lang='lat' dir='ltr'><strong>cum</strong></span> <span class='ocrx_word' id='word_1_105' title='bbox 1014 1713 1344 1784; x_wconf 89' lang='lat' dir='ltr'><strong>juramentis</strong></span> <span class='ocrx_word' id='word_1_106' title='bbox 1371 1727 1564 1769; x_wconf 92' lang='lat' dir='ltr'><strong>omnes</strong></span> <span class='ocrx_word' id='word_1_107' title='bbox 1607 1713 1882 1782; x_wconf 90' lang='lat' dir='ltr'><strong>primores</strong></span> <span class='ocrx_word' id='word_1_108' title='bbox 1920 1711 2127 1782; x_wconf 88' lang='lat' dir='ltr'><strong>Lycao-</strong></span> 
     </span>
    </p>
   </div>
   <div class='ocr_carea' id='block_1_19' title="bbox 2227 492 3243 570">
    <p class='ocr_par' dir='ltr' id='par_1_19' title="bbox 2227 492 3243 570">
     <span class='ocr_line' id='line_1_19' title="bbox 2227 492 3243 570; baseline -0.012 -13"><span class='ocrx_word' id='word_1_109' title='bbox 2227 501 2506 557; x_wconf 88' lang='lat' dir='ltr'><strong>Theodori</strong></span> <span class='ocrx_word' id='word_1_110' title='bbox 2542 497 2810 570; x_wconf 88' lang='lat' dir='ltr'><strong>regimine</strong></span> <span class='ocrx_word' id='word_1_111' title='bbox 2835 492 3243 550; x_wconf 85' lang='lat' dir='ltr'><strong>ordinaturum.</strong></span> 
     </span>
    </p>
   </div>
   <div class='ocr_carea' id='block_1_20' title="bbox 2299 581 3752 661">
    <p class='ocr_par' dir='ltr' id='par_1_20' title="bbox 2299 581 3752 661">
     <span class='ocr_line' id='line_1_20' title="bbox 2299 581 3752 661; baseline -0.006 -13"><span class='ocrx_word' id='word_1_112' title='bbox 2299 592 2504 648; x_wconf 79' lang='lat' dir='ltr'><strong>Eodem</strong></span> <span class='ocrx_word' id='word_1_113' title='bbox 2541 603 2762 661; x_wconf 89' lang='lat' dir='ltr'><strong>quoque</strong></span> <span class='ocrx_word' id='word_1_114' title='bbox 2816 600 2961 641; x_wconf 90' lang='lat' dir='ltr'><strong>anno</strong></span> <span class='ocrx_word' id='word_1_115' title='bbox 3031 581 3207 638; x_wconf 90' lang='lat' dir='ltr'><strong>movit</strong></span> <span class='ocrx_word' id='word_1_116' title='bbox 3264 583 3568 637; x_wconf 76' lang='lat' dir='ltr'><strong>exercitum</strong></span> <span class='ocrx_word' id='word_1_117' title='bbox 3615 583 3752 640; x_wconf 83' lang='lat' dir='ltr'><strong>Aaron</strong></span> 
     </span>
    </p>
   </div>
   <div class='ocr_carea' id='block_1_21' title="bbox 2224 671 3752 744">
    <p class='ocr_par' dir='ltr' id='par_1_21' title="bbox 2224 671 3752 744">
     <span class='ocr_line' id='line_1_21' title="bbox 2224 671 3752 744; baseline -0.007 -6"><span class='ocrx_word' id='word_1_118' title='bbox 2224 681 2466 738; x_wconf 87' lang='lat' dir='ltr'><strong>Arabum</strong></span> <span class='ocrx_word' id='word_1_119' title='bbox 2503 681 2615 735; x_wconf 79' lang='lat' dir='ltr'><strong>dux</strong></span> <span class='ocrx_word' id='word_1_120' title='bbox 2653 679 2918 733; x_wconf 81' lang='lat' dir='ltr'><strong>adversus</strong></span> <span class='ocrx_word' id='word_1_121' title='bbox 2945 675 3296 738; x_wconf 80' lang='lat' dir='ltr'><strong>Romaniam,</strong></span> <span class='ocrx_word' id='word_1_122' title='bbox 3321 673 3380 726; x_wconf 89' lang='lat' dir='ltr'><strong>in</strong></span> <span class='ocrx_word' id='word_1_123' title='bbox 3409 671 3599 728; x_wconf 81' lang='lat' dir='ltr'><strong>virtute</strong></span> <span class='ocrx_word' id='word_1_124' title='bbox 3621 675 3752 744; x_wconf 81' lang='lat' dir='ltr'><strong>gravi,</strong></span> 
     </span>
    </p>
   </div>
   <div class='ocr_carea' id='block_1_22' title="bbox 2226 768 3756 840">
    <p class='ocr_par' dir='ltr' id='par_1_22' title="bbox 2226 768 3756 840">
     <span class='ocr_line' id='line_1_22' title="bbox 2226 768 3756 840; baseline -0.005 -8"><span class='ocrx_word' id='word_1_125' title='bbox 2226 785 2602 832; x_wconf 88' lang='lat' dir='ltr'><strong>trecentorum</strong></span> <span class='ocrx_word' id='word_1_126' title='bbox 2639 772 2903 828; x_wconf 73' lang='lat' dir='ltr'><strong>videlicet</strong></span> <span class='ocrx_word' id='word_1_127' title='bbox 2930 771 3187 832; x_wconf 89' lang='lat' dir='ltr'><strong>millium,</strong></span> <span class='ocrx_word' id='word_1_128' title='bbox 3220 776 3331 822; x_wconf 88' lang='lat' dir='ltr'><strong>tam</strong></span> <span class='ocrx_word' id='word_1_129' title='bbox 3362 785 3391 824; x_wconf 85' lang='lat' dir='ltr'><strong>a</strong></span> <span class='ocrx_word' id='word_1_130' title='bbox 3414 768 3756 840; x_wconf 84' lang='lat' dir='ltr'><strong>Maurophoris,</strong></span> 
     </span>
    </p>
   </div>
   <div class='ocr_carea' id='block_1_23' title="bbox 2226 860 3755 938">
    <p class='ocr_par' dir='ltr' id='par_1_23' title="bbox 2226 860 3755 938">
     <span class='ocr_line' id='line_1_23' title="bbox 2226 860 3755 938; baseline -0.003 -18"><span class='ocrx_word' id='word_1_131' title='bbox 2226 884 2389 938; x_wconf 88' lang='lat' dir='ltr'><strong>quam</strong></span> <span class='ocrx_word' id='word_1_132' title='bbox 2421 865 2576 938; x_wconf 83' lang='lat' dir='ltr'><strong>Syria</strong></span> <span class='ocrx_word' id='word_1_133' title='bbox 2621 874 2677 919; x_wconf 89' lang='lat' dir='ltr'><strong>et</strong></span> <span class='ocrx_word' id='word_1_134' title='bbox 2704 862 2994 920; x_wconf 67' lang='lat' dir='ltr'><strong>Palaestina</strong></span> <span class='ocrx_word' id='word_1_135' title='bbox 3048 870 3105 916; x_wconf 93' lang='lat' dir='ltr'><strong>et</strong></span> <span class='ocrx_word' id='word_1_136' title='bbox 3143 860 3317 931; x_wconf 88' lang='lat' dir='ltr'><strong>Libya</strong></span> <span class='ocrx_word' id='word_1_137' title='bbox 3366 870 3675 915; x_wconf 85' lang='lat' dir='ltr'><strong>coacervata.</strong></span> <span class='ocrx_word' id='word_1_138' title='bbox 3705 862 3755 916; x_wconf 87' lang='lat' dir='ltr'><strong>Et</strong></span> 
     </span>
    </p>
   </div>
   <div class='ocr_carea' id='block_1_24' title="bbox 2229 951 3758 1028">
    <p class='ocr_par' dir='ltr' id='par_1_24' title="bbox 2229 951 3758 1028">
     <span class='ocr_line' id='line_1_24' title="bbox 2229 951 3758 1028; baseline -0.004 -14"><span class='ocrx_word' id='word_1_139' title='bbox 2229 974 2356 1014; x_wconf 90' lang='lat' dir='ltr'><strong>cum</strong></span> <span class='ocrx_word' id='word_1_140' title='bbox 2377 957 2618 1012; x_wconf 80' lang='lat' dir='ltr'><strong>venisset</strong></span> <span class='ocrx_word' id='word_1_141' title='bbox 2635 956 2843 1028; x_wconf 82' lang='lat' dir='ltr'><strong>Tyana,</strong></span> <span class='ocrx_word' id='word_1_142' title='bbox 2867 953 3159 1009; x_wconf 81' lang='lat' dir='ltr'><strong>aediﬁcavit</strong></span> <span class='ocrx_word' id='word_1_143' title='bbox 3184 952 3410 1006; x_wconf 87' lang='lat' dir='ltr'><strong>domum</strong></span> <span class='ocrx_word' id='word_1_144' title='bbox 3435 951 3758 1022; x_wconf 63' lang='lat' dir='ltr'><strong>blasphemia,</strong></span> 
     </span>
    </p>
   </div>
   <div class='ocr_carea' id='block_1_25' title="bbox 2230 1043 3758 1120">
    <p class='ocr_par' dir='ltr' id='par_1_25' title="bbox 2230 1043 3758 1120">
     <span class='ocr_line' id='line_1_25' title="bbox 2230 1043 3758 1120; baseline -0.005 -13"><span class='ocrx_word' id='word_1_145' title='bbox 2230 1062 2287 1107; x_wconf 93' lang='lat' dir='ltr'><strong>et</strong></span> <span class='ocrx_word' id='word_1_146' title='bbox 2318 1051 2578 1106; x_wconf 88' lang='lat' dir='ltr'><strong>obsidens</strong></span> <span class='ocrx_word' id='word_1_147' title='bbox 2603 1048 2750 1120; x_wconf 90' lang='lat' dir='ltr'><strong>cepit</strong></span> <span class='ocrx_word' id='word_1_148' title='bbox 2779 1055 2911 1102; x_wconf 90' lang='lat' dir='ltr'><strong>tunc</strong></span> <span class='ocrx_word' id='word_1_149' title='bbox 2926 1045 3213 1102; x_wconf 83' lang='lat' dir='ltr'><strong>Heraclios</strong></span> <span class='ocrx_word' id='word_1_150' title='bbox 3237 1043 3638 1115; x_wconf 82' lang='lat' dir='ltr'><strong>castrum,un</strong></span> <span class='ocrx_word' id='word_1_151' title='bbox 3657 1056 3758 1100; x_wconf 81' lang='lat' dir='ltr'><strong>erat</strong></span> 
     </span>
    </p>
   </div>
   <div class='ocr_carea' id='block_1_26' title="bbox 2227 1133 3760 1206">
    <p class='ocr_par' dir='ltr' id='par_1_26' title="bbox 2227 1133 3760 1206">
     <span class='ocr_line' id='line_1_26' title="bbox 2227 1133 3760 1206; baseline -0.005 -8"><span class='ocrx_word' id='word_1_152' title='bbox 2227 1143 2386 1198; x_wconf 84' lang='lat' dir='ltr'><strong>valde</strong></span> <span class='ocrx_word' id='word_1_153' title='bbox 2418 1142 2711 1205; x_wconf 90' lang='lat' dir='ltr'><strong>munitum,</strong></span> <span class='ocrx_word' id='word_1_154' title='bbox 2741 1149 2798 1195; x_wconf 91' lang='lat' dir='ltr'><strong>et</strong></span> <span class='ocrx_word' id='word_1_155' title='bbox 2827 1138 3119 1194; x_wconf 88' lang='lat' dir='ltr'><strong>Thebasan</strong></span> <span class='ocrx_word' id='word_1_156' title='bbox 3152 1148 3209 1192; x_wconf 91' lang='lat' dir='ltr'><strong>et</strong></span> <span class='ocrx_word' id='word_1_157' title='bbox 3237 1135 3565 1206; x_wconf 85' lang='lat' dir='ltr'><strong>Malocopean</strong></span> <span class='ocrx_word' id='word_1_158' title='bbox 3599 1143 3648 1190; x_wconf 89' lang='lat' dir='ltr'><strong>et</strong></span> <span class='ocrx_word' id='word_1_159' title='bbox 3685 1133 3760 1191; x_wconf 87' lang='lat' dir='ltr'><strong>Si-</strong></span> 
     </span>
    </p>
   </div>
   <div class='ocr_carea' id='block_1_27' title="bbox 2230 1231 3756 1307">
    <p class='ocr_par' dir='ltr' id='par_1_27' title="bbox 2230 1231 3756 1307">
     <span class='ocr_line' id='line_1_27' title="bbox 2230 1231 3756 1307; baseline -0.005 -16"><span class='ocrx_word' id='word_1_160' title='bbox 2230 1236 2551 1307; x_wconf 91' lang='lat' dir='ltr'><strong>deropelum</strong></span> <span class='ocrx_word' id='word_1_161' title='bbox 2603 1245 2659 1290; x_wconf 90' lang='lat' dir='ltr'><strong>et</strong></span> <span class='ocrx_word' id='word_1_162' title='bbox 2706 1234 3148 1288; x_wconf 85' lang='lat' dir='ltr'><strong>Anandarasum.</strong></span> <span class='ocrx_word' id='word_1_163' title='bbox 3181 1231 3315 1286; x_wconf 83' lang='lat' dir='ltr'><strong>Misit</strong></span> <span class='ocrx_word' id='word_1_164' title='bbox 3358 1241 3529 1283; x_wconf 83' lang='lat' dir='ltr'><strong>autem</strong></span> <span class='ocrx_word' id='word_1_165' title='bbox 3558 1245 3756 1284; x_wconf 90' lang='lat' dir='ltr'><strong>cursum</strong></span> 
     </span>
    </p>
   </div>
   <div class='ocr_carea' id='block_1_28' title="bbox 2231 1321 3753 1400">
    <p class='ocr_par' dir='ltr' id='par_1_28' title="bbox 2231 1321 3753 1400">
     <span class='ocr_line' id='line_1_28' title="bbox 2231 1321 3753 1400; baseline -0.005 -16"><span class='ocrx_word' id='word_1_166' title='bbox 2231 1329 2512 1400; x_wconf 80' lang='lat' dir='ltr'><strong>sexaginta</strong></span> <span class='ocrx_word' id='word_1_167' title='bbox 2564 1327 2800 1383; x_wconf 91' lang='lat' dir='ltr'><strong>millium</strong></span> <span class='ocrx_word' id='word_1_168' title='bbox 2838 1325 3192 1389; x_wconf 88' lang='lat' dir='ltr'><strong>bellatorum,</strong></span> <span class='ocrx_word' id='word_1_169' title='bbox 3217 1333 3268 1378; x_wconf 88' lang='lat' dir='ltr'><strong>et</strong></span> <span class='ocrx_word' id='word_1_170' title='bbox 3307 1321 3566 1377; x_wconf 74' lang='lat' dir='ltr'><strong>descendit</strong></span> <span class='ocrx_word' id='word_1_171' title='bbox 3597 1335 3753 1390; x_wconf 89' lang='lat' dir='ltr'><strong>usque</strong></span> 
     </span>
    </p>
   </div>
   <div class='ocr_carea' id='block_1_29' title="bbox 2231 1414 3751 1492">
    <p class='ocr_par' dir='ltr' id='par_1_29' title="bbox 2231 1414 3751 1492">
     <span class='ocr_line' id='line_1_29' title="bbox 2231 1414 3751 1492; baseline -0.008 -15"><span class='ocrx_word' id='word_1_172' title='bbox 2231 1423 2527 1492; x_wconf 78' lang='lat' dir='ltr'><strong>Ancyram,</strong></span> <span class='ocrx_word' id='word_1_173' title='bbox 2560 1432 2618 1477; x_wconf 90' lang='lat' dir='ltr'><strong>et</strong></span> <span class='ocrx_word' id='word_1_174' title='bbox 2651 1422 2755 1475; x_wconf 88' lang='lat' dir='ltr'><strong>hac</strong></span> <span class='ocrx_word' id='word_1_175' title='bbox 2783 1419 2898 1475; x_wconf 83' lang='lat' dir='ltr'><strong>visa</strong></span> <span class='ocrx_word' id='word_1_176' title='bbox 2943 1432 3204 1473; x_wconf 80' lang='lat' dir='ltr'><strong>reversus</strong></span> <span class='ocrx_word' id='word_1_177' title='bbox 3234 1426 3334 1469; x_wconf 89' lang='lat' dir='ltr'><strong>est.</strong></span> <span class='ocrx_word' id='word_1_178' title='bbox 3376 1417 3460 1468; x_wconf 93' lang='lat' dir='ltr'><strong>Ast</strong></span> <span class='ocrx_word' id='word_1_179' title='bbox 3484 1414 3751 1482; x_wconf 81' lang='lat' dir='ltr'><strong>imperator</strong></span> 
     </span>
    </p>
   </div>
   <div class='ocr_carea' id='block_1_30' title="bbox 2231 1505 3750 1587">
    <p class='ocr_par' dir='ltr' id='par_1_30' title="bbox 2231 1505 3750 1587">
     <span class='ocr_line' id='line_1_30' title="bbox 2231 1505 3750 1587; baseline -0.009 -16"><span class='ocrx_word' id='word_1_180' title='bbox 2231 1515 2579 1587; x_wconf 85' lang='lat' dir='ltr'><strong>Nicephorus</strong></span> <span class='ocrx_word' id='word_1_181' title='bbox 2607 1523 2757 1568; x_wconf 90' lang='lat' dir='ltr'><strong>metu</strong></span> <span class='ocrx_word' id='word_1_182' title='bbox 2782 1522 2837 1568; x_wconf 91' lang='lat' dir='ltr'><strong>et</strong></span> <span class='ocrx_word' id='word_1_183' title='bbox 2861 1509 3310 1581; x_wconf 88' lang='lat' dir='ltr'><strong>impossibilitate</strong></span> <span class='ocrx_word' id='word_1_184' title='bbox 3339 1508 3568 1562; x_wconf 84' lang='lat' dir='ltr'><strong>detentus</strong></span> <span class='ocrx_word' id='word_1_185' title='bbox 3588 1505 3750 1571; x_wconf 68' lang='lat' dir='ltr'><strong>exivit,</strong></span> 
     </span>
    </p>
   </div>
   <div class='ocr_carea' id='block_1_31' title="bbox 2233 1599 3760 1679">
    <p class='ocr_par' dir='ltr' id='par_1_31' title="bbox 2233 1599 3760 1679">
     <span class='ocr_line' id='line_1_31' title="bbox 2233 1599 3760 1679; baseline -0.01 -15"><span class='ocrx_word' id='word_1_186' title='bbox 2233 1616 2289 1665; x_wconf 87' lang='lat' dir='ltr'><strong>et</strong></span> <span class='ocrx_word' id='word_1_187' title='bbox 2311 1610 2428 1679; x_wconf 88' lang='lat' dir='ltr'><strong>ipse</strong></span> <span class='ocrx_word' id='word_1_188' title='bbox 2454 1608 2510 1663; x_wconf 90' lang='lat' dir='ltr'><strong>in</strong></span> <span class='ocrx_word' id='word_1_189' title='bbox 2534 1605 2919 1678; x_wconf 87' lang='lat' dir='ltr'><strong>desperatione</strong></span> <span class='ocrx_word' id='word_1_190' title='bbox 2944 1603 3108 1659; x_wconf 78' lang='lat' dir='ltr'><strong>fortia</strong></span> <span class='ocrx_word' id='word_1_191' title='bbox 3145 1600 3429 1657; x_wconf 81' lang='lat' dir='ltr'><strong>infortunii</strong></span> <span class='ocrx_word' id='word_1_192' title='bbox 3459 1599 3760 1653; x_wconf 87' lang='lat' dir='ltr'><strong>demonstra-</strong></span> 
     </span>
    </p>
   </div>
   <div class='ocr_carea' id='block_1_32' title="bbox 2237 1689 3764 1768">
    <p class='ocr_par' dir='ltr' id='par_1_32' title="bbox 2237 1689 3764 1768">
     <span class='ocr_line' id='line_1_32' title="bbox 2237 1689 3764 1768; baseline -0.01 -12"><span class='ocrx_word' id='word_1_193' title='bbox 2237 1711 2424 1756; x_wconf 91' lang='lat' dir='ltr'><strong>turus.</strong></span> <span class='ocrx_word' id='word_1_194' title='bbox 2459 1700 2529 1756; x_wconf 90' lang='lat' dir='ltr'><strong>Et</strong></span> <span class='ocrx_word' id='word_1_195' title='bbox 2577 1699 2767 1754; x_wconf 90' lang='lat' dir='ltr'><strong>multis</strong></span> <span class='ocrx_word' id='word_1_196' title='bbox 2802 1696 3064 1768; x_wconf 82' lang='lat' dir='ltr'><strong>trophaeis</strong></span> <span class='ocrx_word' id='word_1_197' title='bbox 3112 1693 3270 1750; x_wconf 85' lang='lat' dir='ltr'><strong>factis</strong></span> <span class='ocrx_word' id='word_1_198' title='bbox 3311 1691 3457 1746; x_wconf 81' lang='lat' dir='ltr'><strong>misit</strong></span> <span class='ocrx_word' id='word_1_199' title='bbox 3503 1689 3564 1744; x_wconf 87' lang='lat' dir='ltr'><strong>ad</strong></span> <span class='ocrx_word' id='word_1_200' title='bbox 3610 1690 3764 1743; x_wconf 86' lang='lat' dir='ltr'><strong>Aaron</strong></span> 
     </span>
    </p>
   </div>
   <div class='ocr_carea' id='block_1_33' title="bbox 542 1769 3766 1874">
    <p class='ocr_par' dir='ltr' id='par_1_33' title="bbox 542 1769 3766 1874">
     <span class='ocr_line' id='line_1_33' title="bbox 542 1769 3766 1874; baseline -0.007 -16"><span class='ocrx_word' id='word_1_201' title='bbox 542 1820 745 1859; x_wconf 89' lang='lat' dir='ltr'><strong>nenses</strong></span> <span class='ocrx_word' id='word_1_202' title='bbox 777 1769 1092 1870; x_wconf 74' lang='lat' dir='ltr'><strong>simulatus,</strong></span> <span class='ocrx_word' id='word_1_203' title='bbox 1121 1805 1452 1874; x_wconf 76' lang='lat' dir='ltr'><strong>exquirebat</strong></span> <span class='ocrx_word' id='word_1_204' title='bbox 1480 1805 1534 1858; x_wconf 92' lang='lat' dir='ltr'><strong>in</strong></span> <span class='ocrx_word' id='word_1_205' title='bbox 1567 1769 1683 1867; x_wconf 78' lang='lat' dir='ltr'><strong>eos,</strong></span> <span class='ocrx_word' id='word_1_206' title='bbox 1714 1812 1777 1857; x_wconf 89' lang='lat' dir='ltr'><strong>ut</strong></span> <span class='ocrx_word' id='word_1_207' title='bbox 1813 1769 2130 1874; x_wconf 71' lang='lat' dir='ltr'><strong>putabatur,</strong></span> <span class='ocrx_word' id='word_1_208' title='bbox 2171 1769 2212 1825; x_wconf 70' lang='grc' dir='ltr'><strong>Β</strong></span> <span class='ocrx_word' id='word_1_209' title='bbox 2244 1793 2652 1863; x_wconf 89' lang='lat' dir='ltr'><strong>metropolitam</strong></span> <span class='ocrx_word' id='word_1_210' title='bbox 2683 1789 3027 1862; x_wconf 84' lang='lat' dir='ltr'><strong>Synadorum</strong></span> <span class='ocrx_word' id='word_1_211' title='bbox 3077 1799 3132 1844; x_wconf 92' lang='lat' dir='ltr'><strong>et</strong></span> <span class='ocrx_word' id='word_1_212' title='bbox 3171 1788 3395 1842; x_wconf 83' lang='lat' dir='ltr'><strong>Petrum</strong></span> <span class='ocrx_word' id='word_1_213' title='bbox 3443 1785 3766 1854; x_wconf 85' lang='lat' dir='ltr'><strong>hegumenum</strong></span> 
     </span>
    </p>
   </div>
   <div class='ocr_carea' id='block_1_34' title="bbox 544 1894 2135 1964">
    <p class='ocr_par' dir='ltr' id='par_1_34' title="bbox 544 1894 2135 1964">
     <span class='ocr_line' id='line_1_34' title="bbox 544 1894 2135 1964; baseline -0.003 -13"><span class='ocrx_word' id='word_1_214' title='bbox 544 1899 798 1964; x_wconf 91' lang='lat' dir='ltr'><strong>ulturus,</strong></span> <span class='ocrx_word' id='word_1_215' title='bbox 840 1899 1026 1953; x_wconf 90' lang='lat' dir='ltr'><strong>omnia</strong></span> <span class='ocrx_word' id='word_1_216' title='bbox 1072 1898 1380 1952; x_wconf 89' lang='lat' dir='ltr'><strong>secundum</strong></span> <span class='ocrx_word' id='word_1_217' title='bbox 1421 1897 1851 1952; x_wconf 87' lang='lat' dir='ltr'><strong>ostentationem</strong></span> <span class='ocrx_word' id='word_1_218' title='bbox 1900 1905 1956 1950; x_wconf 91' lang='lat' dir='ltr'><strong>et</strong></span> <span class='ocrx_word' id='word_1_219' title='bbox 1997 1894 2135 1949; x_wconf 87' lang='lat' dir='ltr'><strong>nihil</strong></span> 
     </span>
    </p>
   </div>
   <div class='ocr_carea' id='block_1_35' title="bbox 546 1984 2136 2057">
    <p class='ocr_par' dir='ltr' id='par_1_35' title="bbox 546 1984 2136 2057">
     <span class='ocr_line' id='line_1_35' title="bbox 546 1984 2136 2057; baseline -0.003 -15"><span class='ocrx_word' id='word_1_220' title='bbox 546 1989 852 2043; x_wconf 84' lang='lat' dir='ltr'><strong>secundum</strong></span> <span class='ocrx_word' id='word_1_221' title='bbox 895 1988 1067 2041; x_wconf 89' lang='lat' dir='ltr'><strong>Deum</strong></span> <span class='ocrx_word' id='word_1_222' title='bbox 1106 1987 1310 2057; x_wconf 78' lang='lat' dir='ltr'><strong>iugiter</strong></span> <span class='ocrx_word' id='word_1_223' title='bbox 1333 2001 1520 2056; x_wconf 80' lang='lat' dir='ltr'><strong>agens.</strong></span> <span class='ocrx_word' id='word_1_224' title='bbox 1555 1986 1686 2039; x_wconf 86' lang='lat' dir='ltr'><strong>Erat</strong></span> <span class='ocrx_word' id='word_1_225' title='bbox 1713 1985 1858 2039; x_wconf 90' lang='lat' dir='ltr'><strong>enim</strong></span> <span class='ocrx_word' id='word_1_226' title='bbox 1885 1984 1962 2038; x_wconf 89' lang='lat' dir='ltr'><strong>illi</strong></span> <span class='ocrx_word' id='word_1_227' title='bbox 1993 1999 2136 2054; x_wconf 76' lang='lat' dir='ltr'><strong>pra:-</strong></span> 
     </span>
    </p>
   </div>
   <div class='ocr_carea' id='block_1_36' title="bbox 545 2079 2138 2150">
    <p class='ocr_par' dir='ltr' id='par_1_36' title="bbox 545 2079 2138 2150">
     <span class='ocr_line' id='line_1_36' title="bbox 545 2079 2138 2150; baseline 0.001 -16"><span class='ocrx_word' id='word_1_228' title='bbox 545 2081 708 2150; x_wconf 87' lang='lat' dir='ltr'><strong>eipue</strong></span> <span class='ocrx_word' id='word_1_229' title='bbox 753 2096 880 2133; x_wconf 91' lang='lat' dir='ltr'><strong>eum</strong></span> <span class='ocrx_word' id='word_1_230' title='bbox 923 2080 1155 2149; x_wconf 90' lang='lat' dir='ltr'><strong>reliquis</strong></span> <span class='ocrx_word' id='word_1_231' title='bbox 1191 2079 1744 2150; x_wconf 72' lang='lat' dir='ltr'><strong>prmvaricationibus</strong></span> <span class='ocrx_word' id='word_1_232' title='bbox 1774 2087 1830 2134; x_wconf 91' lang='lat' dir='ltr'><strong>et</strong></span> <span class='ocrx_word' id='word_1_233' title='bbox 1872 2079 2138 2148; x_wconf 89' lang='lat' dir='ltr'><strong>hujusce—</strong></span> 
     </span>
    </p>
   </div>
   <div class='ocr_carea' id='block_1_37' title="bbox 549 2165 2141 2242">
    <p class='ocr_par' dir='ltr' id='par_1_37' title="bbox 549 2165 2141 2242">
     <span class='ocr_line' id='line_1_37' title="bbox 549 2165 2141 2242; baseline -0.002 -15"><span class='ocrx_word' id='word_1_234' title='bbox 549 2173 699 2227; x_wconf 87' lang='lat' dir='ltr'><strong>modi</strong></span> <span class='ocrx_word' id='word_1_235' title='bbox 733 2186 955 2242; x_wconf 90' lang='lat' dir='ltr'><strong>quoque</strong></span> <span class='ocrx_word' id='word_1_236' title='bbox 987 2173 1190 2226; x_wconf 88' lang='lat' dir='ltr'><strong>mentis</strong></span> <span class='ocrx_word' id='word_1_237' title='bbox 1224 2172 1451 2238; x_wconf 90' lang='lat' dir='ltr'><strong>idioma,</strong></span> <span class='ocrx_word' id='word_1_238' title='bbox 1488 2186 1586 2240; x_wconf 90' lang='lat' dir='ltr'><strong>per</strong></span> <span class='ocrx_word' id='word_1_239' title='bbox 1617 2169 1763 2242; x_wconf 92' lang='lat' dir='ltr'><strong>quod</strong></span> <span class='ocrx_word' id='word_1_240' title='bbox 1794 2169 2057 2226; x_wconf 82' lang='lat' dir='ltr'><strong>videlicet</strong></span> <span class='ocrx_word' id='word_1_241' title='bbox 2084 2165 2141 2226; x_wconf 86' lang='lat' dir='ltr'><strong>et</strong></span> 
     </span>
    </p>
   </div>
   <div class='ocr_carea' id='block_1_38' title="bbox 545 2263 2139 2335">
    <p class='ocr_par' dir='ltr' id='par_1_38' title="bbox 545 2263 2139 2335">
     <span class='ocr_line' id='line_1_38' title="bbox 545 2263 2139 2335; baseline -0.001 -16"><span class='ocrx_word' id='word_1_242' title='bbox 545 2274 675 2320; x_wconf 84' lang='lat' dir='ltr'><strong>ante</strong></span> <span class='ocrx_word' id='word_1_243' title='bbox 729 2266 1023 2335; x_wconf 89' lang='lat' dir='ltr'><strong>imperium</strong></span> <span class='ocrx_word' id='word_1_244' title='bbox 1075 2265 1280 2320; x_wconf 89' lang='lat' dir='ltr'><strong>multos</strong></span> <span class='ocrx_word' id='word_1_245' title='bbox 1329 2264 1592 2319; x_wconf 82' lang='lat' dir='ltr'><strong>seduxit:</strong></span> <span class='ocrx_word' id='word_1_246' title='bbox 1641 2271 2021 2318; x_wconf 86' lang='lat' dir='ltr'><strong>verumtamen</strong></span> <span class='ocrx_word' id='word_1_247' title='bbox 2083 2263 2139 2317; x_wconf 91' lang='lat' dir='ltr'><strong>in</strong></span> 
     </span>
    </p>
   </div>
   <div class='ocr_carea' id='block_1_39' title="bbox 546 2352 2142 2425">
    <p class='ocr_par' dir='ltr' id='par_1_39' title="bbox 546 2352 2142 2425">
     <span class='ocr_line' id='line_1_39' title="bbox 546 2352 2142 2425; baseline -0.003 -15"><span class='ocrx_word' id='word_1_248' title='bbox 546 2357 846 2412; x_wconf 63' lang='lat' dir='ltr'><strong>rid—iculum</strong></span> <span class='ocrx_word' id='word_1_249' title='bbox 893 2355 1206 2410; x_wconf 86' lang='lat' dir='ltr'><strong>habebatur</strong></span> <span class='ocrx_word' id='word_1_250' title='bbox 1247 2355 1355 2409; x_wconf 86' lang='lat' dir='ltr'><strong>hoc</strong></span> <span class='ocrx_word' id='word_1_251' title='bbox 1405 2355 1527 2425; x_wconf 87' lang='lat' dir='ltr'><strong>ejus</strong></span> <span class='ocrx_word' id='word_1_252' title='bbox 1574 2353 1788 2424; x_wconf 89' lang='lat' dir='ltr'><strong>liquido</strong></span> <span class='ocrx_word' id='word_1_253' title='bbox 1835 2352 2142 2407; x_wconf 87' lang='lat' dir='ltr'><strong>scientibus</strong></span> 
     </span>
    </p>
   </div>
   <div class='ocr_carea' id='block_1_40' title="bbox 549 2437 2142 2517">
    <p class='ocr_par' dir='ltr' id='par_1_40' title="bbox 549 2437 2142 2517">
     <span class='ocr_line' id='line_1_40' title="bbox 549 2437 2142 2517; baseline -0.005 -12"><span class='ocrx_word' id='word_1_254' title='bbox 549 2450 823 2514; x_wconf 82' lang='lat' dir='ltr'><strong>studium,</strong></span> <span class='ocrx_word' id='word_1_255' title='bbox 857 2450 930 2503; x_wconf 91' lang='lat' dir='ltr'><strong>ita</strong></span> <span class='ocrx_word' id='word_1_256' title='bbox 967 2457 1028 2502; x_wconf 90' lang='lat' dir='ltr'><strong>ut</strong></span> <span class='ocrx_word' id='word_1_257' title='bbox 1069 2447 1412 2517; x_wconf 89' lang='lat' dir='ltr'><strong>impudentia</strong></span> <span class='ocrx_word' id='word_1_258' title='bbox 1445 2445 1618 2500; x_wconf 86' lang='lat' dir='ltr'><strong>multa</strong></span> <span class='ocrx_word' id='word_1_259' title='bbox 1657 2459 1877 2514; x_wconf 84' lang='lat' dir='ltr'><strong>semper</strong></span> <span class='ocrx_word' id='word_1_260' title='bbox 1905 2437 2142 2514; x_wconf 82' lang='lat' dir='ltr'><strong>caligosa</strong></span> 
     </span>
    </p>
   </div>
   <div class='ocr_carea' id='block_1_41' title="bbox 475 2537 2143 2613">
    <p class='ocr_par' dir='ltr' id='par_1_41' title="bbox 475 2537 2143 2613">
     <span class='ocr_line' id='line_1_41' title="bbox 475 2537 2143 2613; baseline -0.005 -14"><span class='ocrx_word' id='word_1_261' title='bbox 475 2581 478 2585; x_wconf 51' lang='grc' dir='ltr'><em>ν</em></span> <span class='ocrx_word' id='word_1_262' title='bbox 548 2553 605 2598; x_wconf 89' lang='lat' dir='ltr'><strong>et</strong></span> <span class='ocrx_word' id='word_1_263' title='bbox 638 2543 849 2613; x_wconf 82' lang='lat' dir='ltr'><strong>polluta</strong></span> <span class='ocrx_word' id='word_1_264' title='bbox 888 2540 1058 2596; x_wconf 83' lang='lat' dir='ltr'><strong>facies</strong></span> <span class='ocrx_word' id='word_1_265' title='bbox 1091 2542 1212 2611; x_wconf 88' lang='lat' dir='ltr'><strong>ejus</strong></span> <span class='ocrx_word' id='word_1_266' title='bbox 1244 2542 1381 2595; x_wconf 90' lang='lat' dir='ltr'><strong>tunc</strong></span> <span class='ocrx_word' id='word_1_267' title='bbox 1413 2537 1815 2593; x_wconf 89' lang='lat' dir='ltr'><strong>inaecessibilis</strong></span> <span class='ocrx_word' id='word_1_268' title='bbox 1859 2537 2015 2592; x_wconf 84' lang='lat' dir='ltr'><strong>fieret</strong></span> <span class='ocrx_word' id='word_1_269' title='bbox 2045 2551 2143 2607; x_wconf 90' lang='lat' dir='ltr'><strong>per</strong></span> 
     </span>
    </p>
   </div>
   <div class='ocr_carea' id='block_1_42' title="bbox 547 2627 2146 2703">
    <p class='ocr_par' dir='ltr' id='par_1_42' title="bbox 547 2627 2146 2703">
     <span class='ocr_line' id='line_1_42' title="bbox 547 2627 2146 2703; baseline -0.006 -14"><span class='ocrx_word' id='word_1_270' title='bbox 547 2637 668 2689; x_wconf 86' lang='lat' dir='ltr'><strong>dies</strong></span> <span class='ocrx_word' id='word_1_271' title='bbox 705 2642 940 2703; x_wconf 88' lang='lat' dir='ltr'><strong>septem.</strong></span> <span class='ocrx_word' id='word_1_272' title='bbox 976 2627 1043 2686; x_wconf 86' lang='lat' dir='ltr'><strong>eo</strong></span> <span class='ocrx_word' id='word_1_273' title='bbox 1093 2632 1286 2686; x_wconf 92' lang='lat' dir='ltr'><strong>dolose</strong></span> <span class='ocrx_word' id='word_1_274' title='bbox 1341 2631 1486 2684; x_wconf 73' lang='lat' dir='ltr'><strong>intra</strong></span> <span class='ocrx_word' id='word_1_275' title='bbox 1537 2629 1856 2684; x_wconf 90' lang='lat' dir='ltr'><strong>cubiculum</strong></span> <span class='ocrx_word' id='word_1_276' title='bbox 1908 2628 2146 2696; x_wconf 89' lang='lat' dir='ltr'><strong>impera-</strong></span> 
     </span>
    </p>
   </div>
   <div class='ocr_carea' id='block_1_43' title="bbox 549 2717 2147 2795">
    <p class='ocr_par' dir='ltr' id='par_1_43' title="bbox 549 2717 2147 2795">
     <span class='ocr_line' id='line_1_43' title="bbox 549 2717 2147 2795; baseline -0.005 -14"><span class='ocrx_word' id='word_1_277' title='bbox 549 2727 751 2781; x_wconf 89' lang='lat' dir='ltr'><strong>torium</strong></span> <span class='ocrx_word' id='word_1_278' title='bbox 779 2725 1028 2795; x_wconf 88' lang='lat' dir='ltr'><strong>ejulante</strong></span> <span class='ocrx_word' id='word_1_279' title='bbox 1061 2739 1074 2776; x_wconf 89' lang='lat'><strong>:</strong></span> <span class='ocrx_word' id='word_1_280' title='bbox 1118 2738 1246 2776; x_wconf 87' lang='lat' dir='ltr'><strong>nam</strong></span> <span class='ocrx_word' id='word_1_281' title='bbox 1277 2731 1334 2775; x_wconf 92' lang='lat' dir='ltr'><strong>et</strong></span> <span class='ocrx_word' id='word_1_282' title='bbox 1380 2719 1719 2776; x_wconf 89' lang='lat' dir='ltr'><strong>naturaliter</strong></span> <span class='ocrx_word' id='word_1_283' title='bbox 1749 2718 1801 2773; x_wconf 92' lang='lat' dir='ltr'><strong>ei</strong></span> <span class='ocrx_word' id='word_1_284' title='bbox 1845 2717 2147 2774; x_wconf 82' lang='lat' dir='ltr'><strong>muliebres</strong></span> 
     </span>
    </p>
   </div>
   <div class='ocr_carea' id='block_1_44' title="bbox 548 2805 2146 2884">
    <p class='ocr_par' dir='ltr' id='par_1_44' title="bbox 548 2805 2146 2884">
     <span class='ocr_line' id='line_1_44' title="bbox 548 2805 2146 2884; baseline -0.008 -12"><span class='ocrx_word' id='word_1_285' title='bbox 548 2816 784 2872; x_wconf 90' lang='lat' dir='ltr'><strong>aderant</strong></span> <span class='ocrx_word' id='word_1_286' title='bbox 841 2815 1120 2884; x_wconf 76' lang='lat' dir='ltr'><strong>lacrymze,</strong></span> <span class='ocrx_word' id='word_1_287' title='bbox 1159 2826 1298 2880; x_wconf 89' lang='lat' dir='ltr'><strong>quas</strong></span> <span class='ocrx_word' id='word_1_288' title='bbox 1341 2809 1531 2882; x_wconf 88' lang='lat' dir='ltr'><strong>multis</strong></span> <span class='ocrx_word' id='word_1_289' title='bbox 1580 2806 1766 2878; x_wconf 81' lang='lat' dir='ltr'><strong>pravis</strong></span> <span class='ocrx_word' id='word_1_290' title='bbox 1819 2815 1875 2861; x_wconf 91' lang='lat' dir='ltr'><strong>et</strong></span> <span class='ocrx_word' id='word_1_291' title='bbox 1905 2805 2146 2876; x_wconf 89' lang='lat' dir='ltr'><strong>pseudo-</strong></span> 
     </span>
    </p>
   </div>
   <div class='ocr_carea' id='block_1_45' title="bbox 548 2901 2145 2973">
    <p class='ocr_par' dir='ltr' id='par_1_45' title="bbox 548 2901 2145 2973">
     <span class='ocr_line' id='line_1_45' title="bbox 548 2901 2145 2973; baseline -0.007 -11"><span class='ocrx_word' id='word_1_292' title='bbox 548 2905 867 2963; x_wconf 88' lang='lat' dir='ltr'><strong>ehristianis</strong></span> <span class='ocrx_word' id='word_1_293' title='bbox 888 2905 1068 2959; x_wconf 90' lang='lat' dir='ltr'><strong>inesse</strong></span> <span class='ocrx_word' id='word_1_294' title='bbox 1096 2903 1292 2973; x_wconf 91' lang='lat' dir='ltr'><strong>procul</strong></span> <span class='ocrx_word' id='word_1_295' title='bbox 1325 2901 1496 2956; x_wconf 88' lang='lat' dir='ltr'><strong>dubio</strong></span> <span class='ocrx_word' id='word_1_296' title='bbox 1552 2907 1804 2962; x_wconf 90' lang='lat' dir='ltr'><strong>constat,</strong></span> <span class='ocrx_word' id='word_1_297' title='bbox 1831 2907 2145 2968; x_wconf 88' lang='lat' dir='ltr'><strong>quanquam</strong></span> 
     </span>
    </p>
   </div>
   <div class='ocr_carea' id='block_1_46' title="bbox 551 2991 2147 3070">
    <p class='ocr_par' dir='ltr' id='par_1_46' title="bbox 551 2991 2147 3070">
     <span class='ocr_line' id='line_1_46' title="bbox 551 2991 2147 3070; baseline -0.007 -16"><span class='ocrx_word' id='word_1_298' title='bbox 551 3001 823 3070; x_wconf 82' lang='lat' dir='ltr'><strong>plurimos</strong></span> <span class='ocrx_word' id='word_1_299' title='bbox 863 3013 974 3051; x_wconf 94' lang='lat' dir='ltr'><strong>non</strong></span> <span class='ocrx_word' id='word_1_300' title='bbox 1021 2994 1266 3050; x_wconf 88' lang='lat' dir='ltr'><strong>latuerit.</strong></span> <span class='ocrx_word' id='word_1_301' title='bbox 1315 2993 1502 3049; x_wconf 87' lang='lat' dir='ltr'><strong>Mense</strong></span> <span class='ocrx_word' id='word_1_302' title='bbox 1555 3007 1692 3046; x_wconf 89' lang='lat' dir='ltr'><strong>vero</strong></span> <span class='ocrx_word' id='word_1_303' title='bbox 1734 2991 1982 3062; x_wconf 80' lang='lat' dir='ltr'><strong>Augusto</strong></span> <span class='ocrx_word' id='word_1_304' title='bbox 2023 3004 2147 3046; x_wconf 86' lang='lat' dir='ltr'><strong>cum</strong></span> 
     </span>
    </p>
   </div>
   <div class='ocr_carea' id='block_1_47' title="bbox 2237 1881 3769 1957">
    <p class='ocr_par' dir='ltr' id='par_1_47' title="bbox 2237 1881 3769 1957">
     <span class='ocr_line' id='line_1_47' title="bbox 2237 1881 3769 1957; baseline -0.01 -14"><span class='ocrx_word' id='word_1_305' title='bbox 2237 1887 2408 1943; x_wconf 71' lang='lat' dir='ltr'><strong>Gulzei</strong></span> <span class='ocrx_word' id='word_1_306' title='bbox 2449 1895 2503 1942; x_wconf 92' lang='lat' dir='ltr'><strong>et</strong></span> <span class='ocrx_word' id='word_1_307' title='bbox 2533 1884 2858 1957; x_wconf 83' lang='lat' dir='ltr'><strong>Gregorium</strong></span> <span class='ocrx_word' id='word_1_308' title='bbox 2889 1896 3246 1938; x_wconf 75' lang='lat' dir='ltr'><strong>‘ceconomum</strong></span> <span class='ocrx_word' id='word_1_309' title='bbox 3295 1881 3566 1940; x_wconf 72' lang='lat' dir='ltr'><strong>Amastraa,</strong></span> <span class='ocrx_word' id='word_1_310' title='bbox 3605 1884 3769 1945; x_wconf 90' lang='lat' dir='ltr'><strong>postu-</strong></span> 
     </span>
    </p>
   </div>
   <div class='ocr_carea' id='block_1_48' title="bbox 2237 1967 3773 2050">
    <p class='ocr_par' dir='ltr' id='par_1_48' title="bbox 2237 1967 3773 2050">
     <span class='ocr_line' id='line_1_48' title="bbox 2237 1967 3773 2050; baseline -0.013 -12"><span class='ocrx_word' id='word_1_311' title='bbox 2237 1983 2359 2038; x_wconf 88' lang='lat' dir='ltr'><strong>lans</strong></span> <span class='ocrx_word' id='word_1_312' title='bbox 2417 1981 2538 2037; x_wconf 82' lang='lat' dir='ltr'><strong>fieri</strong></span> <span class='ocrx_word' id='word_1_313' title='bbox 2588 1995 2798 2050; x_wconf 89' lang='lat' dir='ltr'><strong>pacem.</strong></span> <span class='ocrx_word' id='word_1_314' title='bbox 2840 1978 2908 2032; x_wconf 85' lang='lat' dir='ltr'><strong>Et</strong></span> <span class='ocrx_word' id='word_1_315' title='bbox 2964 1976 3200 2030; x_wconf 91' lang='lat' dir='ltr'><strong>multum</strong></span> <span class='ocrx_word' id='word_1_316' title='bbox 3255 1968 3643 2042; x_wconf 89' lang='lat' dir='ltr'><strong>disputantibus</strong></span> <span class='ocrx_word' id='word_1_317' title='bbox 3687 1967 3773 2028; x_wconf 86' lang='lat' dir='ltr'><strong>eis,</strong></span> 
     </span>
    </p>
   </div>
   <div class='ocr_carea' id='block_1_49' title="bbox 2239 2070 3773 2143">
    <p class='ocr_par' dir='ltr' id='par_1_49' title="bbox 2239 2070 3773 2143">
     <span class='ocr_line' id='line_1_49' title="bbox 2239 2070 3773 2143; baseline -0.014 -12"><span class='ocrx_word' id='word_1_318' title='bbox 2239 2074 2599 2130; x_wconf 81' lang='lat' dir='ltr'><strong>ﬁrmaverunt</strong></span> <span class='ocrx_word' id='word_1_319' title='bbox 2628 2088 2839 2143; x_wconf 90' lang='lat' dir='ltr'><strong>pacem,</strong></span> <span class='ocrx_word' id='word_1_320' title='bbox 2889 2079 2951 2124; x_wconf 91' lang='lat' dir='ltr'><strong>ut</strong></span> <span class='ocrx_word' id='word_1_321' title='bbox 2983 2085 3082 2139; x_wconf 89' lang='lat' dir='ltr'><strong>per</strong></span> <span class='ocrx_word' id='word_1_322' title='bbox 3117 2074 3554 2135; x_wconf 90' lang='lat' dir='ltr'><strong>unumquemque</strong></span> <span class='ocrx_word' id='word_1_323' title='bbox 3593 2070 3773 2135; x_wconf 82' lang='lat' dir='ltr'><strong>annum</strong></span> 
     </span>
    </p>
   </div>
   <div class='ocr_carea' id='block_1_50' title="bbox 2239 2147 3778 2223">
    <p class='ocr_par' dir='ltr' id='par_1_50' title="bbox 2239 2147 3778 2223">
     <span class='ocr_line' id='line_1_50' title="bbox 2239 2147 3778 2223; baseline -0.014 1"><span class='ocrx_word' id='word_1_324' title='bbox 2239 2169 2514 2223; x_wconf 88' lang='lat' dir='ltr'><strong>tribueret</strong></span> <span class='ocrx_word' id='word_1_325' title='bbox 2553 2165 2664 2220; x_wconf 92' lang='lat' dir='ltr'><strong>illis</strong></span> <span class='ocrx_word' id='word_1_326' title='bbox 2697 2173 2943 2219; x_wconf 91' lang='lat' dir='ltr'><strong>trecenta</strong></span> <span class='ocrx_word' id='word_1_327' title='bbox 2981 2160 3153 2214; x_wconf 91' lang='lat' dir='ltr'><strong>millia</strong></span> <span class='ocrx_word' id='word_1_328' title='bbox 3182 2158 3592 2217; x_wconf 88' lang='lat' dir='ltr'><strong>numismatum,</strong></span> <span class='ocrx_word' id='word_1_329' title='bbox 3615 2158 3665 2205; x_wconf 88' lang='lat' dir='ltr'><strong>et</strong></span> <span class='ocrx_word' id='word_1_330' title='bbox 3689 2147 3778 2203; x_wconf 84' lang='lat' dir='ltr'><strong>tria</strong></span> 
     </span>
    </p>
   </div>
   <div class='ocr_carea' id='block_1_51' title="bbox 2240 2239 3778 2322">
    <p class='ocr_par' dir='ltr' id='par_1_51' title="bbox 2240 2239 3778 2322">
     <span class='ocr_line' id='line_1_51' title="bbox 2240 2239 3778 2322; baseline -0.016 -5"><span class='ocrx_word' id='word_1_331' title='bbox 2240 2261 2572 2318; x_wconf 84' lang='lat' dir='ltr'><strong>nomismata</strong></span> <span class='ocrx_word' id='word_1_332' title='bbox 2599 2259 2654 2313; x_wconf 92' lang='lat' dir='ltr'><strong>in</strong></span> <span class='ocrx_word' id='word_1_333' title='bbox 2687 2257 2957 2312; x_wconf 91' lang='lat' dir='ltr'><strong>tributum</strong></span> <span class='ocrx_word' id='word_1_334' title='bbox 3000 2252 3200 2322; x_wconf 89' lang='lat' dir='ltr'><strong>capitis</strong></span> <span class='ocrx_word' id='word_1_335' title='bbox 3231 2245 3594 2320; x_wconf 89' lang='lat' dir='ltr'><strong>imperatoris,</strong></span> <span class='ocrx_word' id='word_1_336' title='bbox 3617 2251 3667 2297; x_wconf 89' lang='lat' dir='ltr'><strong>et</strong></span> <span class='ocrx_word' id='word_1_337' title='bbox 3690 2239 3778 2294; x_wconf 76' lang='lat' dir='ltr'><strong>tria</strong></span> 
     </span>
    </p>
   </div>
   <div class='ocr_carea' id='block_1_52' title="bbox 2241 2340 3783 2424">
    <p class='ocr_par' dir='ltr' id='par_1_52' title="bbox 2241 2340 3783 2424">
     <span class='ocr_line' id='line_1_52' title="bbox 2241 2340 3783 2424; baseline -0.014 -15"><span class='ocrx_word' id='word_1_338' title='bbox 2241 2353 2344 2408; x_wconf 80' lang='lat' dir='ltr'><strong>filii</strong></span> <span class='ocrx_word' id='word_1_339' title='bbox 2374 2354 2495 2424; x_wconf 89' lang='lat' dir='ltr'><strong>ejus</strong></span> <span class='ocrx_word' id='word_1_340' title='bbox 2521 2371 2536 2419; x_wconf 91' lang='lat'><strong>;</strong></span> <span class='ocrx_word' id='word_1_341' title='bbox 2563 2351 2765 2422; x_wconf 81' lang='lat' dir='ltr'><strong>quibus</strong></span> <span class='ocrx_word' id='word_1_342' title='bbox 2797 2347 3037 2418; x_wconf 88' lang='lat' dir='ltr'><strong>acceptis</strong></span> <span class='ocrx_word' id='word_1_343' title='bbox 3069 2347 3252 2401; x_wconf 84' lang='lat' dir='ltr'><strong>Aaron</strong></span> <span class='ocrx_word' id='word_1_344' title='bbox 3273 2340 3604 2415; x_wconf 88' lang='lat' dir='ltr'><strong>jucundatus</strong></span> <span class='ocrx_word' id='word_1_345' title='bbox 3625 2343 3716 2399; x_wconf 89' lang='lat' dir='ltr'><strong>est,</strong></span> <span class='ocrx_word' id='word_1_346' title='bbox 3735 2341 3783 2388; x_wconf 89' lang='lat' dir='ltr'><strong>et</strong></span> 
     </span>
    </p>
   </div>
   <div class='ocr_carea' id='block_1_53' title="bbox 2241 2430 3781 2515">
    <p class='ocr_par' dir='ltr' id='par_1_53' title="bbox 2241 2430 3781 2515">
     <span class='ocr_line' id='line_1_53' title="bbox 2241 2430 3781 2515; baseline -0.014 -13"><span class='ocrx_word' id='word_1_347' title='bbox 2241 2447 2539 2502; x_wconf 83' lang='lat' dir='ltr'><strong>exsultavit</strong></span> <span class='ocrx_word' id='word_1_348' title='bbox 2579 2445 2702 2515; x_wconf 91' lang='lat' dir='ltr'><strong>plus</strong></span> <span class='ocrx_word' id='word_1_349' title='bbox 2729 2458 2892 2514; x_wconf 90' lang='lat' dir='ltr'><strong>quam</strong></span> <span class='ocrx_word' id='word_1_350' title='bbox 2916 2443 2962 2496; x_wconf 90' lang='lat' dir='ltr'><strong>si</strong></span> <span class='ocrx_word' id='word_1_351' title='bbox 2997 2440 3140 2495; x_wconf 87' lang='lat' dir='ltr'><strong>dena</strong></span> <span class='ocrx_word' id='word_1_352' title='bbox 3171 2437 3338 2493; x_wconf 91' lang='lat' dir='ltr'><strong>millia</strong></span> <span class='ocrx_word' id='word_1_353' title='bbox 3373 2430 3696 2503; x_wconf 90' lang='lat' dir='ltr'><strong>suscepisset</strong></span> <span class='ocrx_word' id='word_1_354' title='bbox 3718 2437 3781 2481; x_wconf 76' lang='lat' dir='ltr'><strong>ta-</strong></span> 
     </span>
    </p>
   </div>
   <div class='ocr_carea' id='block_1_54' title="bbox 2239 2521 3790 2607">
    <p class='ocr_par' dir='ltr' id='par_1_54' title="bbox 2239 2521 3790 2607">
     <span class='ocr_line' id='line_1_54' title="bbox 2239 2521 3790 2607; baseline -0.012 -14"><span class='ocrx_word' id='word_1_355' title='bbox 2239 2537 2413 2604; x_wconf 89' lang='lat' dir='ltr'><strong>lenta,</strong></span> <span class='ocrx_word' id='word_1_356' title='bbox 2445 2545 2704 2607; x_wconf 90' lang='lat' dir='ltr'><strong>tanquam</strong></span> <span class='ocrx_word' id='word_1_357' title='bbox 2743 2535 2838 2605; x_wconf 88' lang='lat' dir='ltr'><strong>qui</strong></span> <span class='ocrx_word' id='word_1_358' title='bbox 2868 2532 3174 2603; x_wconf 81' lang='lat' dir='ltr'><strong>subegisset</strong></span> <span class='ocrx_word' id='word_1_359' title='bbox 3223 2529 3594 2582; x_wconf 83' lang='lat' dir='ltr'><strong>Romanorum</strong></span> <span class='ocrx_word' id='word_1_360' title='bbox 3638 2521 3790 2588; x_wconf 86' lang='lat' dir='ltr'><strong>impe-</strong></span> 
     </span>
    </p>
   </div>
   <div class='ocr_carea' id='block_1_55' title="bbox 2245 2610 3793 2686">
    <p class='ocr_par' dir='ltr' id='par_1_55' title="bbox 2245 2610 3793 2686">
     <span class='ocr_line' id='line_1_55' title="bbox 2245 2610 3793 2686; baseline -0.014 -1"><span class='ocrx_word' id='word_1_361' title='bbox 2245 2632 2413 2686; x_wconf 89' lang='lat' dir='ltr'><strong>rium.</strong></span> <span class='ocrx_word' id='word_1_362' title='bbox 2470 2629 2645 2686; x_wconf 90' lang='lat' dir='ltr'><strong>Porro</strong></span> <span class='ocrx_word' id='word_1_363' title='bbox 2679 2626 2937 2683; x_wconf 90' lang='lat' dir='ltr'><strong>convenit</strong></span> <span class='ocrx_word' id='word_1_364' title='bbox 2989 2625 3130 2678; x_wconf 90' lang='lat' dir='ltr'><strong>inter</strong></span> <span class='ocrx_word' id='word_1_365' title='bbox 3184 2636 3278 2676; x_wconf 88' lang='lat' dir='ltr'><strong>eos</strong></span> <span class='ocrx_word' id='word_1_366' title='bbox 3314 2627 3512 2680; x_wconf 86' lang='lat' dir='ltr'><strong>castra,</strong></span> <span class='ocrx_word' id='word_1_367' title='bbox 3550 2629 3674 2684; x_wconf 74' lang='lat' dir='ltr'><strong>qure</strong></span> <span class='ocrx_word' id='word_1_368' title='bbox 3717 2610 3793 2664; x_wconf 85' lang='lat' dir='ltr'><strong>de-</strong></span> 
     </span>
    </p>
   </div>
   <div class='ocr_carea' id='block_1_56' title="bbox 2245 2705 3800 2786">
    <p class='ocr_par' dir='ltr' id='par_1_56' title="bbox 2245 2705 3800 2786">
     <span class='ocr_line' id='line_1_56' title="bbox 2245 2705 3800 2786; baseline -0.013 -7"><span class='ocrx_word' id='word_1_369' title='bbox 2245 2731 2453 2779; x_wconf 89' lang='lat' dir='ltr'><strong>structa</strong></span> <span class='ocrx_word' id='word_1_370' title='bbox 2481 2721 2722 2786; x_wconf 83' lang='lat' dir='ltr'><strong>fuerant,</strong></span> <span class='ocrx_word' id='word_1_371' title='bbox 2756 2735 2868 2775; x_wconf 90' lang='lat' dir='ltr'><strong>non</strong></span> <span class='ocrx_word' id='word_1_372' title='bbox 2899 2714 3281 2773; x_wconf 69' lang='lat' dir='ltr'><strong>rezedificanda.</strong></span> <span class='ocrx_word' id='word_1_373' title='bbox 3313 2711 3563 2778; x_wconf 87' lang='lat' dir='ltr'><strong>Cumque</strong></span> <span class='ocrx_word' id='word_1_374' title='bbox 3599 2705 3800 2760; x_wconf 82' lang='lat' dir='ltr'><strong>Arabes</strong></span> 
     </span>
    </p>
   </div>
   <div class='ocr_carea' id='block_1_57' title="bbox 2244 2799 3797 2876">
    <p class='ocr_par' dir='ltr' id='par_1_57' title="bbox 2244 2799 3797 2876">
     <span class='ocr_line' id='line_1_57' title="bbox 2244 2799 3797 2876; baseline -0.013 -9"><span class='ocrx_word' id='word_1_375' title='bbox 2244 2812 2451 2867; x_wconf 89' lang='lat' dir='ltr'><strong>reversi</strong></span> <span class='ocrx_word' id='word_1_376' title='bbox 2484 2811 2738 2876; x_wconf 79' lang='lat' dir='ltr'><strong>fuissent,</strong></span> <span class='ocrx_word' id='word_1_377' title='bbox 2775 2808 3072 2865; x_wconf 75' lang='lat' dir='ltr'><strong>construxit</strong></span> <span class='ocrx_word' id='word_1_378' title='bbox 3097 2804 3289 2860; x_wconf 87' lang='lat' dir='ltr'><strong>eadem</strong></span> <span class='ocrx_word' id='word_1_379' title='bbox 3315 2799 3588 2856; x_wconf 87' lang='lat' dir='ltr'><strong>continuo</strong></span> <span class='ocrx_word' id='word_1_380' title='bbox 3611 2803 3797 2854; x_wconf 86' lang='lat' dir='ltr'><strong>castra,</strong></span> 
     </span>
    </p>
   </div>
   <div class='ocr_carea' id='block_1_58' title="bbox 2245 2889 3797 2975">
    <p class='ocr_par' dir='ltr' id='par_1_58' title="bbox 2245 2889 3797 2975">
     <span class='ocr_line' id='line_1_58' title="bbox 2245 2889 3797 2975; baseline -0.012 -15"><span class='ocrx_word' id='word_1_381' title='bbox 2245 2913 2302 2960; x_wconf 92' lang='lat' dir='ltr'><strong>et</strong></span> <span class='ocrx_word' id='word_1_382' title='bbox 2339 2905 2715 2975; x_wconf 65' lang='lat' dir='ltr'><strong>praemunivit.</strong></span> <span class='ocrx_word' id='word_1_383' title='bbox 2743 2903 2864 2971; x_wconf 84' lang='lat' dir='ltr'><strong>Quo</strong></span> <span class='ocrx_word' id='word_1_384' title='bbox 2895 2909 3175 2972; x_wconf 87' lang='lat' dir='ltr'><strong>comperto</strong></span> <span class='ocrx_word' id='word_1_385' title='bbox 3198 2899 3377 2952; x_wconf 88' lang='lat' dir='ltr'><strong>Aaron</strong></span> <span class='ocrx_word' id='word_1_386' title='bbox 3407 2892 3564 2948; x_wconf 85' lang='lat' dir='ltr'><strong>misit</strong></span> <span class='ocrx_word' id='word_1_387' title='bbox 3593 2889 3797 2950; x_wconf 86' lang='lat' dir='ltr'><strong>iterum,</strong></span> 
     </span>
    </p>
   </div>
   <div class='ocr_carea' id='block_1_59' title="bbox 2246 2984 3798 3068">
    <p class='ocr_par' dir='ltr' id='par_1_59' title="bbox 2246 2984 3798 3068">
     <span class='ocr_line' id='line_1_59' title="bbox 2246 2984 3798 3068; baseline -0.011 -15"><span class='ocrx_word' id='word_1_388' title='bbox 2246 3007 2303 3053; x_wconf 90' lang='lat' dir='ltr'><strong>et</strong></span> <span class='ocrx_word' id='word_1_389' title='bbox 2355 2997 2564 3068; x_wconf 89' lang='lat' dir='ltr'><strong>recepit</strong></span> <span class='ocrx_word' id='word_1_390' title='bbox 2617 2996 2928 3062; x_wconf 90' lang='lat' dir='ltr'><strong>Thebasan,</strong></span> <span class='ocrx_word' id='word_1_391' title='bbox 2981 2994 3264 3062; x_wconf 89' lang='lat' dir='ltr'><strong>missoque</strong></span> <span class='ocrx_word' id='word_1_392' title='bbox 3309 2987 3454 3044; x_wconf 85' lang='lat' dir='ltr'><strong>stole</strong></span> <span class='ocrx_word' id='word_1_393' title='bbox 3489 2986 3546 3040; x_wconf 92' lang='lat' dir='ltr'><strong>in</strong></span> <span class='ocrx_word' id='word_1_394' title='bbox 3583 2984 3798 3055; x_wconf 83' lang='lat' dir='ltr'><strong>Cyprum</strong></span> 
     </span>
    </p>
   </div>
   <div class='ocr_carea' id='block_1_60' title="bbox 551 3073 3800 3169">
    <p class='ocr_par' dir='ltr' id='par_1_60' title="bbox 551 3073 3800 3169">
     <span class='ocr_line' id='line_1_60' title="bbox 551 3073 3800 3169; baseline -0.006 -19"><span class='ocrx_word' id='word_1_395' title='bbox 551 3095 825 3150; x_wconf 85' lang='lat' dir='ltr'><strong>adversus</strong></span> <span class='ocrx_word' id='word_1_396' title='bbox 847 3093 1060 3148; x_wconf 80' lang='lat' dir='ltr'><strong>Arabes</strong></span> <span class='ocrx_word' id='word_1_397' title='bbox 1082 3091 1330 3155; x_wconf 68' lang='lat' dir='ltr'><strong>exiisset,</strong></span> <span class='ocrx_word' id='word_1_398' title='bbox 1355 3089 1598 3144; x_wconf 90' lang='lat' dir='ltr'><strong>occurrit</strong></span> <span class='ocrx_word' id='word_1_399' title='bbox 1621 3087 1703 3143; x_wconf 90' lang='lat' dir='ltr'><strong>eis</strong></span> <span class='ocrx_word' id='word_1_400' title='bbox 1726 3086 1870 3157; x_wconf 87' lang='lat' dir='ltr'><strong>apud</strong></span> <span class='ocrx_word' id='word_1_401' title='bbox 1898 3085 2144 3141; x_wconf 89' lang='lat' dir='ltr'><strong>Chrason</strong></span> <span class='ocrx_word' id='word_1_402' title='bbox 2173 3109 2215 3169; x_wconf 70' lang='grc' dir='ltr'>ο</span> <span class='ocrx_word' id='word_1_403' title='bbox 2249 3090 2512 3146; x_wconf 87' lang='lat' dir='ltr'><strong>ecclesias</strong></span> <span class='ocrx_word' id='word_1_404' title='bbox 2563 3089 2854 3153; x_wconf 79' lang='lat' dir='ltr'><strong>destruxit,</strong></span> <span class='ocrx_word' id='word_1_405' title='bbox 2903 3085 3141 3159; x_wconf 84' lang='lat' dir='ltr'><strong>Cyprios</strong></span> <span class='ocrx_word' id='word_1_406' title='bbox 3191 3079 3502 3152; x_wconf 86' lang='lat' dir='ltr'><strong>emigravit,</strong></span> <span class='ocrx_word' id='word_1_407' title='bbox 3555 3085 3611 3132; x_wconf 90' lang='lat' dir='ltr'><strong>et</strong></span> <span class='ocrx_word' id='word_1_408' title='bbox 3647 3073 3800 3129; x_wconf 86' lang='lat' dir='ltr'><strong>multo</strong></span> 
     </span>
    </p>
   </div>
   <div class='ocr_carea' id='block_1_61' title="bbox 552 3175 2147 3258">
    <p class='ocr_par' dir='ltr' id='par_1_61' title="bbox 552 3175 2147 3258">
     <span class='ocr_line' id='line_1_61' title="bbox 552 3175 2147 3258; baseline -0.008 -16"><span class='ocrx_word' id='word_1_409' title='bbox 552 3186 824 3258; x_wconf 67' lang='lat' dir='ltr'><strong>Phrygia),</strong></span> <span class='ocrx_word' id='word_1_410' title='bbox 848 3195 906 3239; x_wconf 89' lang='lat' dir='ltr'><strong>et</strong></span> <span class='ocrx_word' id='word_1_411' title='bbox 929 3185 1068 3238; x_wconf 87' lang='lat' dir='ltr'><strong>inito</strong></span> <span class='ocrx_word' id='word_1_412' title='bbox 1090 3181 1234 3237; x_wconf 90' lang='lat' dir='ltr'><strong>bello</strong></span> <span class='ocrx_word' id='word_1_413' title='bbox 1258 3188 1572 3250; x_wconf 90' lang='lat' dir='ltr'><strong>superatur,</strong></span> <span class='ocrx_word' id='word_1_414' title='bbox 1600 3178 1906 3246; x_wconf 90' lang='lat' dir='ltr'><strong>multisque</strong></span> <span class='ocrx_word' id='word_1_415' title='bbox 1929 3175 2147 3231; x_wconf 86' lang='lat' dir='ltr'><strong>amissis</strong></span> 
     </span>
    </p>
   </div>
   <div class='ocr_carea' id='block_1_62' title="bbox 553 3267 2147 3349">
    <p class='ocr_par' dir='ltr' id='par_1_62' title="bbox 553 3267 2147 3349">
     <span class='ocr_line' id='line_1_62' title="bbox 553 3267 2147 3349; baseline -0.006 -17"><span class='ocrx_word' id='word_1_416' title='bbox 553 3277 955 3349; x_wconf 90' lang='lat' dir='ltr'><strong>propemodum</strong></span> <span class='ocrx_word' id='word_1_417' title='bbox 1005 3283 1062 3328; x_wconf 93' lang='lat' dir='ltr'><strong>et</strong></span> <span class='ocrx_word' id='word_1_418' title='bbox 1112 3275 1230 3343; x_wconf 89' lang='lat' dir='ltr'><strong>ipse</strong></span> <span class='ocrx_word' id='word_1_419' title='bbox 1281 3273 1443 3325; x_wconf 85' lang='lat' dir='ltr'><strong>vivus</strong></span> <span class='ocrx_word' id='word_1_420' title='bbox 1487 3271 1630 3324; x_wconf 91' lang='lat' dir='ltr'><strong>foret</strong></span> <span class='ocrx_word' id='word_1_421' title='bbox 1665 3269 1991 3338; x_wconf 85' lang='lat' dir='ltr'><strong>capiendus,</strong></span> <span class='ocrx_word' id='word_1_422' title='bbox 2039 3267 2147 3324; x_wconf 88' lang='lat' dir='ltr'><strong>nisi</strong></span> 
     </span>
    </p>
   </div>
   <div class='ocr_carea' id='block_1_63' title="bbox 555 3360 2146 3439">
    <p class='ocr_par' dir='ltr' id='par_1_63' title="bbox 555 3360 2146 3439">
     <span class='ocr_line' id='line_1_63' title="bbox 555 3360 2146 3439; baseline -0.004 -16"><span class='ocrx_word' id='word_1_423' title='bbox 555 3370 870 3439; x_wconf 84' lang='lat' dir='ltr'><strong>principum</strong></span> <span class='ocrx_word' id='word_1_424' title='bbox 911 3365 1134 3435; x_wconf 88' lang='lat' dir='ltr'><strong>quidam</strong></span> <span class='ocrx_word' id='word_1_425' title='bbox 1191 3360 1480 3416; x_wconf 86' lang='lat' dir='ltr'><strong>fortissimi</strong></span> <span class='ocrx_word' id='word_1_426' title='bbox 1536 3360 1687 3415; x_wconf 89' lang='lat' dir='ltr'><strong>hunc</strong></span> <span class='ocrx_word' id='word_1_427' title='bbox 1746 3374 1774 3414; x_wconf 88' lang='lat' dir='ltr'><strong>a</strong></span> <span class='ocrx_word' id='word_1_428' title='bbox 1817 3360 2146 3416; x_wconf 88' lang='lat' dir='ltr'><strong>necessitate</strong></span> 
     </span>
    </p>
   </div>
   <div class='ocr_carea' id='block_1_64' title="bbox 557 3455 1360 3527">
    <p class='ocr_par' dir='ltr' id='par_1_64' title="bbox 557 3455 1360 3527">
     <span class='ocr_line' id='line_1_64' title="bbox 557 3455 1360 3527; baseline -0.011 -12"><span class='ocrx_word' id='word_1_429' title='bbox 557 3463 646 3515; x_wconf 82' lang='lat' dir='ltr'><strong>vix</strong></span> <span class='ocrx_word' id='word_1_430' title='bbox 665 3461 881 3516; x_wconf 84' lang='lat' dir='ltr'><strong>salvare</strong></span> <span class='ocrx_word' id='word_1_431' title='bbox 913 3455 1360 3527; x_wconf 69' lang='lat' dir='ltr'><strong>prmvaluissent.</strong></span> 
     </span>
    </p>
   </div>
   <div class='ocr_carea' id='block_1_65' title="bbox 561 3541 2146 3619">
    <p class='ocr_par' dir='ltr' id='par_1_65' title="bbox 561 3541 2146 3619">
     <span class='ocr_line' id='line_1_65' title="bbox 561 3541 2146 3619; baseline -0.003 -14"><span class='ocrx_word' id='word_1_432' title='bbox 561 3561 566 3565; x_wconf 87' lang='lat'><strong><em>&#39;</em></strong></span> <span class='ocrx_word' id='word_1_433' title='bbox 628 3549 788 3605; x_wconf 89' lang='lat' dir='ltr'><strong>Anno</strong></span> <span class='ocrx_word' id='word_1_434' title='bbox 827 3549 1047 3619; x_wconf 88' lang='lat' dir='ltr'><strong>imperii</strong></span> <span class='ocrx_word' id='word_1_435' title='bbox 1093 3545 1391 3616; x_wconf 83' lang='lat' dir='ltr'><strong>Nicephori</strong></span> <span class='ocrx_word' id='word_1_436' title='bbox 1433 3545 1624 3610; x_wconf 89' lang='lat' dir='ltr'><strong>tertio,</strong></span> <span class='ocrx_word' id='word_1_437' title='bbox 1675 3541 1955 3600; x_wconf 89' lang='lat' dir='ltr'><strong>simultate</strong></span> <span class='ocrx_word' id='word_1_438' title='bbox 2005 3545 2146 3601; x_wconf 89' lang='lat' dir='ltr'><strong>facta</strong></span> 
     </span>
    </p>
   </div>
   <div class='ocr_carea' id='block_1_66' title="bbox 558 3637 2140 3707">
    <p class='ocr_par' dir='ltr' id='par_1_66' title="bbox 558 3637 2140 3707">
     <span class='ocr_line' id='line_1_66' title="bbox 558 3637 2140 3707; baseline -0.003 -10"><span class='ocrx_word' id='word_1_439' title='bbox 558 3643 615 3697; x_wconf 92' lang='lat' dir='ltr'><strong>in</strong></span> <span class='ocrx_word' id='word_1_440' title='bbox 665 3641 905 3706; x_wconf 84' lang='lat' dir='ltr'><strong>Persica,</strong></span> <span class='ocrx_word' id='word_1_441' title='bbox 947 3638 1236 3695; x_wconf 87' lang='lat' dir='ltr'><strong>descendit</strong></span> <span class='ocrx_word' id='word_1_442' title='bbox 1293 3637 1537 3692; x_wconf 83' lang='lat' dir='ltr'><strong>Arabum</strong></span> <span class='ocrx_word' id='word_1_443' title='bbox 1589 3637 1700 3691; x_wconf 77' lang='lat' dir='ltr'><strong>dux</strong></span> <span class='ocrx_word' id='word_1_444' title='bbox 1744 3637 2140 3707; x_wconf 83' lang='lat' dir='ltr'><strong>pacificaturus</strong></span> 
     </span>
    </p>
   </div>
   <div class='ocr_carea' id='block_1_67' title="bbox 557 3729 2147 3805">
    <p class='ocr_par' dir='ltr' id='par_1_67' title="bbox 557 3729 2147 3805">
     <span class='ocr_line' id='line_1_67' title="bbox 557 3729 2147 3805; baseline -0.004 -13"><span class='ocrx_word' id='word_1_445' title='bbox 557 3749 674 3792; x_wconf 89' lang='lat' dir='ltr'><strong>eos.</strong></span> <span class='ocrx_word' id='word_1_446' title='bbox 724 3735 1069 3805; x_wconf 87' lang='lat' dir='ltr'><strong>Nicephorus</strong></span> <span class='ocrx_word' id='word_1_447' title='bbox 1113 3741 1298 3786; x_wconf 90' lang='lat' dir='ltr'><strong>autem</strong></span> <span class='ocrx_word' id='word_1_448' title='bbox 1356 3730 1536 3802; x_wconf 88' lang='lat' dir='ltr'><strong>spatio</strong></span> <span class='ocrx_word' id='word_1_449' title='bbox 1588 3738 1811 3801; x_wconf 88' lang='lat' dir='ltr'><strong>reperto</strong></span> <span class='ocrx_word' id='word_1_450' title='bbox 1853 3729 2147 3785; x_wconf 79' lang='lat' dir='ltr'><strong>:ediﬁeavit</strong></span> 
     </span>
    </p>
   </div>
   <div class='ocr_carea' id='block_1_68' title="bbox 558 3819 2146 3897">
    <p class='ocr_par' dir='ltr' id='par_1_68' title="bbox 558 3819 2146 3897">
     <span class='ocr_line' id='line_1_68' title="bbox 558 3819 2146 3897; baseline -0.004 -16"><span class='ocrx_word' id='word_1_451' title='bbox 558 3826 833 3897; x_wconf 89' lang='lat' dir='ltr'><strong>Ancyram</strong></span> <span class='ocrx_word' id='word_1_452' title='bbox 862 3823 1088 3879; x_wconf 67' lang='lat' dir='ltr'><strong>Galatiae</strong></span> <span class='ocrx_word' id='word_1_453' title='bbox 1112 3831 1168 3878; x_wconf 89' lang='lat' dir='ltr'><strong>et</strong></span> <span class='ocrx_word' id='word_1_454' title='bbox 1195 3821 1486 3876; x_wconf 86' lang='lat' dir='ltr'><strong>Thcbasau</strong></span> <span class='ocrx_word' id='word_1_455' title='bbox 1512 3831 1569 3876; x_wconf 88' lang='lat' dir='ltr'><strong>et</strong></span> <span class='ocrx_word' id='word_1_456' title='bbox 1615 3819 1950 3876; x_wconf 90' lang='lat' dir='ltr'><strong>Andrasum.</strong></span> <span class='ocrx_word' id='word_1_457' title='bbox 1998 3820 2146 3876; x_wconf 84' lang='lat' dir='ltr'><strong>Misit</strong></span> 
     </span>
    </p>
   </div>
   <div class='ocr_carea' id='block_1_69' title="bbox 559 3915 2140 3986">
    <p class='ocr_par' dir='ltr' id='par_1_69' title="bbox 559 3915 2140 3986">
     <span class='ocr_line' id='line_1_69' title="bbox 559 3915 2140 3986; baseline -0.002 -13"><span class='ocrx_word' id='word_1_458' title='bbox 559 3920 724 3974; x_wconf 90' lang='lat' dir='ltr'><strong>etiam</strong></span> <span class='ocrx_word' id='word_1_459' title='bbox 753 3928 808 3973; x_wconf 89' lang='lat' dir='ltr'><strong>et</strong></span> <span class='ocrx_word' id='word_1_460' title='bbox 836 3933 1054 3981; x_wconf 86' lang='lat' dir='ltr'><strong>cursus,</strong></span> <span class='ocrx_word' id='word_1_461' title='bbox 1089 3916 1183 3986; x_wconf 90' lang='lat' dir='ltr'><strong>qui</strong></span> <span class='ocrx_word' id='word_1_462' title='bbox 1210 3923 1568 3970; x_wconf 89' lang='lat' dir='ltr'><strong>revertuntur</strong></span> <span class='ocrx_word' id='word_1_463' title='bbox 1593 3915 1732 3969; x_wconf 89' lang='lat' dir='ltr'><strong>nihil</strong></span> <span class='ocrx_word' id='word_1_464' title='bbox 1763 3916 2140 3986; x_wconf 84' lang='lat' dir='ltr'><strong>proficientes,</strong></span> 
     </span>
    </p>
   </div>
   <div class='ocr_carea' id='block_1_70' title="bbox 560 4007 1888 4078">
    <p class='ocr_par' dir='ltr' id='par_1_70' title="bbox 560 4007 1888 4078">
     <span class='ocr_line' id='line_1_70' title="bbox 560 4007 1888 4078; baseline -0.005 -11"><span class='ocrx_word' id='word_1_465' title='bbox 560 4009 658 4067; x_wconf 77' lang='lat' dir='ltr'><strong>Sed</strong></span> <span class='ocrx_word' id='word_1_466' title='bbox 687 4021 742 4066; x_wconf 91' lang='lat' dir='ltr'><strong>et</strong></span> <span class='ocrx_word' id='word_1_467' title='bbox 769 4019 959 4064; x_wconf 90' lang='lat' dir='ltr'><strong>contra</strong></span> <span class='ocrx_word' id='word_1_468' title='bbox 991 4008 1177 4078; x_wconf 88' lang='lat' dir='ltr'><strong>potius</strong></span> <span class='ocrx_word' id='word_1_469' title='bbox 1206 4007 1480 4078; x_wconf 89' lang='lat' dir='ltr'><strong>plurimos</strong></span> <span class='ocrx_word' id='word_1_470' title='bbox 1511 4007 1888 4062; x_wconf 88' lang='lat' dir='ltr'><strong>admittentes.</strong></span> 
     </span>
    </p>
   </div>
   <div class='ocr_carea' id='block_1_71' title="bbox 574 4101 2146 4174">
    <p class='ocr_par' dir='ltr' id='par_1_71' title="bbox 574 4101 2146 4174">
     <span class='ocr_line' id='line_1_71' title="bbox 574 4101 2146 4174; baseline -0.001 -14"><span class='ocrx_word' id='word_1_471' title='bbox 574 4119 578 4124; x_wconf 84' lang='lat'>&#39;</span> <span class='ocrx_word' id='word_1_472' title='bbox 635 4105 795 4160; x_wconf 90' lang='lat' dir='ltr'><strong>Anno</strong></span> <span class='ocrx_word' id='word_1_473' title='bbox 827 4101 1048 4174; x_wconf 90' lang='lat' dir='ltr'><strong>imperii</strong></span> <span class='ocrx_word' id='word_1_474' title='bbox 1093 4101 1391 4173; x_wconf 86' lang='lat' dir='ltr'><strong>Nieephori</strong></span> <span class='ocrx_word' id='word_1_475' title='bbox 1427 4111 1646 4172; x_wconf 89' lang='lat' dir='ltr'><strong>quarto,</strong></span> <span class='ocrx_word' id='word_1_476' title='bbox 1676 4102 2007 4158; x_wconf 90' lang='lat' dir='ltr'><strong>duodecimo</strong></span> <span class='ocrx_word' id='word_1_477' title='bbox 2037 4103 2146 4158; x_wconf 82' lang='lat' dir='ltr'><strong>Ka-</strong></span> 
     </span>
    </p>
   </div>
   <div class='ocr_carea' id='block_1_72' title="bbox 563 4191 2147 4263">
    <p class='ocr_par' dir='ltr' id='par_1_72' title="bbox 563 4191 2147 4263">
     <span class='ocr_line' id='line_1_72' title="bbox 563 4191 2147 4263; baseline -0.003 -11"><span class='ocrx_word' id='word_1_478' title='bbox 563 4197 758 4253; x_wconf 85' lang='lat' dir='ltr'><strong>lendas</strong></span> <span class='ocrx_word' id='word_1_479' title='bbox 812 4194 1056 4260; x_wconf 85' lang='lat' dir='ltr'><strong>Martias,</strong></span> <span class='ocrx_word' id='word_1_480' title='bbox 1089 4193 1354 4248; x_wconf 88' lang='lat' dir='ltr'><strong>Tarasius</strong></span> <span class='ocrx_word' id='word_1_481' title='bbox 1397 4191 1782 4247; x_wconf 87' lang='lat' dir='ltr'><strong>sanctissimus</strong></span> <span class='ocrx_word' id='word_1_482' title='bbox 1834 4193 2147 4263; x_wconf 87' lang='lat' dir='ltr'><strong>patriarcha</strong></span> 
     </span>
    </p>
   </div>
   <div class='ocr_carea' id='block_1_73' title="bbox 563 4285 2148 4357">
    <p class='ocr_par' dir='ltr' id='par_1_73' title="bbox 563 4285 2148 4357">
     <span class='ocr_line' id='line_1_73' title="bbox 563 4285 2148 4357; baseline -0.004 -10"><span class='ocrx_word' id='word_1_483' title='bbox 563 4287 1215 4356; x_wconf 75' lang='lat' dir='ltr'><strong>Constantinopolitanus</strong></span> <span class='ocrx_word' id='word_1_484' title='bbox 1266 4286 1506 4357; x_wconf 88' lang='lat' dir='ltr'><strong>gloriose</strong></span> <span class='ocrx_word' id='word_1_485' title='bbox 1551 4285 1698 4340; x_wconf 89' lang='lat' dir='ltr'><strong>diem</strong></span> <span class='ocrx_word' id='word_1_486' title='bbox 1735 4285 1936 4340; x_wconf 91' lang='lat' dir='ltr'><strong>clausit</strong></span> <span class='ocrx_word' id='word_1_487' title='bbox 1962 4293 2148 4340; x_wconf 82' lang='lat' dir='ltr'><strong>extre-</strong></span> 
     </span>
    </p>
   </div>
   <div class='ocr_carea' id='block_1_74' title="bbox 565 4378 2143 4450">
    <p class='ocr_par' dir='ltr' id='par_1_74' title="bbox 565 4378 2143 4450">
     <span class='ocr_line' id='line_1_74' title="bbox 565 4378 2143 4450; baseline -0.003 -15"><span class='ocrx_word' id='word_1_488' title='bbox 565 4397 738 4446; x_wconf 89' lang='lat' dir='ltr'><strong>mum,</strong></span> <span class='ocrx_word' id='word_1_489' title='bbox 778 4389 834 4434; x_wconf 91' lang='lat' dir='ltr'><strong>et</strong></span> <span class='ocrx_word' id='word_1_490' title='bbox 863 4380 1068 4433; x_wconf 90' lang='lat' dir='ltr'><strong>elatum</strong></span> <span class='ocrx_word' id='word_1_491' title='bbox 1102 4387 1186 4432; x_wconf 92' lang='lat' dir='ltr'><strong>est</strong></span> <span class='ocrx_word' id='word_1_492' title='bbox 1247 4378 1521 4448; x_wconf 89' lang='lat' dir='ltr'><strong>lipsanum</strong></span> <span class='ocrx_word' id='word_1_493' title='bbox 1566 4380 1687 4450; x_wconf 86' lang='lat' dir='ltr'><strong>ejus</strong></span> <span class='ocrx_word' id='word_1_494' title='bbox 1731 4379 1788 4432; x_wconf 91' lang='lat' dir='ltr'><strong>in</strong></span> <span class='ocrx_word' id='word_1_495' title='bbox 1851 4388 2143 4448; x_wconf 87' lang='lat' dir='ltr'><strong>angustum</strong></span> 
     </span>
    </p>
   </div>
   <div class='ocr_carea' id='block_1_75' title="bbox 565 4469 2149 4548">
    <p class='ocr_par' dir='ltr' id='par_1_75' title="bbox 565 4469 2149 4548">
     <span class='ocr_line' id='line_1_75' title="bbox 565 4469 2149 4548; baseline -0.002 -19"><span class='ocrx_word' id='word_1_496' title='bbox 565 4474 743 4548; x_wconf 91' lang='lat' dir='ltr'><strong>ponti,</strong></span> <span class='ocrx_word' id='word_1_497' title='bbox 771 4482 827 4528; x_wconf 90' lang='lat' dir='ltr'><strong>et</strong></span> <span class='ocrx_word' id='word_1_498' title='bbox 885 4472 1162 4542; x_wconf 90' lang='lat' dir='ltr'><strong>sepultum</strong></span> <span class='ocrx_word' id='word_1_499' title='bbox 1210 4478 1297 4526; x_wconf 90' lang='lat' dir='ltr'><strong>est</strong></span> <span class='ocrx_word' id='word_1_500' title='bbox 1345 4471 1401 4524; x_wconf 91' lang='lat' dir='ltr'><strong>in</strong></span> <span class='ocrx_word' id='word_1_501' title='bbox 1454 4469 1789 4524; x_wconf 89' lang='lat' dir='ltr'><strong>monasterio</strong></span> <span class='ocrx_word' id='word_1_502' title='bbox 1827 4469 1974 4540; x_wconf 90' lang='lat' dir='ltr'><strong>quod</strong></span> <span class='ocrx_word' id='word_1_503' title='bbox 2033 4469 2149 4539; x_wconf 87' lang='lat' dir='ltr'><strong>ipse</strong></span> 
     </span>
    </p>
   </div>
   <div class='ocr_carea' id='block_1_76' title="bbox 571 4561 2150 4636">
    <p class='ocr_par' dir='ltr' id='par_1_76' title="bbox 571 4561 2150 4636">
     <span class='ocr_line' id='line_1_76' title="bbox 571 4561 2150 4636; baseline -0.004 -11"><span class='ocrx_word' id='word_1_504' title='bbox 571 4573 977 4630; x_wconf 83' lang='lat' dir='ltr'><strong>construxerat,</strong></span> <span class='ocrx_word' id='word_1_505' title='bbox 1011 4571 1206 4636; x_wconf 90' lang='lat' dir='ltr'><strong>quarta</strong></span> <span class='ocrx_word' id='word_1_506' title='bbox 1240 4561 1378 4618; x_wconf 88' lang='lat' dir='ltr'><strong>feria</strong></span> <span class='ocrx_word' id='word_1_507' title='bbox 1430 4561 1626 4635; x_wconf 63' lang='lat' dir='ltr'><strong>prima:</strong></span> <span class='ocrx_word' id='word_1_508' title='bbox 1655 4562 1992 4634; x_wconf 89' lang='lat' dir='ltr'><strong>jejuniorum</strong></span> <span class='ocrx_word' id='word_1_509' title='bbox 2048 4562 2150 4618; x_wconf 76' lang='lat' dir='ltr'><strong>he-</strong></span> 
     </span>
    </p>
   </div>
   <div class='ocr_carea' id='block_1_77' title="bbox 574 4653 2153 4726">
    <p class='ocr_par' dir='ltr' id='par_1_77' title="bbox 574 4653 2153 4726">
     <span class='ocr_line' id='line_1_77' title="bbox 574 4653 2153 4726; baseline -0.005 -10"><span class='ocrx_word' id='word_1_510' title='bbox 574 4659 883 4716; x_wconf 89' lang='lat' dir='ltr'><strong>bdomadis.</strong></span> <span class='ocrx_word' id='word_1_511' title='bbox 917 4657 986 4712; x_wconf 85' lang='lat' dir='ltr'><strong>Et</strong></span> <span class='ocrx_word' id='word_1_512' title='bbox 1010 4671 1199 4711; x_wconf 90' lang='lat' dir='ltr'><strong>mense</strong></span> <span class='ocrx_word' id='word_1_513' title='bbox 1254 4655 1452 4726; x_wconf 88' lang='lat' dir='ltr'><strong>Aprili,</strong></span> <span class='ocrx_word' id='word_1_514' title='bbox 1485 4653 1576 4710; x_wconf 91' lang='lat' dir='ltr'><strong>die</strong></span> <span class='ocrx_word' id='word_1_515' title='bbox 1629 4655 1917 4709; x_wconf 87' lang='lat' dir='ltr'><strong>Dominico</strong></span> <span class='ocrx_word' id='word_1_516' title='bbox 1975 4653 2153 4709; x_wconf 88' lang='lat' dir='ltr'><strong>sancti</strong></span> 
     </span>
    </p>
   </div>
   <div class='ocr_carea' id='block_1_78' title="bbox 569 4745 2148 4818">
    <p class='ocr_par' dir='ltr' id='par_1_78' title="bbox 569 4745 2148 4818">
     <span class='ocr_line' id='line_1_78' title="bbox 569 4745 2148 4818; baseline -0.004 -11"><span class='ocrx_word' id='word_1_517' title='bbox 569 4751 814 4818; x_wconf 74' lang='lat' dir='ltr'><strong>Pasebae,</strong></span> <span class='ocrx_word' id='word_1_518' title='bbox 857 4758 1216 4806; x_wconf 90' lang='lat' dir='ltr'><strong>consecratus</strong></span> <span class='ocrx_word' id='word_1_519' title='bbox 1277 4757 1361 4802; x_wconf 88' lang='lat' dir='ltr'><strong>est</strong></span> <span class='ocrx_word' id='word_1_520' title='bbox 1411 4745 1798 4802; x_wconf 87' lang='lat' dir='ltr'><strong>sanctissimus</strong></span> <span class='ocrx_word' id='word_1_521' title='bbox 1833 4746 2148 4816; x_wconf 80' lang='lat' dir='ltr'><strong>patriarcha</strong></span> 
     </span>
    </p>
   </div>
   <div class='ocr_carea' id='block_1_79' title="bbox 571 4837 2157 4912">
    <p class='ocr_par' dir='ltr' id='par_1_79' title="bbox 571 4837 2157 4912">
     <span class='ocr_line' id='line_1_79' title="bbox 571 4837 2157 4912; baseline -0.003 -15"><span class='ocrx_word' id='word_1_522' title='bbox 571 4842 915 4912; x_wconf 87' lang='lat' dir='ltr'><strong>Nicephorus</strong></span> <span class='ocrx_word' id='word_1_523' title='bbox 953 4855 986 4894; x_wconf 88' lang='lat' dir='ltr'><strong>a</strong></span> <span class='ocrx_word' id='word_1_524' title='bbox 1024 4838 1281 4903; x_wconf 85' lang='lat' dir='ltr'><strong>secretis,</strong></span> <span class='ocrx_word' id='word_1_525' title='bbox 1333 4837 1605 4893; x_wconf 89' lang='lat' dir='ltr'><strong>electione</strong></span> <span class='ocrx_word' id='word_1_526' title='bbox 1647 4837 1815 4892; x_wconf 89' lang='lat' dir='ltr'><strong>totius</strong></span> <span class='ocrx_word' id='word_1_527' title='bbox 1854 4838 2042 4909; x_wconf 89' lang='lat' dir='ltr'><strong>populi</strong></span> <span class='ocrx_word' id='word_1_528' title='bbox 2091 4853 2157 4892; x_wconf 88' lang='lat' dir='ltr'><strong>ac</strong></span> 
     </span>
    </p>
   </div>
   <div class='ocr_carea' id='block_1_80' title="bbox 574 4931 2158 5002">
    <p class='ocr_par' dir='ltr' id='par_1_80' title="bbox 574 4931 2158 5002">
     <span class='ocr_line' id='line_1_80' title="bbox 574 4931 2158 5002; baseline -0.002 -13"><span class='ocrx_word' id='word_1_529' title='bbox 574 4934 925 4989; x_wconf 89' lang='lat' dir='ltr'><strong>sacerdotum</strong></span> <span class='ocrx_word' id='word_1_530' title='bbox 956 4932 1183 5002; x_wconf 91' lang='lat' dir='ltr'><strong>insuper</strong></span> <span class='ocrx_word' id='word_1_531' title='bbox 1213 4939 1265 4987; x_wconf 90' lang='lat' dir='ltr'><strong>et</strong></span> <span class='ocrx_word' id='word_1_532' title='bbox 1294 4932 1714 5002; x_wconf 88' lang='lat' dir='ltr'><strong>imperatorum.</strong></span> <span class='ocrx_word' id='word_1_533' title='bbox 1739 4931 1882 4986; x_wconf 86' lang='lat' dir='ltr'><strong>Sane</strong></span> <span class='ocrx_word' id='word_1_534' title='bbox 1911 4931 2064 4985; x_wconf 87' lang='lat' dir='ltr'><strong>Plato</strong></span> <span class='ocrx_word' id='word_1_535' title='bbox 2094 4946 2158 4986; x_wconf 87' lang='lat' dir='ltr'><strong>ac</strong></span> 
     </span>
    </p>
   </div>
   <div class='ocr_carea' id='block_1_81' title="bbox 575 5023 2160 5094">
    <p class='ocr_par' dir='ltr' id='par_1_81' title="bbox 575 5023 2160 5094">
     <span class='ocr_line' id='line_1_81' title="bbox 575 5023 2160 5094; baseline -0.004 -12"><span class='ocrx_word' id='word_1_536' title='bbox 575 5023 908 5082; x_wconf 86' lang='lat' dir='ltr'><strong>Theodorus</strong></span> <span class='ocrx_word' id='word_1_537' title='bbox 959 5024 1256 5094; x_wconf 82' lang='lat' dir='ltr'><strong>begumeni</strong></span> <span class='ocrx_word' id='word_1_538' title='bbox 1297 5024 1621 5079; x_wconf 90' lang='lat' dir='ltr'><strong>monasterii</strong></span> <span class='ocrx_word' id='word_1_539' title='bbox 1661 5023 1846 5079; x_wconf 87' lang='lat' dir='ltr'><strong>Studii</strong></span> <span class='ocrx_word' id='word_1_540' title='bbox 1888 5037 1998 5078; x_wconf 91' lang='lat' dir='ltr'><strong>non</strong></span> <span class='ocrx_word' id='word_1_541' title='bbox 2029 5039 2160 5078; x_wconf 87' lang='lat' dir='ltr'><strong>con—</strong></span> 
     </span>
    </p>
   </div>
   <div class='ocr_carea' id='block_1_82' title="bbox 577 5115 2160 5188">
    <p class='ocr_par' dir='ltr' id='par_1_82' title="bbox 577 5115 2160 5188">
     <span class='ocr_line' id='line_1_82' title="bbox 577 5115 2160 5188; baseline -0.004 -11"><span class='ocrx_word' id='word_1_542' title='bbox 577 5126 875 5177; x_wconf 88' lang='lat' dir='ltr'><strong>senserunt</strong></span> <span class='ocrx_word' id='word_1_543' title='bbox 926 5117 1326 5171; x_wconf 89' lang='lat' dir='ltr'><strong>eonseeratioui</strong></span> <span class='ocrx_word' id='word_1_544' title='bbox 1369 5115 1689 5188; x_wconf 84' lang='lat' dir='ltr'><strong>Nicephori,</strong></span> <span class='ocrx_word' id='word_1_545' title='bbox 1723 5117 1817 5170; x_wconf 88' lang='lat' dir='ltr'><strong>sed</strong></span> <span class='ocrx_word' id='word_1_546' title='bbox 1853 5124 1909 5171; x_wconf 92' lang='lat' dir='ltr'><strong>et</strong></span> <span class='ocrx_word' id='word_1_547' title='bbox 1958 5115 2160 5186; x_wconf 87' lang='lat' dir='ltr'><strong>oppido</strong></span> 
     </span>
    </p>
   </div>
   <div class='ocr_carea' id='block_1_83' title="bbox 578 5208 2160 5276">
    <p class='ocr_par' dir='ltr' id='par_1_83' title="bbox 578 5208 2160 5276">
     <span class='ocr_line' id='line_1_83' title="bbox 578 5208 2160 5276; baseline -0.004 -7"><span class='ocrx_word' id='word_1_548' title='bbox 578 5211 927 5276; x_wconf 89' lang='lat' dir='ltr'><strong>restiterunt,</strong></span> <span class='ocrx_word' id='word_1_549' title='bbox 965 5209 1204 5264; x_wconf 89' lang='lat' dir='ltr'><strong>schisma</strong></span> <span class='ocrx_word' id='word_1_550' title='bbox 1227 5209 1580 5273; x_wconf 86' lang='lat' dir='ltr'><strong>meditantes,</strong></span> <span class='ocrx_word' id='word_1_551' title='bbox 1612 5224 1834 5264; x_wconf 88' lang='lat' dir='ltr'><strong>causam</strong></span> <span class='ocrx_word' id='word_1_552' title='bbox 1873 5208 2039 5262; x_wconf 88' lang='lat' dir='ltr'><strong>veluti</strong></span> <span class='ocrx_word' id='word_1_553' title='bbox 2070 5224 2160 5262; x_wconf 89' lang='lat' dir='ltr'><strong>ra-</strong></span> 
     </span>
    </p>
   </div>
   <div class='ocr_carea' id='block_1_84' title="bbox 487 5297 2164 5374">
    <p class='ocr_par' dir='ltr' id='par_1_84' title="bbox 487 5297 2164 5374">
     <span class='ocr_line' id='line_1_84' title="bbox 487 5297 2164 5374; baseline -0.005 -15"><span class='ocrx_word' id='word_1_554' title='bbox 487 5369 491 5374; x_wconf 27' lang='grc' dir='ltr'>τ</span> <span class='ocrx_word' id='word_1_555' title='bbox 580 5298 905 5359; x_wconf 79' lang='lat' dir='ltr'><strong>tionabilem</strong></span> <span class='ocrx_word' id='word_1_556' title='bbox 941 5299 1232 5364; x_wconf 88' lang='lat' dir='ltr'><strong>habentes,</strong></span> <span class='ocrx_word' id='word_1_557' title='bbox 1263 5297 1410 5368; x_wconf 91' lang='lat' dir='ltr'><strong>quod</strong></span> <span class='ocrx_word' id='word_1_558' title='bbox 1441 5313 1510 5353; x_wconf 78' lang='lat' dir='ltr'><strong>ex</strong></span> <span class='ocrx_word' id='word_1_559' title='bbox 1560 5297 1716 5354; x_wconf 91' lang='lat' dir='ltr'><strong>laicis</strong></span> <span class='ocrx_word' id='word_1_560' title='bbox 1749 5315 1860 5353; x_wconf 90' lang='lat' dir='ltr'><strong>non</strong></span> <span class='ocrx_word' id='word_1_561' title='bbox 1909 5305 2164 5368; x_wconf 89' lang='lat' dir='ltr'><strong>oporteat</strong></span> 
     </span>
    </p>
   </div>
   <div class='ocr_carea' id='block_1_85' title="bbox 581 5391 2164 5469">
    <p class='ocr_par' dir='ltr' id='par_1_85' title="bbox 581 5391 2164 5469">
     <span class='ocr_line' id='line_1_85' title="bbox 581 5391 2164 5469; baseline -0.004 -17"><span class='ocrx_word' id='word_1_562' title='bbox 581 5405 813 5469; x_wconf 90' lang='lat' dir='ltr'><strong>repente</strong></span> <span class='ocrx_word' id='word_1_563' title='bbox 841 5395 907 5450; x_wconf 91' lang='lat' dir='ltr'><strong>ad</strong></span> <span class='ocrx_word' id='word_1_564' title='bbox 934 5395 1312 5465; x_wconf 87' lang='lat' dir='ltr'><strong>episcopatum</strong></span> <span class='ocrx_word' id='word_1_565' title='bbox 1342 5391 1669 5448; x_wconf 88' lang='lat' dir='ltr'><strong>accelerare.</strong></span> <span class='ocrx_word' id='word_1_566' title='bbox 1689 5392 1836 5459; x_wconf 88' lang='lat' dir='ltr'><strong>Quos</strong></span> <span class='ocrx_word' id='word_1_567' title='bbox 1865 5391 2164 5462; x_wconf 86' lang='lat' dir='ltr'><strong>imperator</strong></span> 
     </span>
    </p>
   </div>
   <div class='ocr_carea' id='block_1_86' title="bbox 582 5486 2164 5559">
    <p class='ocr_par' dir='ltr' id='par_1_86' title="bbox 582 5486 2164 5559">
     <span class='ocr_line' id='line_1_86' title="bbox 582 5486 2164 5559; baseline -0.003 -15"><span class='ocrx_word' id='word_1_568' title='bbox 582 5489 927 5559; x_wconf 83' lang='lat' dir='ltr'><strong>Nicephorus</strong></span> <span class='ocrx_word' id='word_1_569' title='bbox 959 5489 1094 5543; x_wconf 89' lang='lat' dir='ltr'><strong>urbe</strong></span> <span class='ocrx_word' id='word_1_570' title='bbox 1124 5487 1331 5558; x_wconf 91' lang='lat' dir='ltr'><strong>pellere</strong></span> <span class='ocrx_word' id='word_1_571' title='bbox 1367 5486 1557 5540; x_wconf 90' lang='lat' dir='ltr'><strong>volens</strong></span> <span class='ocrx_word' id='word_1_572' title='bbox 1583 5492 1866 5540; x_wconf 89' lang='lat' dir='ltr'><strong>correctus</strong></span> <span class='ocrx_word' id='word_1_573' title='bbox 1908 5492 2013 5548; x_wconf 91' lang='lat' dir='ltr'><strong>est,</strong></span> <span class='ocrx_word' id='word_1_574' title='bbox 2037 5486 2164 5554; x_wconf 91' lang='lat' dir='ltr'><strong>qui-</strong></span> 
     </span>
    </p>
   </div>
   <div class='ocr_carea' id='block_1_87' title="bbox 583 5576 2166 5658">
    <p class='ocr_par' dir='ltr' id='par_1_87' title="bbox 583 5576 2166 5658">
     <span class='ocr_line' id='line_1_87' title="bbox 583 5576 2166 5658; baseline -0.001 -24"><span class='ocrx_word' id='word_1_575' title='bbox 583 5581 816 5658; x_wconf 73' lang='lat' dir='ltr'><strong>bus-dam</strong></span> <span class='ocrx_word' id='word_1_576' title='bbox 850 5581 1144 5636; x_wconf 90' lang='lat' dir='ltr'><strong>consilium</strong></span> <span class='ocrx_word' id='word_1_577' title='bbox 1176 5579 1458 5646; x_wconf 85' lang='lat' dir='ltr'><strong>dantibus,</strong></span> <span class='ocrx_word' id='word_1_578' title='bbox 1502 5577 1868 5633; x_wconf 85' lang='lat' dir='ltr'><strong>asseverando</strong></span> <span class='ocrx_word' id='word_1_579' title='bbox 1905 5592 2014 5631; x_wconf 91' lang='lat' dir='ltr'><strong>non</strong></span> <span class='ocrx_word' id='word_1_580' title='bbox 2049 5576 2166 5633; x_wconf 90' lang='lat' dir='ltr'><strong>fore</strong></span> 
     </span>
    </p>
   </div>
   <div class='ocr_carea' id='block_1_88' title="bbox 585 5666 2162 5740">
    <p class='ocr_par' dir='ltr' id='par_1_88' title="bbox 585 5666 2162 5740">
     <span class='ocr_line' id='line_1_88' title="bbox 585 5666 2162 5740; baseline 0.001 -21"><span class='ocrx_word' id='word_1_581' title='bbox 585 5666 921 5721; x_wconf 82' lang='lat' dir='ltr'><strong>laudabilem</strong></span> <span class='ocrx_word' id='word_1_582' title='bbox 951 5667 1278 5739; x_wconf 74' lang='lat' dir='ltr'><strong>patriarcha:</strong></span> <span class='ocrx_word' id='word_1_583' title='bbox 1315 5669 1676 5740; x_wconf 75' lang='lat' dir='ltr'><strong>creationem,</strong></span> <span class='ocrx_word' id='word_1_584' title='bbox 1701 5667 1746 5722; x_wconf 88' lang='lat' dir='ltr'><strong>si</strong></span> <span class='ocrx_word' id='word_1_585' title='bbox 1775 5666 2162 5737; x_wconf 64' lang='lat' dir='ltr'><strong>praedictorum</strong></span> 
     </span>
    </p>
   </div>
   <div class='ocr_carea' id='block_1_89' title="bbox 587 5757 2161 5829">
    <p class='ocr_par' dir='ltr' id='par_1_89' title="bbox 587 5757 2161 5829">
     <span class='ocr_line' id='line_1_89' title="bbox 587 5757 2161 5829; baseline 0.003 -20"><span class='ocrx_word' id='word_1_586' title='bbox 587 5757 813 5829; x_wconf 86' lang='lat' dir='ltr'><strong>rejectio</strong></span> <span class='ocrx_word' id='word_1_587' title='bbox 845 5764 902 5810; x_wconf 91' lang='lat' dir='ltr'><strong>et</strong></span> <span class='ocrx_word' id='word_1_588' title='bbox 947 5761 1082 5814; x_wconf 86' lang='lat' dir='ltr'><strong>tanti</strong></span> <span class='ocrx_word' id='word_1_589' title='bbox 1141 5759 1443 5817; x_wconf 83' lang='lat' dir='ltr'><strong>destructio</strong></span> <span class='ocrx_word' id='word_1_590' title='bbox 1489 5759 1644 5815; x_wconf 80' lang='lat' dir='ltr'><strong>ﬁeret</strong></span> <span class='ocrx_word' id='word_1_591' title='bbox 1687 5759 2045 5825; x_wconf 87' lang='lat' dir='ltr'><strong>monasterii,</strong></span> <span class='ocrx_word' id='word_1_592' title='bbox 2079 5772 2161 5814; x_wconf 86' lang='lat' dir='ltr'><strong>se-</strong></span> 
     </span>
    </p>
   </div>
   <div class='ocr_carea' id='block_1_90' title="bbox 2249 3178 3155 3258">
    <p class='ocr_par' dir='ltr' id='par_1_90' title="bbox 2249 3178 3155 3258">
     <span class='ocr_line' id='line_1_90' title="bbox 2249 3178 3155 3258; baseline -0.007 -21"><span class='ocrx_word' id='word_1_593' title='bbox 2249 3182 2466 3258; x_wconf 61' lang='lat' dir='ltr'><strong>escidio</strong></span> <span class='ocrx_word' id='word_1_594' title='bbox 2497 3181 2641 3236; x_wconf 86' lang='lat' dir='ltr'><strong>facto</strong></span> <span class='ocrx_word' id='word_1_595' title='bbox 2667 3178 2856 3252; x_wconf 83' lang='lat' dir='ltr'><strong>pacem</strong></span> <span class='ocrx_word' id='word_1_596' title='bbox 2883 3179 3155 3234; x_wconf 88' lang='lat' dir='ltr'><strong>dissolvit.</strong></span> 
     </span>
    </p>
   </div>
   <div class='ocr_carea' id='block_1_91' title="bbox 2314 3260 3803 3343">
    <p class='ocr_par' dir='ltr' id='par_1_91' title="bbox 2314 3260 3803 3343">
     <span class='ocr_line' id='line_1_91' title="bbox 2314 3260 3803 3343; baseline -0.011 -15"><span class='ocrx_word' id='word_1_597' title='bbox 2314 3275 2473 3329; x_wconf 86' lang='lat' dir='ltr'><strong>Anno</strong></span> <span class='ocrx_word' id='word_1_598' title='bbox 2509 3275 2723 3343; x_wconf 91' lang='lat' dir='ltr'><strong>imperii</strong></span> <span class='ocrx_word' id='word_1_599' title='bbox 2749 3273 2831 3328; x_wconf 91' lang='lat' dir='ltr'><strong>sui</strong></span> <span class='ocrx_word' id='word_1_600' title='bbox 2858 3273 3053 3343; x_wconf 91' lang='lat' dir='ltr'><strong>quinto</strong></span> <span class='ocrx_word' id='word_1_601' title='bbox 3081 3279 3266 3326; x_wconf 81' lang='lat' dir='ltr'><strong>castra</strong></span> <span class='ocrx_word' id='word_1_602' title='bbox 3291 3267 3462 3322; x_wconf 91' lang='lat' dir='ltr'><strong>movit</strong></span> <span class='ocrx_word' id='word_1_603' title='bbox 3481 3260 3803 3331; x_wconf 71' lang='lat' dir='ltr'><strong>Nicephorus</strong></span> 
     </span>
    </p>
   </div>
   <div class='ocr_carea' id='block_1_92' title="bbox 2247 3351 3799 3438">
    <p class='ocr_par' dir='ltr' id='par_1_92' title="bbox 2247 3351 3799 3438">
     <span class='ocr_line' id='line_1_92' title="bbox 2247 3351 3799 3438; baseline -0.012 -17"><span class='ocrx_word' id='word_1_604' title='bbox 2247 3375 2438 3421; x_wconf 88' lang='lat' dir='ltr'><strong>contra</strong></span> <span class='ocrx_word' id='word_1_605' title='bbox 2472 3363 2755 3438; x_wconf 80' lang='lat' dir='ltr'><strong>Vulgares.</strong></span> <span class='ocrx_word' id='word_1_606' title='bbox 2784 3366 2851 3421; x_wconf 82' lang='lat' dir='ltr'><strong>Et</strong></span> <span class='ocrx_word' id='word_1_607' title='bbox 2894 3380 3021 3420; x_wconf 91' lang='lat' dir='ltr'><strong>cum</strong></span> <span class='ocrx_word' id='word_1_608' title='bbox 3064 3364 3313 3418; x_wconf 84' lang='lat' dir='ltr'><strong>venisset</strong></span> <span class='ocrx_word' id='word_1_609' title='bbox 3359 3351 3799 3424; x_wconf 83' lang='lat' dir='ltr'><strong>Hadrianopolim,</strong></span> 
     </span>
    </p>
   </div>
   <div class='ocr_carea' id='block_1_93' title="bbox 2243 3442 3806 3531">
    <p class='ocr_par' dir='ltr' id='par_1_93' title="bbox 2243 3442 3806 3531">
     <span class='ocr_line' id='line_1_93' title="bbox 2243 3442 3806 3531; baseline -0.011 -17"><span class='ocrx_word' id='word_1_610' title='bbox 2243 3469 2301 3514; x_wconf 90' lang='lat' dir='ltr'><strong>et</strong></span> <span class='ocrx_word' id='word_1_611' title='bbox 2325 3460 2587 3516; x_wconf 90' lang='lat' dir='ltr'><strong>sensisset</strong></span> <span class='ocrx_word' id='word_1_612' title='bbox 2615 3459 2762 3531; x_wconf 89' lang='lat' dir='ltr'><strong>quod</strong></span> <span class='ocrx_word' id='word_1_613' title='bbox 2797 3459 3138 3514; x_wconf 85' lang='lat' dir='ltr'><strong>simultatem</strong></span> <span class='ocrx_word' id='word_1_614' title='bbox 3168 3463 3370 3512; x_wconf 88' lang='lat' dir='ltr'><strong>contra</strong></span> <span class='ocrx_word' id='word_1_615' title='bbox 3394 3469 3452 3509; x_wconf 88' lang='lat' dir='ltr'><strong>se</strong></span> <span class='ocrx_word' id='word_1_616' title='bbox 3484 3442 3806 3520; x_wconf 84' lang='lat' dir='ltr'><strong>imperatorii</strong></span> 
     </span>
    </p>
   </div>
   <div class='ocr_carea' id='block_1_94' title="bbox 2244 3539 3809 3621">
    <p class='ocr_par' dir='ltr' id='par_1_94' title="bbox 2244 3539 3809 3621">
     <span class='ocr_line' id='line_1_94' title="bbox 2244 3539 3809 3621; baseline -0.007 -19"><span class='ocrx_word' id='word_1_617' title='bbox 2244 3547 2498 3606; x_wconf 90' lang='lat' dir='ltr'><strong>homines</strong></span> <span class='ocrx_word' id='word_1_618' title='bbox 2527 3560 2583 3605; x_wconf 93' lang='lat' dir='ltr'><strong>et</strong></span> <span class='ocrx_word' id='word_1_619' title='bbox 2606 3551 2825 3621; x_wconf 88' lang='lat' dir='ltr'><strong>quidam</strong></span> <span class='ocrx_word' id='word_1_620' title='bbox 2850 3565 2917 3605; x_wconf 83' lang='lat' dir='ltr'><strong>ex</strong></span> <span class='ocrx_word' id='word_1_621' title='bbox 2945 3549 3236 3604; x_wconf 90' lang='lat' dir='ltr'><strong>ordinibus</strong></span> <span class='ocrx_word' id='word_1_622' title='bbox 3283 3546 3701 3602; x_wconf 85' lang='lat' dir='ltr'><strong>meditarentur,</strong></span> <span class='ocrx_word' id='word_1_623' title='bbox 3733 3539 3809 3592; x_wconf 83' lang='lat' dir='ltr'><strong>in-</strong></span> 
     </span>
    </p>
   </div>
   <div class='ocr_carea' id='block_1_95' title="bbox 2244 3635 3808 3713">
    <p class='ocr_par' dir='ltr' id='par_1_95' title="bbox 2244 3635 3808 3713">
     <span class='ocr_line' id='line_1_95' title="bbox 2244 3635 3808 3713; baseline -0.008 -16"><span class='ocrx_word' id='word_1_624' title='bbox 2244 3642 2435 3698; x_wconf 76' lang='lat' dir='ltr'><strong>efﬁcax</strong></span> <span class='ocrx_word' id='word_1_625' title='bbox 2467 3642 2771 3713; x_wconf 88' lang='lat' dir='ltr'><strong>repedavit,</strong></span> <span class='ocrx_word' id='word_1_626' title='bbox 2799 3642 2940 3696; x_wconf 90' lang='lat' dir='ltr'><strong>nihil</strong></span> <span class='ocrx_word' id='word_1_627' title='bbox 2963 3641 3284 3708; x_wconf 87' lang='lat' dir='ltr'><strong>proficiens,</strong></span> <span class='ocrx_word' id='word_1_628' title='bbox 3316 3638 3431 3694; x_wconf 85' lang='lat' dir='ltr'><strong>nisi</strong></span> <span class='ocrx_word' id='word_1_629' title='bbox 3458 3635 3604 3708; x_wconf 87' lang='lat' dir='ltr'><strong>quod</strong></span> <span class='ocrx_word' id='word_1_630' title='bbox 3618 3641 3808 3688; x_wconf 77' lang='lat' dir='ltr'><strong>tantum</strong></span> 
     </span>
    </p>
   </div>
   <div class='ocr_carea' id='block_1_96' title="bbox 2245 3715 3808 3796">
    <p class='ocr_par' dir='ltr' id='par_1_96' title="bbox 2245 3715 3808 3796">
     <span class='ocr_line' id='line_1_96' title="bbox 2245 3715 3808 3796; baseline -0.007 -6"><span class='ocrx_word' id='word_1_631' title='bbox 2245 3737 2510 3791; x_wconf 89' lang='lat' dir='ltr'><strong>ultionem</strong></span> <span class='ocrx_word' id='word_1_632' title='bbox 2540 3715 2942 3790; x_wconf 84' lang='lat' dir='ltr'><strong>contribulibus</strong></span> <span class='ocrx_word' id='word_1_633' title='bbox 2963 3735 3169 3796; x_wconf 86' lang='lat' dir='ltr'><strong>intulit,</strong></span> <span class='ocrx_word' id='word_1_634' title='bbox 3197 3734 3412 3788; x_wconf 86' lang='lat' dir='ltr'><strong>borum</strong></span> <span class='ocrx_word' id='word_1_635' title='bbox 3435 3731 3638 3786; x_wconf 88' lang='lat' dir='ltr'><strong>multos</strong></span> <span class='ocrx_word' id='word_1_636' title='bbox 3666 3725 3808 3784; x_wconf 70' lang='lat' dir='ltr'><strong>aedi-</strong></span> 
     </span>
    </p>
   </div>
   <div class='ocr_carea' id='block_1_97' title="bbox 2243 3823 3807 3897">
    <p class='ocr_par' dir='ltr' id='par_1_97' title="bbox 2243 3823 3807 3897">
     <span class='ocr_line' id='line_1_97' title="bbox 2243 3823 3807 3897; baseline -0.008 -13"><span class='ocrx_word' id='word_1_637' title='bbox 2243 3827 2368 3892; x_wconf 90' lang='lat' dir='ltr'><strong>bus,</strong></span> <span class='ocrx_word' id='word_1_638' title='bbox 2393 3827 2605 3882; x_wconf 84' lang='lat' dir='ltr'><strong>exsiliis</strong></span> <span class='ocrx_word' id='word_1_639' title='bbox 2639 3835 2695 3882; x_wconf 91' lang='lat' dir='ltr'><strong>et</strong></span> <span class='ocrx_word' id='word_1_640' title='bbox 2721 3826 3223 3897; x_wconf 89' lang='lat' dir='ltr'><strong>proscriptionibus</strong></span> <span class='ocrx_word' id='word_1_641' title='bbox 3249 3840 3451 3881; x_wconf 86' lang='lat' dir='ltr'><strong>rerum</strong></span> <span class='ocrx_word' id='word_1_642' title='bbox 3481 3823 3807 3878; x_wconf 81' lang='lat' dir='ltr'><strong>submittens.</strong></span> 
     </span>
    </p>
   </div>
   <div class='ocr_carea' id='block_1_98' title="bbox 2313 3917 3812 3992">
    <p class='ocr_par' dir='ltr' id='par_1_98' title="bbox 2313 3917 3812 3992">
     <span class='ocr_line' id='line_1_98' title="bbox 2313 3917 3812 3992; baseline -0.007 -16"><span class='ocrx_word' id='word_1_643' title='bbox 2313 3925 2475 3976; x_wconf 86' lang='lat' dir='ltr'><strong>Anno</strong></span> <span class='ocrx_word' id='word_1_644' title='bbox 2516 3920 2738 3991; x_wconf 89' lang='lat' dir='ltr'><strong>imperii</strong></span> <span class='ocrx_word' id='word_1_645' title='bbox 2784 3920 3085 3992; x_wconf 82' lang='lat' dir='ltr'><strong>Nicephori</strong></span> <span class='ocrx_word' id='word_1_646' title='bbox 3117 3927 3297 3984; x_wconf 77' lang='lat' dir='ltr'><strong>sexto,</strong></span> <span class='ocrx_word' id='word_1_647' title='bbox 3355 3934 3550 3974; x_wconf 87' lang='lat' dir='ltr'><strong>mense</strong></span> <span class='ocrx_word' id='word_1_648' title='bbox 3593 3917 3812 3986; x_wconf 79' lang='lat' dir='ltr'><strong>Septem-</strong></span> 
     </span>
    </p>
   </div>
   <div class='ocr_carea' id='block_1_99' title="bbox 2242 4007 3812 4080">
    <p class='ocr_par' dir='ltr' id='par_1_99' title="bbox 2242 4007 3812 4080">
     <span class='ocr_line' id='line_1_99' title="bbox 2242 4007 3812 4080; baseline -0.006 -11"><span class='ocrx_word' id='word_1_649' title='bbox 2242 4013 2390 4080; x_wconf 89' lang='lat' dir='ltr'><strong>brio,</strong></span> <span class='ocrx_word' id='word_1_650' title='bbox 2414 4013 2596 4068; x_wconf 89' lang='lat' dir='ltr'><strong>Aaron</strong></span> <span class='ocrx_word' id='word_1_651' title='bbox 2622 4013 2864 4068; x_wconf 89' lang='lat' dir='ltr'><strong>Arabum</strong></span> <span class='ocrx_word' id='word_1_652' title='bbox 2887 4013 2997 4069; x_wconf 80' lang='lat' dir='ltr'><strong>dux</strong></span> <span class='ocrx_word' id='word_1_653' title='bbox 3021 4028 3146 4069; x_wconf 86' lang='lat' dir='ltr'><strong>cum</strong></span> <span class='ocrx_word' id='word_1_654' title='bbox 3170 4013 3347 4068; x_wconf 86' lang='lat' dir='ltr'><strong>classi</strong></span> <span class='ocrx_word' id='word_1_655' title='bbox 3369 4020 3567 4068; x_wconf 82' lang='lat' dir='ltr'><strong>contra</strong></span> <span class='ocrx_word' id='word_1_656' title='bbox 3588 4007 3812 4066; x_wconf 78' lang='lat' dir='ltr'><strong>Rhodum</strong></span> 
     </span>
    </p>
   </div>
   <div class='ocr_carea' id='block_1_100' title="bbox 2242 4100 3815 4175">
    <p class='ocr_par' dir='ltr' id='par_1_100' title="bbox 2242 4100 3815 4175">
     <span class='ocr_line' id='line_1_100' title="bbox 2242 4100 3815 4175; baseline -0.006 -13"><span class='ocrx_word' id='word_1_657' title='bbox 2242 4103 2474 4162; x_wconf 88' lang='lat' dir='ltr'><strong>Cumeid</strong></span> <span class='ocrx_word' id='word_1_658' title='bbox 2506 4103 2748 4170; x_wconf 81' lang='lat' dir='ltr'><strong>direxit;</strong></span> <span class='ocrx_word' id='word_1_659' title='bbox 2777 4106 2872 4175; x_wconf 89' lang='lat' dir='ltr'><strong>qui</strong></span> <span class='ocrx_word' id='word_1_660' title='bbox 2904 4120 3030 4160; x_wconf 89' lang='lat' dir='ltr'><strong>cum</strong></span> <span class='ocrx_word' id='word_1_661' title='bbox 3051 4105 3236 4160; x_wconf 88' lang='lat' dir='ltr'><strong>subito</strong></span> <span class='ocrx_word' id='word_1_662' title='bbox 3260 4112 3675 4160; x_wconf 81' lang='lat' dir='ltr'><strong>transmeassct</strong></span> <span class='ocrx_word' id='word_1_663' title='bbox 3695 4100 3815 4156; x_wconf 76' lang='lat' dir='ltr'><strong>Rho-</strong></span> 
     </span>
    </p>
   </div>
   <div class='ocr_carea' id='block_1_101' title="bbox 2245 4189 3813 4266">
    <p class='ocr_par' dir='ltr' id='par_1_101' title="bbox 2245 4189 3813 4266">
     <span class='ocr_line' id='line_1_101' title="bbox 2245 4189 3813 4266; baseline -0.006 -17"><span class='ocrx_word' id='word_1_664' title='bbox 2245 4195 2487 4266; x_wconf 86' lang='lat' dir='ltr'><strong>dumque</strong></span> <span class='ocrx_word' id='word_1_665' title='bbox 2517 4193 2886 4265; x_wconf 90' lang='lat' dir='ltr'><strong>pervenisset,</strong></span> <span class='ocrx_word' id='word_1_666' title='bbox 2918 4195 3156 4249; x_wconf 89' lang='lat' dir='ltr'><strong>multum</strong></span> <span class='ocrx_word' id='word_1_667' title='bbox 3187 4194 3244 4250; x_wconf 88' lang='lat' dir='ltr'><strong>in</strong></span> <span class='ocrx_word' id='word_1_668' title='bbox 3270 4210 3346 4250; x_wconf 85' lang='lat' dir='ltr'><strong>ea</strong></span> <span class='ocrx_word' id='word_1_669' title='bbox 3381 4193 3662 4250; x_wconf 74' lang='lat' dir='ltr'><strong>excidium</strong></span> <span class='ocrx_word' id='word_1_670' title='bbox 3691 4189 3813 4243; x_wconf 83' lang='lat' dir='ltr'><strong>fecit.</strong></span> 
     </span>
    </p>
   </div>
   <div class='ocr_carea' id='block_1_102' title="bbox 2245 4283 3817 4356">
    <p class='ocr_par' dir='ltr' id='par_1_102' title="bbox 2245 4283 3817 4356">
     <span class='ocr_line' id='line_1_102' title="bbox 2245 4283 3817 4356; baseline -0.006 -16"><span class='ocrx_word' id='word_1_671' title='bbox 2245 4285 2638 4340; x_wconf 80' lang='lat' dir='ltr'><strong>Verumtamen</strong></span> <span class='ocrx_word' id='word_1_672' title='bbox 2688 4283 3056 4355; x_wconf 87' lang='lat' dir='ltr'><strong>municipium</strong></span> <span class='ocrx_word' id='word_1_673' title='bbox 3089 4283 3236 4356; x_wconf 86' lang='lat' dir='ltr'><strong>quod</strong></span> <span class='ocrx_word' id='word_1_674' title='bbox 3295 4284 3362 4339; x_wconf 87' lang='lat' dir='ltr'><strong>in</strong></span> <span class='ocrx_word' id='word_1_675' title='bbox 3396 4285 3521 4355; x_wconf 87' lang='lat' dir='ltr'><strong>ipsa</strong></span> <span class='ocrx_word' id='word_1_676' title='bbox 3565 4295 3701 4346; x_wconf 88' lang='lat' dir='ltr'><strong>erat,</strong></span> <span class='ocrx_word' id='word_1_677' title='bbox 3729 4294 3817 4334; x_wconf 88' lang='lat' dir='ltr'><strong>non</strong></span> 
     </span>
    </p>
   </div>
   <div class='ocr_carea' id='block_1_103' title="bbox 2251 4371 3817 4448">
    <p class='ocr_par' dir='ltr' id='par_1_103' title="bbox 2251 4371 3817 4448">
     <span class='ocr_line' id='line_1_103' title="bbox 2251 4371 3817 4448; baseline -0.003 -19"><span class='ocrx_word' id='word_1_678' title='bbox 2251 4371 2633 4446; x_wconf 90' lang='lat' dir='ltr'><strong>impugnatum</strong></span> <span class='ocrx_word' id='word_1_679' title='bbox 2667 4377 2953 4434; x_wconf 88' lang='lat' dir='ltr'><strong>remansit.</strong></span> <span class='ocrx_word' id='word_1_680' title='bbox 2986 4376 3123 4433; x_wconf 88' lang='lat' dir='ltr'><strong>Cum</strong></span> <span class='ocrx_word' id='word_1_681' title='bbox 3159 4387 3358 4432; x_wconf 86' lang='lat' dir='ltr'><strong>autem</strong></span> <span class='ocrx_word' id='word_1_682' title='bbox 3399 4378 3526 4448; x_wconf 88' lang='lat' dir='ltr'><strong>ipse</strong></span> <span class='ocrx_word' id='word_1_683' title='bbox 3558 4380 3817 4433; x_wconf 82' lang='lat' dir='ltr'><strong>remearet,</strong></span> 
     </span>
    </p>
   </div>
   <div class='ocr_carea' id='block_1_104' title="bbox 2254 4465 3822 4540">
    <p class='ocr_par' dir='ltr' id='par_1_104' title="bbox 2254 4465 3822 4540">
     <span class='ocr_line' id='line_1_104' title="bbox 2254 4465 3822 4540; baseline -0.006 -16"><span class='ocrx_word' id='word_1_684' title='bbox 2254 4468 2541 4524; x_wconf 88' lang='lat' dir='ltr'><strong>evidenter</strong></span> <span class='ocrx_word' id='word_1_685' title='bbox 2571 4467 2925 4540; x_wconf 83' lang='lat' dir='ltr'><strong>impugnatus</strong></span> <span class='ocrx_word' id='word_1_686' title='bbox 2951 4476 3034 4523; x_wconf 86' lang='lat' dir='ltr'><strong>est</strong></span> <span class='ocrx_word' id='word_1_687' title='bbox 3061 4483 3093 4524; x_wconf 84' lang='lat' dir='ltr'><strong>a</strong></span> <span class='ocrx_word' id='word_1_688' title='bbox 3127 4477 3329 4524; x_wconf 86' lang='lat' dir='ltr'><strong>sancto</strong></span> <span class='ocrx_word' id='word_1_689' title='bbox 3364 4477 3428 4536; x_wconf 67' lang='lat' dir='ltr'><strong>et</strong></span> <span class='ocrx_word' id='word_1_690' title='bbox 3454 4465 3822 4524; x_wconf 83' lang='lat' dir='ltr'><strong>miraculorum</strong></span> 
     </span>
    </p>
   </div>
   <div class='ocr_carea' id='block_1_105' title="bbox 2256 4559 3820 4632">
    <p class='ocr_par' dir='ltr' id='par_1_105' title="bbox 2256 4559 3820 4632">
     <span class='ocr_line' id='line_1_105' title="bbox 2256 4559 3820 4632; baseline -0.004 -17"><span class='ocrx_word' id='word_1_691' title='bbox 2256 4570 2539 4632; x_wconf 87' lang='lat' dir='ltr'><strong>patratore</strong></span> <span class='ocrx_word' id='word_1_692' title='bbox 2570 4561 2819 4616; x_wconf 85' lang='lat' dir='ltr'><strong>Nicolao.</strong></span> <span class='ocrx_word' id='word_1_693' title='bbox 2847 4559 2987 4617; x_wconf 91' lang='lat' dir='ltr'><strong>Cum</strong></span> <span class='ocrx_word' id='word_1_694' title='bbox 3011 4561 3161 4616; x_wconf 89' lang='lat' dir='ltr'><strong>enim</strong></span> <span class='ocrx_word' id='word_1_695' title='bbox 3199 4560 3368 4632; x_wconf 84' lang='lat' dir='ltr'><strong>Myra</strong></span> <span class='ocrx_word' id='word_1_696' title='bbox 3398 4562 3640 4618; x_wconf 82' lang='lat' dir='ltr'><strong>venisset</strong></span> <span class='ocrx_word' id='word_1_697' title='bbox 3663 4564 3716 4612; x_wconf 92' lang='lat' dir='ltr'><strong>et</strong></span> <span class='ocrx_word' id='word_1_698' title='bbox 3741 4570 3820 4609; x_wconf 83' lang='lat' dir='ltr'><strong>sa-</strong></span> 
     </span>
    </p>
   </div>
   <div class='ocr_carea' id='block_1_106' title="bbox 2252 4651 3824 4724">
    <p class='ocr_par' dir='ltr' id='par_1_106' title="bbox 2252 4651 3824 4724">
     <span class='ocr_line' id='line_1_106' title="bbox 2252 4651 3824 4724; baseline -0.003 -16"><span class='ocrx_word' id='word_1_699' title='bbox 2252 4669 2404 4708; x_wconf 89' lang='lat' dir='ltr'><strong>cram</strong></span> <span class='ocrx_word' id='word_1_700' title='bbox 2430 4655 2551 4724; x_wconf 89' lang='lat' dir='ltr'><strong>ejus</strong></span> <span class='ocrx_word' id='word_1_701' title='bbox 2581 4669 2764 4708; x_wconf 90' lang='lat' dir='ltr'><strong>arcam</strong></span> <span class='ocrx_word' id='word_1_702' title='bbox 2813 4662 3103 4708; x_wconf 91' lang='lat' dir='ltr'><strong>conterere</strong></span> <span class='ocrx_word' id='word_1_703' title='bbox 3150 4654 3526 4719; x_wconf 86' lang='lat' dir='ltr'><strong>tentavisset,</strong></span> <span class='ocrx_word' id='word_1_704' title='bbox 3551 4651 3704 4707; x_wconf 84' lang='lat' dir='ltr'><strong>aliam</strong></span> <span class='ocrx_word' id='word_1_705' title='bbox 3741 4662 3824 4718; x_wconf 80' lang='lat' dir='ltr'><strong>pro</strong></span> 
     </span>
    </p>
   </div>
   <div class='ocr_carea' id='block_1_107' title="bbox 2256 4745 3823 4814">
    <p class='ocr_par' dir='ltr' id='par_1_107' title="bbox 2256 4745 3823 4814">
     <span class='ocr_line' id='line_1_107' title="bbox 2256 4745 3823 4814; baseline -0.006 -14"><span class='ocrx_word' id='word_1_706' title='bbox 2256 4745 2350 4800; x_wconf 90' lang='lat' dir='ltr'><strong>illa</strong></span> <span class='ocrx_word' id='word_1_707' title='bbox 2382 4745 2670 4800; x_wconf 86' lang='lat' dir='ltr'><strong>contrivit.</strong></span> <span class='ocrx_word' id='word_1_708' title='bbox 2701 4745 2936 4814; x_wconf 77' lang='lat' dir='ltr'><strong>Moxque</strong></span> <span class='ocrx_word' id='word_1_709' title='bbox 2967 4745 3187 4800; x_wconf 85' lang='lat' dir='ltr'><strong>classim</strong></span> <span class='ocrx_word' id='word_1_710' title='bbox 3227 4746 3420 4801; x_wconf 86' lang='lat' dir='ltr'><strong>multa</strong></span> <span class='ocrx_word' id='word_1_711' title='bbox 3465 4753 3748 4800; x_wconf 86' lang='lat' dir='ltr'><strong>ventorum</strong></span> <span class='ocrx_word' id='word_1_712' title='bbox 3781 4747 3823 4791; x_wconf 81' lang='lat' dir='ltr'><strong>et</strong></span> 
     </span>
    </p>
   </div>
   <div class='ocr_carea' id='block_1_108' title="bbox 2257 4835 3822 4912">
    <p class='ocr_par' dir='ltr' id='par_1_108' title="bbox 2257 4835 3822 4912">
     <span class='ocr_line' id='line_1_108' title="bbox 2257 4835 3822 4912; baseline -0.003 -16"><span class='ocrx_word' id='word_1_713' title='bbox 2257 4840 2597 4896; x_wconf 88' lang='lat' dir='ltr'><strong>marinorum</strong></span> <span class='ocrx_word' id='word_1_714' title='bbox 2625 4841 2913 4908; x_wconf 77' lang='lat' dir='ltr'><strong>(luctuum,</strong></span> <span class='ocrx_word' id='word_1_715' title='bbox 2947 4840 3329 4894; x_wconf 85' lang='lat' dir='ltr'><strong>tonitruorum</strong></span> <span class='ocrx_word' id='word_1_716' title='bbox 3364 4856 3608 4912; x_wconf 77' lang='lat' dir='ltr'><strong>quoque</strong></span> <span class='ocrx_word' id='word_1_717' title='bbox 3647 4854 3709 4894; x_wconf 78' lang='lat' dir='ltr'><strong>ac</strong></span> <span class='ocrx_word' id='word_1_718' title='bbox 3745 4835 3822 4892; x_wconf 69' lang='lat' dir='ltr'><strong>iul</strong></span> 
     </span>
    </p>
   </div>
   <div class='ocr_carea' id='block_1_109' title="bbox 2256 4931 3823 5004">
    <p class='ocr_par' dir='ltr' id='par_1_109' title="bbox 2256 4931 3823 5004">
     <span class='ocr_line' id='line_1_109' title="bbox 2256 4931 3823 5004; baseline -0.005 -18"><span class='ocrx_word' id='word_1_719' title='bbox 2256 4946 2454 5004; x_wconf 82' lang='lat' dir='ltr'><strong>gurum</strong></span> <span class='ocrx_word' id='word_1_720' title='bbox 2488 4931 2831 5002; x_wconf 82' lang='lat' dir='ltr'><strong>inaequalitas</strong></span> <span class='ocrx_word' id='word_1_721' title='bbox 2876 4933 3329 5004; x_wconf 87' lang='lat' dir='ltr'><strong>comprehendit,</strong></span> <span class='ocrx_word' id='word_1_722' title='bbox 3373 4935 3458 4990; x_wconf 89' lang='lat' dir='ltr'><strong>ita</strong></span> <span class='ocrx_word' id='word_1_723' title='bbox 3511 4944 3575 4990; x_wconf 79' lang='lat' dir='ltr'><strong>ut</strong></span> <span class='ocrx_word' id='word_1_724' title='bbox 3616 4931 3823 5003; x_wconf 69' lang='lat' dir='ltr'><strong>plurima</strong></span> 
     </span>
    </p>
   </div>
   <div class='ocr_carea' id='block_1_110' title="bbox 2258 5017 3827 5099">
    <p class='ocr_par' dir='ltr' id='par_1_110' title="bbox 2258 5017 3827 5099">
     <span class='ocr_line' id='line_1_110' title="bbox 2258 5017 3827 5099; baseline -0.002 -20"><span class='ocrx_word' id='word_1_725' title='bbox 2258 5024 2474 5094; x_wconf 73' lang='lat' dir='ltr'><strong>scapha:</strong></span> <span class='ocrx_word' id='word_1_726' title='bbox 2503 5035 3030 5094; x_wconf 84' lang='lat' dir='ltr'><strong>conquassarentur,</strong></span> <span class='ocrx_word' id='word_1_727' title='bbox 3068 5025 3295 5096; x_wconf 86' lang='lat' dir='ltr'><strong>ipseque</strong></span> <span class='ocrx_word' id='word_1_728' title='bbox 3355 5027 3720 5099; x_wconf 76' lang='lat' dir='ltr'><strong>impugnator</strong></span> <span class='ocrx_word' id='word_1_729' title='bbox 3751 5017 3827 5076; x_wconf 75' lang='lat' dir='ltr'><strong>Dei</strong></span> 
     </span>
    </p>
   </div>
   <div class='ocr_carea' id='block_1_111' title="bbox 2258 5115 3824 5191">
    <p class='ocr_par' dir='ltr' id='par_1_111' title="bbox 2258 5115 3824 5191">
     <span class='ocr_line' id='line_1_111' title="bbox 2258 5115 3824 5191; baseline -0.005 -19"><span class='ocrx_word' id='word_1_730' title='bbox 2258 5115 2488 5172; x_wconf 88' lang='lat' dir='ltr'><strong>Cumeid</strong></span> <span class='ocrx_word' id='word_1_731' title='bbox 2521 5119 2784 5172; x_wconf 87' lang='lat' dir='ltr'><strong>virtutem</strong></span> <span class='ocrx_word' id='word_1_732' title='bbox 2829 5119 3006 5173; x_wconf 90' lang='lat' dir='ltr'><strong>sancti</strong></span> <span class='ocrx_word' id='word_1_733' title='bbox 3035 5131 3406 5190; x_wconf 86' lang='lat' dir='ltr'><strong>cognosceret</strong></span> <span class='ocrx_word' id='word_1_734' title='bbox 3445 5129 3508 5176; x_wconf 90' lang='lat' dir='ltr'><strong>et</strong></span> <span class='ocrx_word' id='word_1_735' title='bbox 3557 5117 3824 5191; x_wconf 85' lang='lat' dir='ltr'><strong>periculum</strong></span> 
     </span>
    </p>
   </div>
   <div class='ocr_carea' id='block_1_112' title="bbox 2260 5209 3824 5278">
    <p class='ocr_par' dir='ltr' id='par_1_112' title="bbox 2260 5209 3824 5278">
     <span class='ocr_line' id='line_1_112' title="bbox 2260 5209 3824 5278; baseline -0.001 -18"><span class='ocrx_word' id='word_1_736' title='bbox 2260 5218 2460 5277; x_wconf 74' lang='lat' dir='ltr'><strong>prazter</strong></span> <span class='ocrx_word' id='word_1_737' title='bbox 2488 5224 2641 5278; x_wconf 90' lang='lat' dir='ltr'><strong>spem</strong></span> <span class='ocrx_word' id='word_1_738' title='bbox 2671 5210 2954 5264; x_wconf 88' lang='lat' dir='ltr'><strong>evaderet.</strong></span> <span class='ocrx_word' id='word_1_739' title='bbox 2990 5212 3164 5265; x_wconf 83' lang='lat' dir='ltr'><strong>Porro</strong></span> <span class='ocrx_word' id='word_1_740' title='bbox 3194 5211 3429 5267; x_wconf 87' lang='lat' dir='ltr'><strong>decimo</strong></span> <span class='ocrx_word' id='word_1_741' title='bbox 3452 5213 3632 5268; x_wconf 85' lang='lat' dir='ltr'><strong>tertio</strong></span> <span class='ocrx_word' id='word_1_742' title='bbox 3665 5209 3824 5266; x_wconf 70' lang='lat' dir='ltr'><strong>Kalen-</strong></span> 
     </span>
    </p>
   </div>
   <div class='ocr_carea' id='block_1_113' title="bbox 2262 5299 3822 5374">
    <p class='ocr_par' dir='ltr' id='par_1_113' title="bbox 2262 5299 3822 5374">
     <span class='ocr_line' id='line_1_113' title="bbox 2262 5299 3822 5374; baseline -0.001 -20"><span class='ocrx_word' id='word_1_743' title='bbox 2262 5300 2361 5356; x_wconf 89' lang='lat' dir='ltr'><strong>das</strong></span> <span class='ocrx_word' id='word_1_744' title='bbox 2391 5299 2682 5356; x_wconf 79' lang='lat' dir='ltr'><strong>Januarias</strong></span> <span class='ocrx_word' id='word_1_745' title='bbox 2728 5302 3071 5373; x_wconf 85' lang='lat' dir='ltr'><strong>Nicephorus</strong></span> <span class='ocrx_word' id='word_1_746' title='bbox 3098 5312 3222 5374; x_wconf 91' lang='lat' dir='ltr'><strong>post</strong></span> <span class='ocrx_word' id='word_1_747' title='bbox 3251 5304 3507 5359; x_wconf 87' lang='lat' dir='ltr'><strong>multam</strong></span> <span class='ocrx_word' id='word_1_748' title='bbox 3539 5303 3822 5362; x_wconf 65' lang='lat' dir='ltr'><strong>electionem</strong></span> 
     </span>
    </p>
   </div>
   <div class='ocr_carea' id='block_1_114' title="bbox 2265 5392 3827 5464">
    <p class='ocr_par' dir='ltr' id='par_1_114' title="bbox 2265 5392 3827 5464">
     <span class='ocr_line' id='line_1_114' title="bbox 2265 5392 3827 5464; baseline 0.003 -19"><span class='ocrx_word' id='word_1_749' title='bbox 2265 5392 2562 5464; x_wconf 90' lang='lat' dir='ltr'><strong>virginum,</strong></span> <span class='ocrx_word' id='word_1_750' title='bbox 2594 5407 2659 5446; x_wconf 82' lang='lat' dir='ltr'><strong>ex</strong></span> <span class='ocrx_word' id='word_1_751' title='bbox 2690 5393 2838 5447; x_wconf 91' lang='lat' dir='ltr'><strong>omni</strong></span> <span class='ocrx_word' id='word_1_752' title='bbox 2904 5403 3175 5464; x_wconf 88' lang='lat' dir='ltr'><strong>potestate</strong></span> <span class='ocrx_word' id='word_1_753' title='bbox 3230 5394 3340 5449; x_wconf 88' lang='lat' dir='ltr'><strong>sibi</strong></span> <span class='ocrx_word' id='word_1_754' title='bbox 3405 5395 3667 5458; x_wconf 87' lang='lat' dir='ltr'><strong>subdita,</strong></span> <span class='ocrx_word' id='word_1_755' title='bbox 3699 5401 3827 5448; x_wconf 61' lang='lat' dir='ltr'><strong>causa</strong></span> 
     </span>
    </p>
   </div>
   <div class='ocr_carea' id='block_1_115' title="bbox 2263 5484 3820 5560">
    <p class='ocr_par' dir='ltr' id='par_1_115' title="bbox 2263 5484 3820 5560">
     <span class='ocr_line' id='line_1_115' title="bbox 2263 5484 3820 5560; baseline 0.001 -22"><span class='ocrx_word' id='word_1_756' title='bbox 2263 5484 2556 5554; x_wconf 85' lang='lat' dir='ltr'><strong>copulandi</strong></span> <span class='ocrx_word' id='word_1_757' title='bbox 2584 5484 2933 5540; x_wconf 88' lang='lat' dir='ltr'><strong>Stauracium</strong></span> <span class='ocrx_word' id='word_1_758' title='bbox 2970 5486 3141 5540; x_wconf 84' lang='lat' dir='ltr'><strong>filium</strong></span> <span class='ocrx_word' id='word_1_759' title='bbox 3168 5502 3328 5542; x_wconf 89' lang='lat' dir='ltr'><strong>suum</strong></span> <span class='ocrx_word' id='word_1_760' title='bbox 3362 5491 3606 5560; x_wconf 82' lang='lat' dir='ltr'><strong>conjugi</strong></span> <span class='ocrx_word' id='word_1_761' title='bbox 3649 5489 3820 5541; x_wconf 66' lang='lat' dir='ltr'><strong>factam.</strong></span> 
     </span>
    </p>
   </div>
   <div class='ocr_carea' id='block_1_116' title="bbox 2265 5576 3820 5649">
    <p class='ocr_par' dir='ltr' id='par_1_116' title="bbox 2265 5576 3820 5649">
     <span class='ocr_line' id='line_1_116' title="bbox 2265 5576 3820 5649; baseline 0.001 -18"><span class='ocrx_word' id='word_1_762' title='bbox 2265 5576 2660 5645; x_wconf 87' lang='lat' dir='ltr'><strong>Theophanam</strong></span> <span class='ocrx_word' id='word_1_763' title='bbox 2709 5577 3126 5641; x_wconf 86' lang='lat' dir='ltr'><strong>Atheniensem,</strong></span> <span class='ocrx_word' id='word_1_764' title='bbox 3165 5587 3434 5649; x_wconf 81' lang='lat' dir='ltr'><strong>agnatam</strong></span> <span class='ocrx_word' id='word_1_765' title='bbox 3489 5583 3556 5636; x_wconf 81' lang='grc' dir='ltr'><strong>Β.</strong></span> <span class='ocrx_word' id='word_1_766' title='bbox 3599 5581 3820 5637; x_wconf 63' lang='grc' dir='ltr'><strong>Ηείτεητ</strong></span> 
     </span>
    </p>
   </div>
   <div class='ocr_carea' id='block_1_117' title="bbox 2267 5667 3822 5744">
    <p class='ocr_par' dir='ltr' id='par_1_117' title="bbox 2267 5667 3822 5744">
     <span class='ocr_line' id='line_1_117' title="bbox 2267 5667 3822 5744; baseline -0.003 -21"><span class='ocrx_word' id='word_1_767' title='bbox 2267 5685 2388 5740; x_wconf 82' lang='lat' dir='ltr'><strong>quae</strong></span> <span class='ocrx_word' id='word_1_768' title='bbox 2416 5669 2535 5724; x_wconf 87' lang='lat' dir='ltr'><strong>viro</strong></span> <span class='ocrx_word' id='word_1_769' title='bbox 2564 5669 2890 5739; x_wconf 88' lang='lat' dir='ltr'><strong>desponsata</strong></span> <span class='ocrx_word' id='word_1_770' title='bbox 2921 5679 3041 5725; x_wconf 88' lang='lat' dir='ltr'><strong>erat</strong></span> <span class='ocrx_word' id='word_1_771' title='bbox 3072 5680 3127 5725; x_wconf 89' lang='lat' dir='ltr'><strong>et</strong></span> <span class='ocrx_word' id='word_1_772' title='bbox 3170 5687 3310 5741; x_wconf 70' lang='lat' dir='ltr'><strong>smpe</strong></span> <span class='ocrx_word' id='word_1_773' title='bbox 3347 5689 3492 5727; x_wconf 89' lang='lat' dir='ltr'><strong>cum</strong></span> <span class='ocrx_word' id='word_1_774' title='bbox 3557 5676 3676 5744; x_wconf 87' lang='lat' dir='ltr'><strong>ipso</strong></span> <span class='ocrx_word' id='word_1_775' title='bbox 3700 5667 3822 5724; x_wconf 63' lang='lat' dir='ltr'><strong>euha-</strong></span> 
     </span>
    </p>
   </div>
   <div class='ocr_carea' id='block_1_118' title="bbox 2266 5755 3824 5838">
    <p class='ocr_par' dir='ltr' id='par_1_118' title="bbox 2266 5755 3824 5838">
     <span class='ocr_line' id='line_1_118' title="bbox 2266 5755 3824 5838; baseline 0.001 -22"><span class='ocrx_word' id='word_1_776' title='bbox 2266 5771 2443 5828; x_wconf 86' lang='lat' dir='ltr'><strong>verat,</strong></span> <span class='ocrx_word' id='word_1_777' title='bbox 2473 5761 2750 5832; x_wconf 83' lang='lat' dir='ltr'><strong>separavit</strong></span> <span class='ocrx_word' id='word_1_778' title='bbox 2795 5763 2864 5819; x_wconf 81' lang='lat' dir='ltr'><strong>ab</strong></span> <span class='ocrx_word' id='word_1_779' title='bbox 2908 5764 3100 5820; x_wconf 83' lang='lat' dir='ltr'><strong>eodem</strong></span> <span class='ocrx_word' id='word_1_780' title='bbox 3142 5765 3275 5831; x_wconf 85' lang='lat' dir='ltr'><strong>viro,</strong></span> <span class='ocrx_word' id='word_1_781' title='bbox 3307 5773 3374 5819; x_wconf 77' lang='lat' dir='ltr'><strong>et</strong></span> <span class='ocrx_word' id='word_1_782' title='bbox 3424 5767 3539 5838; x_wconf 86' lang='lat' dir='ltr'><strong>ipsi</strong></span> <span class='ocrx_word' id='word_1_783' title='bbox 3585 5755 3824 5822; x_wconf 63' lang='lat' dir='ltr'><strong>Stanratlo</strong></span> 
     </span>
    </p>
   </div>
  </div>
