3960 6228
247 285 381 352 1413

1077 282 1440 346 HISTORIA
1471 281 2056 346 ECCLESIASTICA
2087 282 2192 344 EX
2220 281 2706 344 THEOPIIANE.

3348 277 3491 344 14Ηί

243 399 444 454 misero
499 394 780 466 copulavit
815 393 1186 464 impudenter,
1232 404 1292 451 ut
1333 394 1388 448 in
1442 394 1586 459 aliis,
1641 402 1698 449 et
1753 394 1809 448 in
1836 400 1886 460 Α
1913 403 2085 460 recta,
2127 394 2255 449 dolo
2287 394 2430 449 hanc
2456 395 2603 463 cepit
2629 391 2801 447 verbo
2825 428 2844 458 ,
2879 404 2951 447 ex
2972 389 3185 447 militiis
3215 389 3497 448 Romaicis

243 491 343 544 hoc
373 501 594 557 quoque
620 487 1006 556 praevaricator
1030 486 1282 543 effectus.
1315 486 1463 543 Alias
1493 501 1625 541 vero
1674 486 1812 540 duas

238 581 338 636 ista
373 578 745 651 pulchriores,
778 594 917 648 quas
940 595 1064 634 cum
1109 595 1175 634 ea
1217 580 1478 648 elegerat,
1523 577 1812 633 manifeste

239 672 482 740 corrupit
511 671 565 724 in
595 670 807 725 eisdem
838 671 1158 740 nuptiarum
1215 669 1433 735 diebus,
1456 669 1525 723 ab
1553 669 1812 724 omnibus

241 765 376 819 idem
405 763 679 817 obscenus
715 762 934 817 irrisus.
976 762 1225 831 Denique
1265 760 1567 816 Februario
1621 775 1810 816 mense

239 853 572 910 simultatem
622 852 1000 922 excogitantes
1048 852 1314 908 adversus
1356 867 1482 906 eum
1536 852 1698 907 multi
1740 867 1809 906 ex

239 946 582 1017 proceribus,
605 945 832 1000 Arsabir
860 955 1187 1014 quaestorem
1216 953 1272 999 et
1292 945 1608 1014 patricium,
1629 946 1816 999 virum"

239 1035 385 1106 pium
418 1043 476 1089 et
519 1032 1090 1099 rationabilissimum,
1148 1033 1456 1102 elegerunt.
1487 1033 1642 1099 Quod
1681 1048 1818 1087 cum.

241 1126 588 1183 multiformis
616 1125 960 1194 Nicephorus
988 1125 1320 1194 agnovisset,
1371 1125 1552 1194 ipsum
1583 1124 1810 1194 quidem

241 1234 431 1276 caasum
464 1226 520 1272 et
571 1225 790 1270 tonsum
816 1217 1146 1270 monachum
1183 1215 1317 1270 fecit
1343 1225 1401 1270 et
1433 1215 1629 1271 exsilio
1663 1215 1807 1270 rele-

241 1309 471 1382 gandum
502 1307 558 1362 in
584 1306 894 1377 Bithyniam
927 1306 1100 1370 misit,
1131 1307 1373 1376 reliquos
1425 1316 1611 1362 autem
1641 1307 1808 1361 caedi-

241 1402 338 1456 bus
385 1410 442 1454 ct
469 1399 717 1454 tousuris
747 1408 802 1453 et
828 1398 1303 1468 publicationibus
1328 1398 1554 1468 insuper
1579 1406 1637 1453 et
1665 1398 1808 1453 exsi-

239 1493 324 1549 liis
350 1492 618 1559 subdidit,
645 1507 756 1545 non
790 1491 969 1545 solum
1001 1489 1296 1544 mundialis
1331 1491 1456 1544 vita:
1505 1489 1804 1560 principes,

240 1581 330 1636 sed
373 1589 428 1635 et
471 1580 759 1650 episcopos
793 1587 1015 1634 sanctos
1047 1589 1105 1634 et
1146 1580 1466 1643 monachos,
1492 1595 1706 1634 necnon
1751 1588 1808 1635 et

237 1671 451 1744 Majoris
483 1671 732 1727 ecclesia:
763 1671 1066 1742 syncellum
1092 1681 1149 1726 et
1186 1671 1528 1726 sacellarium
1553 1679 1611 1726 et
1650 1671 1808 1726 char-

1916 487 2223 542 interfectis
2255 503 2354 542 sex
2388 487 2652 550 millibus,
2685 486 2890 555 absque
2924 485 3276 540 multitudine
3306 486 3496 555 priva-

1915 590 2094 636 torum
2121 580 2249 650 (9!).
2282 580 2628 649 Nicephorus
2655 586 2837 632 autem
2881 579 3034 647 quasi
3079 578 3340 632 adversus
3363 593 3494 630 eum

1916 670 2077 724 tertia
2103 668 2240 724 feria
2265 669 2623 724 hebdomada:
2643 669 2901 722 salutaris
2923 669 3199 738 passionis
3225 683 3493 739 egressus

1912 761 2136 830 dignum
2169 763 2394 832 quidem
2435 777 2688 817 sermone
2719 760 2854 814 nihil
2886 761 3112 815 omnino
3151 761 3339 831 gessit.
3382 759 3499 814 Hos

1911 869 2095 914 autem
2124 858 2403 928 principes
2422 899 2436 922 ,
2463 859 2559 926 qui
2587 857 2655 911 de
2682 857 2831 913 aede
2864 856 3056 912 salvati
3079 866 3228 920 sunt,
3256 854 3498 909 verbum-

1913 951 2103 1006 salutis
2141 950 2470 1020 deposcunt,
2518 965 2644 1005 cum
2721 951 2852 1004 dare
2896 948 3224 1018 dedignatus
3272 947 3496 1010 fuisset,

1912 1041 1978 1095 ad
2027 1041 2215 1095 hostes
2265 1041 2560 1109 confugere
2599 1042 2887 1110 compulit,
2929 1040 3074 1095 inter
3113 1055 3252 1109 quos
3276 1048 3398 1092 erat
3436 1045 3503 1092 et.

1912 1132 2238 1186 Eumathius
2263 1132 2596 1200 spatharius,
2621 1132 2956 1186 mechanicas
2981 1132 3117 1187 artis
3136 1147 3334 1200 expers
3355 1131 3500 1199 (92)..

1909 1225 2007 1276 Ast
2026 1221 2370 1289 Nicephorus
2393 1235 2504 1290 praa
2525 1221 2700 1274 multo
2721 1220 2990 1275 dedecore
3014 1219 3300 1290 juratoriis
3319 1220 3499 1273 sacris

1910 1311 2072 1382 regiae
2105 1311 2226 1365 urbi
2251 1292 2594 1381 persuadere
2623 1311 2926 1381 satagebat,
2972 1320 3030 1365 ut
3067 1313 3318 1391 crederet
3344 1311 3494 1380 quod

1908 1403 2258 1460 festivitatem
2305 1406 2528 1460 Pascha:
2563 1405 2620 1459 in
2660 1407 2784 1460 aula
2837 1403 3065 1460 Crumni
3108 1404 3492 1460 celebraverit.

1909 1497 2181 1551 Praeterea
2213 1509 2339 1551 cum
2385 1497 2666 1552 civitatem
2721 1496 3026 1562 Sardicam,
3063 1512 3186 1566 qua:
3215 1496 3496 1551 destructa

1908 1586 2343 1646 erat.aediflcare
2407 1587 2691 1651 voluisset,
2722 1587 3170 1641 multitudinibus
3228 1586 3498 1641 resisten-

1911 1679 2089 1743 tibus,
2119 1679 2338 1735 timens.
2373 1719 2387 1734 .
2427 1721 2442 1735 .
2477 1721 2492 1735 .
2523 1679 2970 1749 persuadendum
3011 1678 3187 1733 turbis
3258 1677 3504 1747 impera‘

239 1765 596 1835 tophylacem,
624 1764 775 1818 viros
795 1763 1153 1818 rationabiles
1177 1774 1232 1820 et
1257 1764 1567 1819 reverentia
1590 1763 1803 1834 dignos.
1840 1753 1882 1808 Β
1911 1781 2087 1826 iorem
2135 1772 2413 1841 postulare
2443 1787 2611 1842 super
2637 1773 2892 1827 ωάίηοίο,
2924 1774 2993 1826 At
3034 1771 3114 1827 mi
3153 1785 3315 1826 senso
3343 1770 3503 1840 inge-

299 1858 459 1911 Anno
490 1855 710 1926 imperii
744 1855 1044 1925 Nicephori
1080 1855 1317 1925 septimo
1347 1855 1534 1914 Aaron
1558 1855 1808 1910 Arabum

237 1945 344 2002 dux
381 1955 633 2001 mortuus
655 1955 740 2002 est
774 1945 832 2000 in
858 1944 1122 2000 interiore
1155 1945 1398 2012 Perside,
1429 1962 1552 2015 qua:
1579 1955 1808 2000 vocatur

237 2038 552 2104 Chirsusan,
587 2046 645 2093 et
685 2037 933 2106 suscepit
956 2035 1322 2107 principatum
1366 2037 1617 2092 Maumed
1662 2037 1812 2092 filius

236 2132 352 2203 ejus
377 2129 738 2200 scrupulosus
763 2143 861 2197 per
892 2129 1100 2194 omnia,
1133 2139 1328 2184 contra
1355 2145 1520 2199 quem
1566 2128 1808 2184 Abdelas

239 2226 404 2279 frater
431 2224 550 2294 ejus
573 2221 906 2276 seditionem
940 2222 1227 2276 concitans
1268 2222 1516 2278 intestini
1556 2222 1683 2276 belli
1730 2221 1809 2275 fa-

236 2326 356 2374 etus
378 2325 462 2371 est
485 2323 696 2370 auctor.
726 2313 795 2368 Et
819 2312 951 2368 hinc
979 2313 1036 2367 hi
1070 2314 1165 2384 qui
1197 2315 1253 2368 in
1286 2313 1442 2386 Syria
1483 2322 1540 2368 et
1575 2314 1809 2385 Egypto

235 2428 297 2468 ac
330 2411 499 2482 Libya
526 2416 710 2476 erant,
739 2409 796 2463 in
821 2408 1075 2463 diversos
1099 2407 1264 2462 incisi
1291 2407 1656 2477 principatus,
1697 2416 1806 2460 tam

235 2502 484 2573 publicas
507 2516 597 2556 res
623 2516 787 2570 quam
812 2501 1114 2554 alterutros
1157 2499 1570 2565 subverterunt,
1600 2509 1806 2554 macta-

236 2594 482 2648 tiouibus
521 2603 578 2649 et
604 2593 814 2662 rapinis
851 2607 916 2647 ac
975 2579 1211 2646 diversis
1255 2591 1474 2662 ﬂagitiis
1507 2601 1697 2646 contra
1747 2606 1809 2646 se

235 2689 535 2752 contraque
564 2681 818 2736 subditos
839 2680 1182 2736 Christianos
1214 2681 1451 2736 confusi.
1474 2681 1552 2736 Ac
1577 2697 1675 2751 per
1703 2681 1810 2736 hoc

232 2775 498 2841 ecclesiae,
535 2790 658 2845 quae
713 2775 772 2828 in
810 2785 998 2830 sancta
1032 2772 1236 2829 Christi
1279 2773 1378 2828 Dei
1423 2773 1600 2829 nostri
1651 2782 1810 2828 erant

158 2852 168 2862 ’
233 2859 480 2932 civitate,
510 2853 742 2920 desertae
768 2866 924 2920 facta:
947 2875 1098 2929 sunt,
1131 2872 1189 2919 et
1216 2865 1550 2928 monasteria
1576 2865 1808 2920 duarum

235 2972 557 3028 magnarum
586 2957 888 3010 Laurarum
925 2953 1062 3025 (90),
1085 2964 1287 3008 sanctae
1317 2954 1575 3008 videlicet
1603 2969 1811 3008 memo-

237 3051 332 3106 ria:
361 3049 678 3105 Charitonis
709 3059 766 3103 et
795 3047 1010 3117 Cyriaei
1061 3055 1226 3114 atque
1257 3044 1314 3099 S.
1363 3043 1541 3108 Sabae,
1593 3059 1810 3099 necnon

233 3155 292 3199 et
346 3141 558 3212 reliqua
614 3140 866 3196 cmnobia
896 3137 993 3194 SS.
1055 3135 1336 3208 Euthymii
1387 3144 1443 3191 et
1497 3135 1813 3191 Theodosii.

234 3235 562 3290 Theodorus
590 3241 773 3287 autem
805 3231 1148 3302 hegumenus
1175 3228 1355 3283 Studii
1389 3237 1445 3284 et
1473 3227 1676 3297 .loseph
1701 3227 1816 3282 εω-

235 3337 322 3382 ter
343 3329 483 3398 ejus,
517 3325 970 3396 archiepisc0pus
991 3321 1522 3387 Thessalonicensis,
1554 3335 1662 3375 una
1690 3335 1816 3375 cum

236 3418 468 3474 Platone
497 3418 744 3472 inclauso
771 3425 828 3472 et
871 3415 1088 3470 caeteris
1117 3413 1402 3469 monachis
1436 3413 1553 3467 suis
1597 3428 1627 3467 a
1660 3427 1816 3468 com-

238 3512 500 3565 munione
528 3514 880 3564 recesserunt
901 3506 1196 3574 Nicephori
1226 3505 1559 3560 sanctissimi
1583 3505 1818 3574 patriar-

237 3599 358 3654 cha:
388 3605 615 3668 propter
655 3595 856 3664 .loseph
888 3594 1318 3658 vicedominum,
1363 3595 1459 3662 qui
1493 3595 1820 3662 praevarica-

240 3690 383 3744 torie
404 3694 766 3743 coronaverat
781 3685 1200 3740 Constantinum
1215 3695 1272 3740 et
1295 3684 1821 3739 Theodotem.Tunc

241 3781 590 3851 Nicephorus
646 3779 945 3848 imperator
1016 3776 1305 3832 occasione
1364 3783 1646 3846 percepta,
1691 3789 1818 3830 cum

239 3874 534 3944 episcopos
575 3870 779 3925 multos
809 3878 865 3924 et
895 3869 1236 3939 hegumenos
1274 3873 1685 3936 congregasset,
1728 3881 1818 3936 sy-

239 3967 450 4024 nodum
477 3966 744 4021 adversus
765 3963 889 4018 illos
909 3960 1180 4019 celebrari
1214 3959 1498 4031 prtecepit,
1532 3973 1632 4029 per
1653 3973 1820 4029 quam

239 4059 578 4116 monasterio
625 4066 681 4114 et
717 4057 854 4113 urbe
887 4053 1090 4127 dejecti
1121 4055 1320 4110 exsilio
1368 4060 1500 4108 sunt
1533 4052 1818 4120 destinati,

240 4168 432 4208 mense
455 4149 743 4214 Januario,
776 4148 1079 4203 indictione
1107 4145 1374 4203 secunda.

313 4243 521 4299 Eodem
544 4243 709 4298 etiam
739 4256 885 4296 anno
910 4240 1046 4295 dum
1091 4254 1222 4310 roga
1257 4253 1426 4308 penes
1469 4235 1819 4292 Stromonem

240 4351 462 4392 amnem
492 4334 694 4406 populo
728 4332 1183 4396 distribueretur,
1232 4332 1511 4385 irruentes
1553 4329 1821 4400 Vulgares

1908 1862 2021 1925 nio,
2049 1871 2110 1916 ut
2140 1877 2209 1918 ex
2236 1877 2472 1932 nequam
2506 1864 2657 1917 illius
2687 1861 3257 1932 argumentationibus
3282 1859 3496 1916 subrui-

1906 1953 2162 2020 nistrato,
2218 1953 2628 2008 tumultuantur
2675 1952 2940 2008 adversus
2967 1966 3094 2006 eum
3132 1959 3188 2004 et
3231 1949 3503 2005 adversus

1907 2046 2186 2116 principes
2212 2061 2345 2101 suos
2383 2062 2482 2116 per
2508 2047 2674 2101 horas
2701 2060 2819 2110 sex,
2852 2053 2909 2100 et
2935 2045 3212 2098 irruentes
3233 2052 3502 2112 rumpunt-

1909 2139 2256 2194 tabernacula
2287 2139 2552 2208 ipsorum.
2574 2138 2710 2193 Cum
2733 2145 2914 2192 autem
2927 2138 3208 2191 venissent
3222 2149 3397 2204 usque
3425 2134 3496 2188 ad

1908 2230 2338 2300 imperatorium,
2357 2230 2578 2299 injuriis
2596 2238 2652 2285 et
2679 2228 2985 2284 maledictis
3005 2228 3152 2281 hunc
3170 2225 3500 2280 multissub—

1908 2325 2154 2389 mittunt,
2171 2323 2407 2378 ulterius
2425 2337 2602 2378 senon
2623 2321 2856 2376 sullerre
2870 2320 3192 2374 immensam
3209 2317 3496 2372 avaritiam

1907 2428 1964 2472 et
1981 2435 2217 2490 nequam
2239 2418 2538 2476 moliminis
2559 2419 2680 2488 ejus
2693 2417 2938 2471 animum
2959 2415 3288 2484 dejerantes.
3318 2412 3495 2467 Atille

1908 2512 2201 2580 repentino
2236 2511 2533 2567 simultatis
2581 2523 2783 2579 pavore
2836 2507 3164 2577 perterritus
3205 2504 3495 2560 surrexita

1909 2618 2116 2657 mensa.
2144 2603 2211 2658 Et
2233 2603 2411 2673 primo
2431 2601 2652 2672 quidem
2676 2617 2774 2670 per
2791 2599 3160 2669 Nicephorum
3180 2612 3244 2652 ac
3271 2596 3497 2651 Petrum

1909 2695 2170 2763 patricios
2203 2693 2532 2765 juramentis
2573 2700 2630 2747 et
2662 2691 3068 2761 persuadilibus
3092 2688 3278 2742 verbis
3303 2686 3498 2742 sedare

1908 2783 2211 2838 conabatur
2264 2783 2589 2838 exercitum.
2621 2782 2690 2836 At
2732 2781 2809 2836 illi
2837 2779 3050 2854 modica
3109 2778 3294 2848 quiete
3337 2776 3497 2846 potiti

1907 2872 2200 2940 quemdam
2217 2871 2411 2926 collem
2455 2879 2744 2939 ceperunt,
2768 2876 2824 2922 et
2877 2877 3033 2922 actus
3092 2881 3256 2936 quem
3309 2879 3497 2934 perse

1909 2961 2166 3014 manibus
2192 2961 2468 3015 habebant
2494 2959 2651 3013 obliti
2685 2965 2836 3023 sunt,
2869 2958 3033 3026 Kyrie
3067 2957 3284 3022 efeisou,
3315 2955 3515 3010 excla--

1843 3089 1888 3150 Ο
1919 3059 2179 3116 mantes,
2227 3066 2292 3105 ac
2337 3051 2382 3104 si
2427 3065 2593 3119 super
2649 3051 2886 3118 quodam
2953 3058 3113 3103 terra:
3187 3055 3336 3101 motu
3385 3046 3514 3100 ειη--

1920 3143 2174 3197 briumve
2197 3141 2440 3197 defectu.
2457 3141 2553 3196 llle
2570 3150 2753 3196 autem
2780 3148 2969 3210 utpote
2991 3155 3209 3210 semper
3231 3132 3302 3193 ad
3335 3142 3510 3193 omne

1920 3234 2123 3288 malum
2145 3243 2389 3304 paratus,
2417 3233 2776 3288 clandestinis
2809 3231 3134 3287 muneribus
3164 3240 3330 3286 noctu
3360 3231 3501 3285 mul-

1917 3325 1991 3381 tis
2025 3340 2091 3380 ex
2130 3305 2478 3394 principibus
2514 3323 2785 3396 pellectis,
2826 3323 2881 3377 in
2920 3322 3226 3377 crastinum
3261 3322 3378 3392 ipse
3400 3337 3500 3392 per

1920 3435 1980 3474 se
2019 3419 2199 3488 ipsum
2238 3417 2455 3473 medius
2507 3416 2737 3471 veniens
2777 3415 3053 3469 allocutus
3096 3421 3183 3470 est
3213 3413 3404 3468 turbas
3429 3413 3499 3467 de

1918 3510 2068 3564 omni
2117 3507 2553 3576 tranquillitate,
2603 3519 2668 3560 ae
2714 3519 2884 3573 super
2928 3504 3126 3574 aequali
3168 3520 3294 3574 erga
3339 3507 3504 3560 natos

1919 3611 2110 3650 eorum
2155 3594 2355 3649 affectu
2410 3593 2742 3664 juramentis
2780 3594 3144 3648 horribilibus
3164 3609 3261 3648 eos
3287 3596 3517 3649 certifi»

1920 3701 2072 3752 cans,
2094 3697 2150 3741 et
2173 3686 2435 3740 continuo
2465 3686 2671 3754 regiam
2698 3685 2953 3754 pervenit
2972 3685 3038 3738 ad
3071 3685 3288 3749 urbem,
3319 3686 3519 3740 'l’heov

1921 3774 2080 3829 dosio
2106 3774 2342 3844 patricio
2365 3789 2430 3828 ac
2448 3775 2856 3844 primoscriuio,
2893 3784 3258 3844 cognomento
3288 3775 3501 3831 Satiba-

1920 3881 2042 3928 ran,
2082 3864 2302 3919 deserto
2323 3863 2391 3918 ad
2425 3863 2854 3935 perdiscendum
2880 3879 2952 3919 ex
2972 3863 3264 3919 alterutris
3281 3877 3380 3919 eos
3399 3864 3498 3934 qui

1922 3957 2250 4013 seditionem
2289 3963 2664 4027 patraverant.
2708 3955 2959 4026 Cumque
2997 3955 3385 4010 multitudines
3414 3971 3502 4011 re-

1920 4058 2454 4120 verterentur,rogas
2478 4049 2560 4104 eis
2583 4049 2726 4118 apud
2747 4047 3042 4103 S.Mamam
3060 4063 3120 4102 se
3139 4047 3382 4103 tribuere
3401 4049 3517 4102 fin-

1921 4157 2077 4213 gens,
2119 4141 2363 4197 caedibus
2398 4149 2452 4195 et
2487 4139 2726 4194 tonsoris
2750 4155 2815 4194 ac
2843 4139 3048 4194 exsiliis
3086 4139 3277 4194 multis
3316 4153 3384 4193 ex
3421 4138 3506 4193 eis

1921 4235 2152 4307 punitis,
2205 4234 2587 4306 Chrysopolim
2618 4233 2862 4304 reliquos
2905 4232 3234 4298 transduxit,
3285 4233 3504 4286 calcans

1925 4337 2080 4383 tanta
2111 4337 2170 4382 et
2192 4337 2300 4383 tam
2325 4325 2615 4382 horribilia
2643 4326 2975 4396 juramenta.
3001 4323 3082 4377 illi
3116 4337 3247 4376 vero
3275 4331 3508 4392 propter

242 4429 390 4485 hanc
411 4428 760 4494 ademerunt,
785 4427 907 4482 auri
938 4427 1111 4482 libras
1140 4433 1362 4488 centum
1387 4433 1446 4479 et
1476 4423 1649 4486 mille,
1681 4423 1826 4477 mul—
1854 4434 1899 4490 ι)
1927 4435 2230 4477 erumnam
2268 4419 2488 4490 igneum
2521 4417 2751 4472 ﬂuvium
2784 4430 3031 4472 meatum
3061 4417 3501 4487 appellaverunt.

243 4533 473 4594 tumque
534 4523 795 4593 populum
825 4520 1152 4576 occiderunt
1201 4533 1330 4574 cum
1361 4526 1598 4587 praetore
1656 4526 1824 4588 atque

243 4617 610 4687 principibus.
651 4615 824 4670 Erant
871 4613 1019 4670 enim
1048 4621 1105 4671 et
1147 4621 1476 4668 cancrorum
1515 4611 1823 4666 thematum

243 4708 456 4778 ibidem
499 4707 668 4763 taxati
705 4705 983 4777 principes
1010 4719 1123 4759 non
1154 4703 1339 4774 pauci,
1370 4701 1466 4772 qui
1491 4717 1684 4758 omnes
1711 4702 1827 4758 illic

245 4801 479 4870 periere.
517 4800 799 4874 Ceperunt
821 4806 1006 4854 autem
1044 4806 1102 4854 et
1129 4803 1301 4853 totam
1332 4795 1628 4861 sarcinam,
1657 4801 1716 4849 et
1747 4793 1825 4850 ita

245 4892 460 4947 reversi
483 4901 634 4946 sunt.

1994 4513 2156 4568 Anno
2182 4511 2401 4582 imperii
2438 4512 2524 4566 sui
2557 4519 2752 4566 octavo
2784 4510 3131 4580 Nicephorus
3153 4516 3281 4578 post
3308 4507 3518 4577 impias

1924 4605 2442 4663 animadversiones
2462 4604 2691 4659 militias
2706 4618 2934 4674 prorsus
2951 4602 3242 4657 humiliare
3263 4609 3508 4656 tractans

1923 4699 2269 4756 Christianos
2291 4698 2511 4754 exsules
2547 4712 2616 4752 ex
2639 4695 2789 4750 omni
2822 4695 3062 4749 themate
3095 4692 3151 4747 in
3175 4691 3513 4746 Sclaviuiam

1928 4791 2050 4848 fieri
2090 4791 2275 4862 jussit,
2308 4789 2506 4844 horum
2542 4799 2726 4842 autem
2760 4785 3104 4842 substantias
3151 4780 3512 4840 venumdari.

1929 4884 1999 4939 Et
2021 4891 2141 4938 erat
2182 4882 2300 4936 haec
2326 4896 2416 4936 res
2443 4879 2760 4949 captivitate
2791 4893 2903 4932 non
2937 4876 3142 4941 minor,
3201 4874 3391 4929 multis
3439 4888 3512 4928 ex

320 4985 637 5054 Eodemque
659 4991 940 5038 annoante
967 4982 1372 5039 solemnitatem
1400 4980 1580 5036 sancti
1605 4979 1830 5036 Pascha
1932 4976 2178 5033 amentia
2230 4970 2750 5039 blasphemantibus
2777 4977 2834 5024 et
2871 4958 3223 5022 inimicorum
3251 4967 3514 5021 incursus

243 5077 526 5135 Crumnus
552 5077 849 5148 Vulgarum
881 5074 1013 5142 dux,
1046 5074 1164 5130 acie
1191 5083 1386 5131 contra
1414 5071 1700 5128 Serdicam
1739 5070 1828 5126 di-

1946 5067 2329 5140 poscentibus,
2354 5066 2482 5121 aliis
2508 5062 2871 5119 nihilominus
2901 5060 3049 5116 circa
3094 5059 3397 5129 parentalia
3424 5071 3512 5110 se-

1771 5161 2006 5219 NOT/E.

321 5265 434 5337 (90)
458 5265 635 5337 Laura
664 5264 1086 5337 monasterium.
1115 5261 1372 5337 Synodus
1397 5263 1617 5337 Nicasna
1639 5267 1751 5337 act.
1765 5260 1828 5337 ρ.

244 5331 494 5394 εχἸὶιὶτο
518 5336 575 5392 S.
610 5335 766 5391 Saba:
796 5355 809 5391 :
864 5335 930 5389 δι’
985 5331 1336 5388 Ἀναειὶασίου
1373 5333 1468 5387 τοῦ
1505 5331 1695 5394 δουκὸς
1731 5331 1830 5402 τῆς

247 5409 380 5471 νέας
417 5406 623 5475 λαύρας
647 5407 844 5469 αὐτοὺς
871 5405 1093 5471 ἐξέωσε.
1129 5404 1532 5474 Metaphrastes
1579 5403 1732 5475 sept.
1771 5401 1826 5456 in

245 5477 461 5532 Charit.
522 5471 623 5548 έτὴν
656 5547 664 5548 7
696 5477 806 5548 κήδῃ
876 5471 1342 5548 μνημᾳνευθεῖεᾶν
1410 5475 1564 5548 ξεργὰν
1613 5471 1829 5548 *λαύραν

245 5549 539 5618 οἰκοδομεῖ.
581 5544 744 5618 Ἀὰάῥ
769 5544 1326 5618 ConstantinnmJDe
1357 5544 1560 5618 admin.
1606 5544 1826 5618 inimp.

248 5618 320 5672 55
342 5613 670 5688 εόξιπίῐῐιεε,
699 5615 1072 5688 Nicephorum
1102 5615 1387 5688 Callistum
1411 5623 1450 5688 t.
1479 5615 1534 5678 2,
1566 5630 1622 5682 p.
1649 5613 1754 5667 555
1767 5620 1828 5688 et

245 5687 374 5751 56l,
419 5683 503 5744 Jo.
548 5683 854 5742 Moschunf
885 5686 1187 5740 Limonarii
1239 5701 1288 5741 c.
1325 5684 1378 5738 4.
1421 5684 1741 5751 Anonymus
1767 5683 1819 5738 in

245 5759 610 5814 Constantino
662 5758 865 5814 Leonis
913 5757 986 5828 .F.
1037 5759 1065 5810 ὀ
1117 5756 1172 5809 δὲ
1217 5754 1470 5825 βασιλεὺς
1539 5753 1821 5824 Ῥωμανὸς

1929 5256 2256 5318 ἀποστείλας
2308 5255 2389 5320 εις
2425 5253 2604 5309 πάντα
2644 5251 2714 5307 τὰ
2744 5251 3084 5323 μοναστήρια
3114 5248 3212 5300 καὶ
3245 5242 3345 5305 τὰς
3373 5238 3507 5293 λαύ-

1936 5327 2360 5472 ραῗὼςλῐξῖίνᾳιί
2384 5402 2742 5472 opponuntur
2759 5391 3044 5446 militibus.
3060 5386 3286 5472 ‘G‘lossae
3311 5379 3514 5472 ςέδιὼ-

1933 5451 2114 5547 sui},
2167 5451 2670 5547 xgtvdc.‘i’rivatus
2707 5475 2976 5547 paganus,
3023 5451 3417 5547 plebeius...
3451 5520 3463 5547 ξ

2006 5530 2120 5612 (9‘2)
2160 5536 2406 5614 _Ea:pers]
2464 5530 2724 5606 peritus.’
2779 5530 3511 5614 Dositheusumag‘igstcr'in

1932 5590 2214 5666 Gloss—(iri;
2227 5590 2500 5678 ErexpErs‘,
2531 5620 2755 5676 gnarus,
2776 5603 2997 5678 sciens.
3040 5590 3370 5678 Glossarium
3405 5590 3516 5645 La-

1930 5685 2040 5735 tino
2072 5711 2095 5721 -
2123 5666 2364 5736 Cra'cuni
2398 5696 2410 5733 :
2485 5666 2709 5747 cipers,
2742 5666 2991 5743 ’ἄπειρος
3057 5670 3151 5721 καὶ
3225 5666 3519 5737 ἔμπειρος.

1929 5753 1982 5806 lu
