3978 6212
512 301 651 368 Ῑίὶό

1604 287 2006 353 ANASTASII
2063 282 2699 346 BIBLIOTIIECARII

3676 282 3801 345 14ὶὸ

508 421 700 490 pulcra
725 406 1152 469 tamentantibus
1174 417 1231 463 ct
1262 405 1553 461 defunctos
1575 403 1767 459 beatos
1786 416 2105 457 asscveran-
2133 402 2177 460 Α
2210 395 2437 466 quidam
2475 405 2596 451 erat
2631 395 2686 448 in
2720 392 2842 448 foro
2869 406 2947 490 ex.
2969 389 3255 490 laboribus
3303 390 3422 446 suis
3454 392 3730 463 locuples
3754 407 3805 451 et

518 512 691 563 tibus.
711 506 959 560 Fuerunt
987 510 1169 555 autem
1198 511 1256 554 et
1278 498 1372 569 qui
1412 496 1725 567 suspendiis
1745 495 1830 549 usi
1853 504 2003 559 sunt,
2035 499 2096 546 ut

521 618 551 653 a
585 596 744 651 malis
789 592 1161 662 eriperentur.
1206 587 1424 642 Etenim
1478 584 1800 649 immobilia,
1831 598 1953 653 qua:
2009 581 2096 639 in-

511 696 695 751 erant,
738 683 843 738 sibi
868 697 1056 737 secum
1090 680 1233 735 ferre
1272 694 1384 732 non
1427 684 1702 747 poterant,
1755 682 1809 728 et
1838 672 2097 727 substan-

525 782 687 844 tiam,
712 792 879 846 quam
909 790 975 829 ex
1010 771 1396 843 parentalibus
1424 768 1711 823 doloribus
1741 765 2102 836 possederant

512 870 787 941 perditam
810 863 1349 934 contentplabantur,
1378 868 1432 915 et
1457 857 1870 929 impossibilitas
1909 853 2097 909 omnis

513 976 706 1017 omnes
724 958 981 1013 habebat.
1003 957 1126 1010 Haec
1145 954 1362 1024 quidem
1388 952 1639 1006 inchoata
1661 958 1787 1003 sunt
1802 964 1833 1002 a
1849 947 2098 1016 Septem-

513 1055 637 1108 brio
671 1066 884 1114 mense,
910 1063 1075 1118 porro
1118 1046 1265 1100 circa
1297 1042 1503 1098 Pascha
1544 1041 1692 1093 ﬁnita
1719 1048 1867 1094 sunt.
1890 1037 2097 1093 Secun-

515 1145 643 1198 dam
675 1156 808 1197 vero
827 1154 953 1193 cum
981 1138 1084 1191 hac
1122 1133 1468 1188 aﬁlictionem
1505 1130 1827 1193 admovens,
1855 1128 2096 1181 militare

514 1226 777 1309 praecepit
816 1248 1017 1305 egenos
1061 1239 1118 1285 et
1155 1227 1355 1283 armari
1389 1226 1651 1280 adversus
1688 1221 2098 1291 compatriotas,

515 1333 769 1386 conierre
791 1324 1155 1381 nihilominus
1180 1322 1346 1376 etiam
1376 1319 1568 1373 decem
1599 1324 1654 1371 et
1688 1324 1901 1395 octolac
1923 1312 2093 1367 dimi-

515 1424 673 1478 dium
700 1418 975 1473 numisma
1012 1431 1109 1486 per
1133 1414 1380 1483 singulos
1428 1410 1579 1475 ﬁsco,
1626 1424 1735 1463 una
1778 1422 1904 1462 cum
1947 1405 2100 1461 omni

522 1512 878 1583 proximitate
903 1508 1109 1564 tributa
1148 1505 1389 1576 publica.
1427 1502 1670 1556 Tertiam
1700 1498 2099 1569 malignitatem

519 1605 771 1659 inferens
796 1601 959 1671 jussit
996 1596 1339 1668 perpendere
1358 1602 1414 1648 et
1437 1592 1627 1663 augeri
1653 1592 1849 1645 horum
1870 1590 2098 1653 tributa,

518 1707 574 1750 et
607 1701 868 1765 prmatare
920 1688 1373 1745 ebartiatieorum
1418 1698 1585 1740 causa
1639 1683 1868 1753 siliquas
1918 1681 2100 1735 binas.

2200 489 2335 543 nihil
2372 504 2561 559 egens.
2595 486 2715 552 Quo
2743 482 3011 539 accersito
3038 482 3289 535 omnium
3346 498 3524 537 vorax
3560 486 3806 547 impera-

2201 589 2285 635 tor
2318 580 2395 634 ait
2427 596 2442 633 :
2470 578 2615 633 Pone
2641 592 2862 630 manum
2892 583 3040 627 tuam
3066 574 3121 627 in
3173 575 3369 627 vertice
3419 591 3567 640 meo,
3595 586 3655 629 et
3678 578 3806 646 jura

2197 680 2456 743 quantum
2486 670 2578 725 tibi
2606 670 2674 723 sit
2704 683 2919 721 aurum.
2945 665 3050 732 Qui
3096 681 3292 735 parum
3321 675 3597 737 tanquam
3661 670 3805 724 indi-

2197 780 2336 833 gnua
2365 776 2652 827 recusans,
2682 769 2911 815 coactus
2955 766 3041 812 est
3074 757 3144 811 ab
3182 772 3251 812 eo
3308 758 3499 812 facere
3553 759 3693 819 hoc.
3752 769 3804 814 et

2199 865 2421 911 centum
2468 854 2638 908 libras
2675 868 2734 907 se
2761 851 2904 906 dixit
2936 850 3142 904 habere
3163 890 3179 915 ,
3230 866 3372 920 quas
3401 852 3609 906 eadem
3668 853 3801 908 hora

2198 946 2459 1017 praecepit
2482 944 2691 1009 aﬁ‘erri,
2727 943 2923 997 dicens
2951 959 2965 995 :
2999 941 3080 995 Tu
3112 943 3239 1013 quid
3290 959 3422 1013 opus
3453 945 3617 999 habes
3649 946 3799 1001 solli.

2198 1038 2399 1092 citari!
2433 1037 2636 1108 prande
2667 1050 2892 1099 mecum,
2915 1043 2965 1088 et
2997 1032 3123 1088 tolle
3164 1033 3329 1089 libras
3359 1036 3566 1101 decem,
3620 1047 3671 1092 et
3714 1038 3793 1093 his

2198 1129 2331 1183 vade
2362 1135 2657 1183 contentus.

2271 1221 2430 1275 Anno
2472 1219 2686 1290 imperii
2718 1218 2805 1273 sui
2831 1231 2981 1272 nono
3001 1217 3353 1288 Nicephorus
3389 1232 3578 1277 contra
3619 1223 3783 1280 (ΖΙ)τὶ-

2202 1313 2413 1367 stianos
2446 1310 2871 1367 adinventiones
2901 1310 3174 1374 extendit,
3231 1310 3588 1381 inspectione:
3645 1317 3774 1370 sine

2202 1406 2314 1461 Deo
2338 1406 2392 1460 in
2427 1404 2801 1474 emptionibus
2847 1404 3238 1463 animantium.
3291 1404 3602 1459 diversorum
3660 1422 3763 1475 pa-

2204 1499 2463 1553 bulorum
2491 1512 2555 1551 ac
2587 1495 2865 1550 fructuum
2898 1495 3157 1566 injustas,
3211 1496 3537 1550 titulationes
3581 1505 3637 1551 et
3678 1498 3757 1567 ja-

2203 1600 2391 1644 cturas
2411 1589 2746 1660 principum,
2778 1588 3154 1642 fenerationes
3184 1588 3243 1642 in
3276 1588 3527 1651 navibus,
3548 1590 3637 1658 qui
3658 1604 3770 1642 om-

2204 1682 2370 1738 nibus
2432 1682 2610 1751 legem
2674 1680 2916 1751 ponebat
2964 1695 3035 1734 ne
3081 1680 3151 1735 ad
3205 1695 3430 1735 usuram
3487 1680 3777 1751 quidquam

522 1788 592 1841 Et
640 1786 707 1840 ad
763 1792 1019 1854 quartam
1083 1780 1385 1850 nequitiam
1442 1793 1595 1833 suam
1651 1775 1862 1830 reditus
1914 1788 2104 1829 omnes
2137 1766 2179 1828 Β
2212 1774 2574 1835 tribueretur,
2601 1780 2659 1827 et
2682 1771 2786 1826 alia
2808 1770 2951 1826 dena
2972 1771 3146 1826 millia
3162 1772 3432 1827 malorum
3454 1782 3786 1839 commenta,

523 1879 713 1949 augeri
742 1876 1025 1948 praecepit.
1054 1874 1259 1941 Quinta
1292 1886 1426 1927 vero
1453 1870 1745 1925 afﬂictione
1776 1869 1923 1923 illata
1954 1882 1985 1921 a
2014 1881 2108 1920 ve-

527 1971 864 2027 nerabilium
932 1968 1224 2023 domortfm
1284 1963 1592 2034 inquilinis.
1650 1959 2107 2032 orphanotrophii

526 2064 749 2120 scilicet
771 2070 829 2117 ct
860 2060 1241 2131 hospitalium,
1290 2056 1729 2127 gerocomiorum
1782 2068 2003 2124 quoque
2044 2067 2109 2108 ac

530 2157 900 2213 ecclesiarum
926 2163 982 2209 et
1021 2151 1485 2209 monasteriorum
1516 2150 1805 2220 regalium.
1836 2164 1936 2219 per
1990 2148 2107 2203 sin-

531 2248 689 2314 gulos
716 2243 870 2298 focos
912 2256 1112 2297 census
1157 2240 1303 2310 exigi
1330 2255 1361 2293 a
1399 2240 1578 2309 primo
1630 2238 1940 2310 tyrannidis
1990 2238 2110 2307 ejus

527 2352 674 2391 anno
702 2334 983 2406 prtecepit.
1013 2335 1286 2389 Cancrum
1323 2347 1569 2402 quaequa:
1604 2331 1831 2387 meliora
1862 2329 2102 2385 erantin

530 2426 717 2491 rebus,
761 2425 815 2480 in
846 2425 1051 2495 regiam
1087 2424 1423 2479 curatoriam
1467 2422 1668 2477 deferri
1690 2422 1937 2493 jubebat.
1972 2421 2109 2476 Sex-

531 2528 645 2571 tam
680 2531 1033 2571 commovens
1065 2514 1442 2576 amictionem,
1482 2513 1679 2583 inspici
1709 2529 1739 2567 a
1783 2514 2109 2582 praetoribus

534 2606 697 2676 jubet
729 2622 826 2660 eos
857 2606 951 2675 qui
980 2622 1047 2660 ex
1086 2613 1405 2674 paupertate
1436 2612 1663 2673 repente
1697 2604 1868 2659 creati
1898 2610 2105 2666 essent,

531 2706 589 2751 et
618 2696 687 2749 ab
718 2696 805 2749 his
843 2696 1105 2764 pecunias
1132 2695 1274 2763 exigi
1296 2695 1450 2763 quasi
1478 2694 1547 2747 ab
1575 2694 1957 2749 inventoribus
1988 2694 2109 2747 the-

531 2802 847 2842 saurorum.
898 2784 1208 2855 Septimam
1233 2799 1453 2853 quoque
1491 2784 1854 2839 adinvcniens
1880 2799 1978 2838 eos
2009 2782 2105 2853 qui

535 2886 667 2933 ante
694 2877 762 2932 ΞΟ
784 2892 957 2932 annos
988 2876 1335 2940 invenerant,
1364 2884 1423 2929 et
1456 2890 1630 2944 usque
1663 2875 1848 2931 adhuc
1898 2875 2106 2930 dolium

534 2976 631 3023 aut
662 2984 754 3023 vas
773 2967 1164 3038 quodcunque,
1194 2967 1455 3022 onmibus
1507 2965 1746 3036 propriis
1778 2965 1980 3035 privari
2009 2981 2105 3034 pe-

534 3060 737 3116 cuniis.
769 3058 1172 3124 0ctavam,eos
1199 3057 1295 3127 qui
1325 3073 1393 3112 ex
1419 3056 1535 3111 avis
1566 3056 1651 3111 vel
1700 3056 1951 3127 patrihus
1992 3055 2107 3110 lm-

2220 1878 2455 1935 quorum
2494 1862 2848 1934 particularis
2883 1863 3117 1918 historia
3150 1878 3385 1919 onerosa
3437 1874 3524 1920 est
3576 1864 3663 1919 his
3697 1865 3790 1935 qui

2207 1955 2629 2026 compendiosas
2660 1954 2876 2010 discere
2908 1969 3103 2010 causas
3153 1956 3473 2025 exquirunt.
3528 1956 3650 2009 Kal.
3698 1970 3797 2009 au-

2214 2059 2323 2105 tem
2350 2047 2706 2112 Octobribus,
2739 2048 2905 2102 tertia
2938 2047 3100 2113 feria,
3124 2048 3413 2118 evaginato
3432 2047 3656 2118 quidam
3679 2047 3801 2102 dis-

2209 2144 2420 2214 sipatus
2444 2141 2498 2196 in
2529 2140 2724 2196 habitu
2754 2140 3010 2195 monachi
3042 2140 3225 2212 gladio
3246 2140 3531 2211 cujusdam
3549 2138 3799 2194 militan-

2214 2240 2350 2294 tium
2383 2234 2632 2291 cucurrit
2671 2234 2727 2288 in
2756 2235 3047 2305 palatium,
3080 2235 3455 2306 Nicephorum
3486 2232 3801 2289 interﬁcere

2215 2342 2491 2399 quaerens.
2526 2327 2644 2381 Duo
2672 2340 2806 2380 vero
2838 2341 2906 2380 ex
2940 2325 3029 2380 his
3058 2325 3153 2395 qui
3204 2323 3673 2389 circumstabant,
3731 2323 3808 2377 ir-

2211 2429 2437 2473 ruentes
2472 2417 2530 2471 in
2565 2432 2718 2480 eum,
2752 2417 3024 2472 atrociter
3073 2417 3350 2472 vulnerati
3401 2426 3534 2471 sunt
3562 2415 3637 2469 ab
3689 2415 3806 2469 illo.

2209 2510 2658 2581 Comprehensus
2696 2518 2883 2563 autem
2915 2516 2972 2563 et
3003 2509 3191 2563 multis
3232 2509 3410 2578 ptenis
3437 2507 3681 2562 affectus
3711 2522 3812 2561 cx-

2211 2603 2534 2667 cusavitse,
2589 2601 2924 2656 dtemonium
2982 2601 3184 2655 habere
3236 2600 3619 2670 pretendens,
3683 2601 3815 2655 nul-

2211 2697 2438 2764 lumque
2465 2708 2697 2763 prorsus
2739 2708 3018 2748 accusans.
3046 2691 3115 2746 At
3166 2691 3257 2745 ille
3314 2690 3463 2743 hunc
3516 2689 3574 2742 in
3648 2690 3817 2761 ligno

2212 2785 2457 2841 munivit
2484 2800 2611 2839 cum
2644 2783 2996 2855 patientibus.
3049 2781 3202 2837 Militi
3232 2796 3367 2851 ergo
3390 2780 3671 2851 deinceps
3703 2796 3822 2837 au-

2211 2876 2387 2948 gurali
2418 2884 2572 2941 sunt,
2599 2875 2841 2931 enormis
2866 2874 2984 2929 fore
3011 2874 3143 2927 mali
3173 2873 3287 2927 hoc
3311 2872 3536 2944 signum
3570 2888 3819 2928 asseve-

2213 2977 2401 3022 rantes
2432 2975 2544 3022 tam
2579 2966 2984 3036 imperantibus
3009 2979 3175 3035 quam
3210 2964 3497 3037 subjectis,
3530 2965 3813 3035 quemad-

2213 3060 2437 3115 modum
2462 3059 2596 3114 etin
2624 3058 2795 3129 impio
2827 3058 3080 3113 Nestorio
3108 3053 3315 3133 factum
3339 3064 3445 3112 est.
3476 3056 3814 3111 Manichea-

537 3151 917 3215 reditaverant
968 3160 1026 3205 et
1072 3148 1249 3203 divisa
1294 3148 1603 3205 substantia
1664 3163 1934 3219 pauperes
1985 3147 2182 3211 factic
2216 3168 2339 3207 rum
2389 3167 2564 3217 vero,
2624 3151 2722 3221 qui
2802 3166 2955 3206 nunc
3022 3149 3326 3206 Pauliciani
3391 3157 3446 3203 et
3501 3149 3813 3219 Athingani

538 3244 778 3309 fuerant,
806 3258 873 3297 ex
901 3241 1108 3296 eisdem
1136 3241 1297 3295 annis
1323 3240 1394 3293 20
1435 3240 1865 3295 redhibitionem
1893 3238 2116 3309 publico

541 3334 791 3404 praebere
817 3332 1068 3403 jubebat.
1120 3330 1190 3384 Et
1217 3345 1314 3384 eos
1356 3330 1451 3399 qui
1496 3339 1748 3385 emerant
1780 3340 1936 3385 extra
1971 3333 2119 3402 Aby-

538 3424 671 3478 dum
695 3438 928 3491 corpora
952 3421 1197 3485 servilia,
1224 3420 1353 3475 bina
1386 3420 1718 3479 numismata
1750 3422 1807 3476 in
1850 3423 2117 3479 tributum

540 3515 675 3570 dare
722 3512 1005 3584 praecepit,
1066 3513 1301 3568 maxime
1354 3513 1477 3568 illos
1527 3514 1623 3583 qui
1676 3514 1733 3568 in
1779 3514 2118 3571 Dodecaniso

538 3615 716 3662 erant.
750 3604 983 3669 Nonam,
1017 3617 1324 3664 nauccros,
1356 3603 1447 3673 qui
1476 3602 1800 3659 habitabant
1822 3605 2115 3671 maritima,

539 3708 598 3754 et
651 3695 886 3752 maxime
977 3696 1207 3751 minoris
1275 3696 1455 3762 Asia,
1534 3714 1814 3768 nunquam
1898 3708 2119 3755 terreno

540 3789 730 3847 labore
763 3788 1036 3853 viventes,
1081 3804 1270 3844 emere
1323 3789 1391 3844 de
1432 3789 1603 3846 rebus
1633 3806 1755 3861 quae
1776 3792 1845 3846 ab
1887 3792 1981 3847 illo
2031 3809 2121 3848 ra-

540 3883 835 3953 piebantur
888 3881 1120 3953 cogebat
1158 3920 1173 3945 ,
1210 3889 1493 3952 utcunque
1555 3884 2000 3953 appretiarentur
2050 3886 2119 3941 ab

544 3973 685 4044 ipso.
714 3971 1018 4038 Decimam,
1045 3971 1357 4043 insignibus
1397 3972 1955 4045 Constantinopoleos
1984 3991 2122 4031 nau-

543 4063 735 4121 cleriis
757 4063 1009 4120 collectis
1048 4063 1202 4119 dedit
1232 4064 1302 4119 ad
1335 4080 1560 4120 usuram
1611 4075 1852 4136 quatuor
1882 4068 2110 4138 siliqua-

542 4171 667 4210 rum
698 4155 994 4219 numisma,
1022 4170 1149 4209 cum
1190 4156 1311 4210 auri
1354 4157 1616 4212 librarum
1650 4158 1942 4214 duodecim
1991 4176 2120 4231 per-

544 4245 848 4312 solverent,
897 4245 1061 4299 simul
1100 4255 1157 4300 et
1193 4256 1459 4302 consueta
1501 4250 1855 4305 commercia.
1887 4251 2011 4307 Haec
2053 4268 2122 4307 ex

547 4336 734 4392 multis
772 4336 906 4391 mihi
946 4339 1263 4393 summatim
1315 4354 1489 4409 pauca
1520 4340 1799 4413 descripta
1844 4353 1994 4409 sunt,
2047 4345 2123 4399 si-

546 4426 830 4497 gniﬁcanti
864 4427 1251 4482 multimodum
1307 4429 1427 4499 ejus
1477 4428 1548 4483 ad
1600 4445 1823 4486 omnem
1878 4433 2119 4502 speciem

546 4519 796 4574 avaritiae
826 4518 1112 4576 molimen.
1145 4518 1276 4585 Quae
1303 4519 1451 4575 enim
1477 4520 1532 4574 in
1564 4521 1714 4591 regia
1746 4522 1883 4577 urbe
1916 4524 2123 4593 primo-
2157 4496 2199 4550 θ

548 4610 705 4666 ribus
735 4610 1111 4668 mediocribus
1152 4622 1211 4667 et
1260 4612 1476 4683 exiguis
1526 4620 1750 4669 ostensa
1792 4626 1920 4671 sunt
1958 4618 2137 4683 mala,

549 4712 834 4773 nequeunt
877 4705 1068 4770 scribi,
1104 4705 1243 4761 alios
1264 4706 1486 4776 quidem
1508 4721 1574 4761 eo
1601 4706 1965 4778 investigante
1992 4723 2128 4780 qua-

546 4794 676 4850 liter
702 4794 854 4851 domi
904 4796 1174 4865 viverent,
1227 4812 1294 4853 ac
1343 4799 1704 4854 submittente
1759 4799 2135 4871 malignorum

551 4884 820 4953 quosdam
872 4901 1161 4942 servorum
1212 4887 1515 4959 derogandi
1545 4888 1809 4950 dominis.
1840 4899 1897 4944 et
1927 4890 1984 4944 in
2012 4891 2129 4961 pri-

552 4975 784 5033 mordiis
810 4979 969 5047 quasi
1001 4975 1289 5037 duhita'nte
1312 4998 1481 5053 super
1502 4982 1589 5038 his
1612 4998 1735 5053 quae
1774 4982 2127 5050 dicebantur,

551 5068 753 5126 deinde
795 5085 927 5125 vero
964 5070 1273 5128 afﬁrmante
1325 5076 1678 5130 calumniam.
1710 5075 1769 5131 id
1820 5076 1999 5147 ipsum
2031 5093 2130 5132 au-

552 5172 663 5219 tem
690 5172 746 5217 et
775 5178 943 5234 super
974 5163 1311 5235 ignobilibus
1327 5166 1573 5235 gerebat,
1600 5168 1797 5240 dignos
1822 5169 2130 5225 honoribus

546 5256 803 5328 judicans
844 5256 1222 5314 detrahentes.
1260 5258 1533 5316 Prteterea
1584 5260 1875 5316 domorum
1924 5263 2130 5319 multos

492 5378 500 5389 -
553 5350 928 5405 habitatorum
956 5366 985 5406 a
1013 5350 1185 5423 prima
1211 5351 1264 5405 in
1292 5352 1510 5407 tertiam
1552 5355 1959 5425 generationem
1994 5356 2132 5411 sub-

552 5443 829 5508 vertebat,
865 5460 960 5514 spe
987 5443 1164 5500 fretus
1192 5444 1339 5515 quod
1368 5454 1576 5515 quanto
1606 5446 1845 5503 celerius
1877 5458 2127 5514 ruerent,

556 5543 711 5589 tanto
748 5535 848 5590 has
883 5536 1000 5607 ipse
1032 5536 1179 5593 foret
1206 5538 1530 5594 haereditate
1550 5538 1716 5595 citius
1745 5554 2130 5611 possessurus.

556 5622 793 5692 Dignum
824 5640 1009 5685 autem
1044 5638 1129 5685 est
1152 5641 1215 5685 ut
1242 5639 1300 5686 et
1332 5632 1439 5687 hoc
1472 5646 1639 5688 causa
1688 5632 1987 5701 voluptatis
2034 5647 2135 5688 seu

553 5716 949 5789 paradigmatis
990 5723 1268 5780 memoriae
1293 5724 1766 5782 commendemus.
1815 5724 2136 5785 Ccrularius

2217 3245 2502 3310 dicuntur,
2528 3244 2737 3314 quique
2764 3244 2823 3297 in
2854 3242 3093 3315 Phrygia
3120 3251 3177 3297 et
3196 3240 3461 3311 Lycaonia
3506 3240 3814 3295 constituti

2218 3336 2465 3392 conﬁnes
2504 3344 2560 3390 et
2588 3333 2755 3389 vicini
2784 3336 2908 3405 ejus
2930 3331 3292 3394 habebantur,
3324 3329 3533 3383 amicus
3563 3327 3809 3383 ferven-

2220 3428 2475 3483 tissimus
2497 3435 2637 3493 erat,
2679 3425 2967 3497 responsis
2999 3440 3193 3481 eorum
3243 3437 3455 3486 semper
3482 3428 3539 3475 et
3586 3421 3800 3473 immo-

2219 3521 2521 3576 lationibus
2549 3519 2986 3590 congratulatus,
3047 3518 3106 3573 in
3167 3516 3390 3587 quibus,
3450 3523 3507 3569 et
3572 3513 3815 3583 quando

2222 3610 2505 3665 Bardanus
2534 3609 2803 3680 patricius
2832 3616 3031 3665 contra
3050 3623 3110 3663 se
3142 3604 3465 3672 insurrexit,
3497 3603 3591 3659 his
3629 3603 3818 3659 advoc

2221 3703 2361 3759 catis
2392 3702 2542 3757 hunc
2575 3701 2959 3757 molitionibus
2991 3701 3239 3772 ipsorum
3291 3698 3532 3769 subegit.
3563 3697 3821 3753 Taurum

2223 3794 2429 3865 quippe
2466 3793 2523 3848 in
2570 3792 2810 3863 quodam
2854 3792 2977 3847 lacu
3012 3792 3197 3848 ferreo
3234 3791 3361 3862 palo
3391 3791 3661 3847 cornibus
3695 3791 3820 3845 alli-

2223 3901 2358 3957 gans
2394 3885 2459 3941 ad
2495 3894 2699 3939 terram
2730 3884 3113 3949 incurvatum,
3150 3884 3232 3938 sic
3286 3882 3420 3938 dum
3474 3882 3723 3953 mugiret
3767 3891 3821 3937 et

2222 3978 2572 4031 volntaretur
2601 3974 2783 4031 occidi
2823 3973 2981 4041 fecit,
3027 3974 3305 4047 huiusque
3336 3983 3549 4029 vestem
3580 3973 3639 4028 in
3676 3974 3818 4029 mola

2224 4085 2385 4124 versa
2401 4070 2523 4123 vice
2556 4069 2769 4124 molens
2793 4076 2851 4123 et
2868 4067 3345 4123 incantationibus
3367 4082 3504 4122 usus
3522 4067 3817 4122 victoriam

2225 4163 2370 4227 tulit,
2402 4162 2755 4233 permittente
2785 4161 2897 4216 Deo
2913 4170 3140 4231 prapter
3166 4159 3584 4215 multitudinem
3626 4176 3821 4230 pecca-

2226 4264 2407 4310 torum
2429 4264 2765 4310 nostrorum.
2784 4253 2879 4308 Isti
2906 4254 3087 4309 locum
3112 4253 3216 4308 sub
3234 4254 3467 4324 imperio
3488 4254 3618 4325 ejus
3632 4254 3821 4325 adepti

2225 4359 2357 4403 sunt
2407 4347 2682 4418 intrepide
2709 4348 3111 4413 conversandi;
3145 4347 3294 4403 unde
3327 4347 3486 4402 multi
3542 4348 3819 4402 leviorum

2231 4438 2473 4493 infandis
2524 4453 2722 4493 eorum
2750 4440 3002 4511 corrupti
3028 4451 3159 4495 sunt
3188 4440 3376 4496 sectis.
3402 4439 3463 4495 In
3514 4440 3824 4495 Exacionio

2230 4545 2364 4583 vero
2416 4528 2641 4598 quidam
2702 4529 2874 4584 falsus
2923 4528 3163 4585 eremita
3190 4529 3446 4585 Nicolaus
3490 4528 3720 4583 nomine
3762 4537 3825 4583 et

2234 4618 2459 4689 quidam
2486 4634 2613 4675 cum
2638 4633 2707 4674 eo
2729 4618 3035 4689 blasphemi
3064 4619 3199 4675 facti
3232 4619 3448 4675 fuerant
3472 4618 3639 4672 etiam
3671 4618 3825 4672 necti

2234 4711 2510 4766 sermonis
2556 4711 3071 4782 venerabiliumque
3132 4712 3432 4784 imaginum
3482 4708 3824 4774 adversarii,

2233 4819 2375 4874 quos
2409 4804 2755 4875 Nicephorus
2788 4804 3159 4871 defendebat,
3192 4815 3254 4862 et
3308 4819 3586 4861 summum
3638 4818 3826 4859 sacer-

2228 4895 2413 4951 dotem
2464 4910 2769 4967 omnesque
2796 4897 3102 4953 secundum
3132 4897 3306 4952 Deum
3337 4896 3593 4952 viventes
3636 4896 3827 4952 tristes

2226 4988 2330 5043 hac
2359 5003 2458 5058 pro
2482 5003 2647 5044 causa
2679 4989 2968 5045 reddebat.
2988 4989 3143 5062 Saepe
3162 5005 3406 5061 namque
3428 4989 3710 5046 adversus
3737 5006 3824 5045 eos

2226 5080 2635 5149 queritantibus
2658 5080 2978 5151 indignatus
2994 5092 3100 5146 est,
3118 5081 3443 5137 inimicitias
3462 5081 3711 5137 invicem
3738 5098 3826 5138 co-

2224 5172 2561 5241 agitantibus
2611 5172 2771 5229 valde
2819 5176 3239 5246 congratulans,
3277 5172 3546 5229 deridens
3608 5188 3823 5229 omnem

2235 5263 2607 5320 Christianum
2626 5266 2937 5336 proximum
2970 5266 3289 5339 diligentem
3310 5268 3483 5323 veluti
3509 5267 3821 5324 divinorum

2239 5356 2620 5412 mandatorum
2644 5372 2872 5414 eversor
2896 5376 2911 5424 ;
2931 5358 3022 5415 cui
3041 5361 3284 5416 studium
3315 5369 3440 5415 erat
3457 5360 3671 5432 judicia
3700 5360 3823 5415 irra-

2238 5450 2524 5506 tionabilia
2553 5452 2973 5509 etrationabilia
3001 5463 3193 5510 contra
3216 5469 3438 5510 omnem
3471 5455 3753 5513 hominem
3771 5455 3821 5507 in

2244 5543 2554 5614 Magnaurte
2580 5546 2824 5616 pmnalio
2870 5546 3277 5613 commovendi,
3312 5564 3439 5619 qua:
3468 5564 3637 5605 nemo
3671 5562 3821 5601 vara-

2244 5646 2327 5690 ret
2351 5652 2515 5707 agere
2548 5638 2811 5695 adversus
2866 5638 3177 5710 impietates
3201 5640 3343 5709 ejus.
3381 5640 3639 5712 Denique
3687 5637 3819 5694 mili-

2245 5736 2392 5784 tares
2415 5728 2697 5808 principes
2737 5747 2890 5787 more
2923 5746 3209 5788 servorum
3244 5732 3321 5788 uti
3354 5733 3638 5807 episcopis
3664 5740 3713 5788 et
3739 5734 3817 5785 in-
