3978 6212
258 289 360 356 lil'l

1037 285 1408 349 HISTORIA
1447 287 2022 348 ECCLESIASTICA
2050 287 2152 348 EX
2177 287 2664 350 ΤΗΕΟΡΗΑΝΕ.

3349 293 3486 360 1413

254 399 438 458 ferioris
475 396 690 455 ordinis
719 398 940 454 clericis
964 398 1149 471 jussit,
1205 398 1492 454 audituros
1522 400 1807 469 episcopis
1839 411 1880 457 Α
1909 398 2091 460 cabat.
2121 407 2174 455 et
2204 399 2571 470 principibus,
2615 399 2710 470 qui
2755 400 3049 456 introitum
3108 403 3491 474 inhibuorant,

250 503 294 566 et
315 494 654 557 iiimasteria,
684 502 742 547 et
772 491 860 547 his
891 507 1014 563 qua:
1037 508 1232 546 eorum
1266 502 1456 546 essent
1488 491 1806 546 auctorabi-

249 585 344 640 liter
359 583 670 646 abusuros;
723 598 934 652 eosque
957 583 1053 653 qui
1079 597 1111 636 a
1143 582 1348 637 saeculo
1373 582 1580 637 divinis
1601 592 1802 637 contu-

245 677 393 731 lerant
415 674 699 744 obsequiis
713 689 883 729 aurea
902 674 990 729 vel
1011 681 1272 745 argentea
1289 688 1418 729 vasa
1433 673 1803 744 vituperabat,

241 777 291 824 et
312 767 660 824 ecclesiarum
688 780 925 837 quaeque
974 776 1190 822 sacrata
1248 782 1348 838 pro
1405 766 1806 822 communibus

242 861 409 916 haberi
445 859 674 931 dignum
707 859 828 914 fore
849 859 1276 930 dogmatisabat,
1317 860 1490 918 instar
1510 858 1669 914 ludas
1699 859 1806 913 tale

241 953 355 1022 quid
405 967 574 1024 super
608 951 901 1007 Dominico
932 952 1285 1008 decernentis
1323 961 1630 1024 unguento.
1691 953 1802 1007 An-

240 1055 522 1101 tecessores
551 1060 687 1100 vero
733 1059 865 1100 suos
908 1043 1272 1114 imperatores
1320 1044 1610 1099 universos
1655 1044 1806 1098 velut

236 1136 557 1209 improvidos
583 1136 900 1202 accusabat,
927 1135 1264 1207 generaliter
1315 1136 1563 1191 omnium
1617 1135 1804 1206 provi—

231 1233 457 1290 dentiam
481 1231 762 1298 auferens,
785 1232 1037 1288 simulet
1074 1230 1266 1288 dicens
1310 1232 1587 1288 neminem
1641 1247 1804 1302 posse

233 1325 578 1395 imperantem
611 1323 1038 1387 circumveniri,
1074 1323 1120 1379 si
1147 1323 1386 1378 voluerit
1411 1324 1458 1378 is
1490 1323 1585 1394 qui
1631 1323 1806 1394 impe-

231 1424 309 1471 rat
334 1425 560 1471 strenue
595 1415 972 1486 principatum
1002 1423 1214 1473 tenere.
1243 1416 1351 1472 Sed
1397 1432 1573 1472 vanus
1623 1414 1804 1472 factus

226 1517 308 1565 est
345 1509 397 1564 in
460 1509 897 1580 cogitationibus
945 1509 1063 1564 suis
1118 1509 1386 1565 divinitus
1439 1509 1796 1566 occidendus.

225 1603 429 1658 Interea
458 1617 646 1657 mense
686 1601 994 1657 Februario
1022 1602 1273 1672 ejusdem
1325 1601 1555 1658 decimae
1587 1614 1801 1674 quartae

223 1696 558 1760 indictionis,
589 1695 770 1766 primo
801 1695 1031 1752 sabbato
1059 1696 1422 1766 jejuniorum,
1477 1697 1625 1752 obvii
1669 1697 1798 1754 facti

222 1789 477 1846 Saraceni
506 1805 679 1860 penes
705 1788 1031 1844 Euchaitam
1057 1788 1227 1844 Leoni
1259 1789 1480 1860 pmtori
1512 1791 1802 1847 Armenia-

225 1898 440 1948 corum,
475 1881 747 1937 deferenti
773 1882 1034 1936 thematis
1053 1867 1262 1953 regam,
1294 1882 1438 1952 hanc
1457 1883 1802 1939 abstulerunt

216 1991 342 2031 cum
359 1974 720 2030 multitudine
745 1974 936 2044 populi
965 1974 1209 2044 cepiosa.
1239 1975 1470 2030 Talenta
1493 1991 1624 2030 vero
1641 1987 1801 2031 erant

213 2067 512 2134 sexdecim,
537 2083 658 2137 qua:
686 2076 818 2121 sunt
850 2067 1005 2122 librae
1026 2067 1177 2122 mille
1211 2076 1268 2123 et
1297 2075 1580 2123 trecentae.
1604 2069 1673 2124 Et
1696 2085 1800 2124 nec

210 2160 294 2216 sic
319 2159 646 2232 redargutus
675 2159 1024 2230 Niecphorus
1057 2161 1126 2216 ab
1157 2159 1388 2216 avaritia
1412 2177 1510 2216 sua
1540 2162 1796 2217 cessavit.

207 2254 270 2309 ln
295 2254 381 2308 his
408 2268 539 2324 ergo
571 2253 744 2323 signis
780 2268 958 2308 novus
1010 2253 1204 2308 Achab
1245 2269 1355 2309 non
1389 2254 1674 2320 eruditus;
1702 2255 1796 2325 qui

206 2354 422 2410 contra,
441 2345 732 2400 Pbalaride
756 2360 823 2401 ac
844 2345 989 2401 Mida
1007 2345 1366 2402 ambitiosior
1389 2345 1587 2410 factus,
1606 2356 1796 2402 contra

207 2438 474 2509 Vulgares
523 2437 773 2509 praelium
830 2447 1112 2510 praparat
1170 2455 1280 2494 una
1328 2455 1455 2494 cum
1509 2439 1799 2496 Stauracio

207 2529 326 2585 tilio
358 2546 479 2585 suo.
521 2531 590 2586 Et
631 2531 779 2586 lulio
810 2547 1002 2588 mense
1033 2547 1064 2586 a
1109 2532 1258 2603 regia
1303 2532 1441 2588 urbe
1488 2533 1795 2604 digressus,

196 2623 366 2692 jussit
385 2623 590 2679 Nicetis
613 2624 846 2695 patricio
875 2632 930 2680 et
959 2625 1200 2696 generali
1229 2625 1521 2694 logothetaa
1545 2625 1797 2696 publicos

198 2715 564 2771 ecclesiarum
607 2723 665 2772 et
710 2718 1172 2772 monasteriorum
1235 2733 1436 2772 census
1485 2717 1793 2788 imponere,

196 2816 256 2862 et
309 2817 442 2863 octo
499 2825 770 2864 annorum
835 2810 1242 2881 praeteritorum
1309 2809 1712 2866 redhibitiones
1763 2825 1794 2865 a

195 2901 528 2971 principum
598 2901 858 2955 domibus
923 2902 1162 2972 exigere,
1221 2912 1278 2958 et
1332 2912 1452 2959 erat
1494 2904 1794 2959 lamentum

194 3006 492 3062 magnum.
521 2989 657 3046 Cum
693 3000 876 3046 autem
904 2981 1558 3063 querimoniam‘bu’diret
1603 3011 1632 3049 a
1657 3009 1796 3065 quo—

194 3081 336 3138 dam
367 3082 597 3152 pmprio
640 3081 870 3150 famulo,
900 3085 1214 3142 Theodosio
1245 3085 1506 3142 videlicet
1549 3085 1800 3142 Salibara’

1903 3084 2064 3132 erant
2137 3077 2328 3133 Aetius
2398 3079 2637 3141 Petrus.
2702 3088 2760 3134 et
2831 3078 3118 3137 Sisinnius

191 3174 449 3247 patricio
477 3173 695 3229 dicente
720 3175 825 3230 sibi
858 3194 872 3230 :
905 3175 1122 3243 Omnes,
1152 3193 1182 3231 ο
1213 3177 1446 3240 domine,
1473 3185 1661 3231 contra
1691 3194 1786 3232 nos

191 3255 473 3329 clamant,
516 3273 568 3318 et
614 3265 667 3318 in
701 3275 934 3337 tenipore
961 3269 1272 3322 tentationis
1302 3283 1481 3323 omnes
1518 3269 1666 3322 casui
1694 3285 1792 3322 no-

186 3366 317 3412 stra
353 3356 895 3429 congratulabuntur,
939 3359 1017 3414 ait
1040 3359 1106 3414 ad
1143 3375 1269 3415 eum
1309 3377 1324 3413 :
1355 3359 1414 3416 Si
1444 3361 1583 3415 Deus
1630 3361 1793 3414 obdu-

190 3467 336 3504 rans
373 3450 651 3504 obduravit
692 3467 782 3504 cor
809 3467 981 3506 meum
1009 3461 1064 3504 ut
1105 3451 1340 3517 Pharao,
1375 3455 1502 3523 quid
1527 3454 1649 3508 boni
1695 3455 1794 3507 erit

188 3543 284 3596 his
315 3543 410 3614 qui
433 3543 526 3597 sub
557 3560 721 3598 manu
756 3559 872 3597 mea
897 3552 1022 3596 sunt
1048 3543 1074 3596 .9
1101 3561 1132 3596 a
1158 3544 1472 3616 Nicephoro,
1521 3548 1794 3611 Theodosi,

187 3633 320 3687 noli
351 3644 660 3705 exspectare
694 3645 889 3706 prater
917 3651 1037 3706 qua:
1067 3653 1098 3688 a
1123 3645 1172 3689 te
1199 3639 1609 3707 conspiciuntur.
1671 3639 1798 3694 lla>c

185 3723 478 3779 Dominus
506 3725 679 3781 nevit.
731 3726 856 3802 ipse
887 3741 990 3796 ego
1037 3727 1384 3796 conscriptor
1432 3728 1628 3783 horum
1675 3729 1796 3784 viva

179 3831 344 3871 voce
381 3817 568 3874 audivi
608 3833 638 3873 a
669 3818 1305 3876 -Theodosio.Collcctis
1349 3821 1534 3892 itaque
1557 3822 1794 3887 militiis,

181 3921 318 3962 non
345 3911 523 3964 solum
552 3924 620 3964 ex
647 3909 887 3974 Thrace,
914 3924 1105 3965 verum
1131 3911 1298 3966 etiam
1328 3927 1394 3967 ex
1414 3913 1794 3978 ulterioribus,

174 4016 335 4057 cum
363 4001 453 4056 bis
475 4003 640 4057 etiam
672 4017 880 4072 egenos
910 4003 1126 4072 pedites
1157 4020 1281 4060 cum
1314 4006 1554 4077 propriis
1584 4006 1794 4077 stipen-

175 4092 315 4149 diis
354 4103 547 4149 contra
583 4094 862 4164 Vulgares,
909 4095 1096 4150 fundis
1131 4104 1188 4152 et
1242 4097 1412 4168 virgis
1454 4107 1697 4154 armatos
1739 4107 1795 4153 et

176 4186 659 4257 blasphemantes
695 4186 947 4241 minavit.
996 4187 1274 4244 Crumnus
1319 4199 1503 4244 autem
1542 4190 1794 4246 multitu-

176 4279 370 4334 dines
397 4279 616 4347 timens,
648 4295 773 4335 cum
802 4289 950 4336 esset
979 4281 1272 4347 Marcellis,
1322 4285 1546 4355 petebat
1579 4300 1792 4355 pacem.

174 4372 267 4427 At
304 4371 405 4426 ille
438 4387 676 4443 nequam
719 4374 972 4430 consiliis
1026 4386 1083 4431 et
1125 4377 1275 4446 paria
1328 4377 1794 4434 consentientium

1911 489 2248 546 minabatur.
2310 490 2716 546 lrrationabilia
2769 507 3003 564 quaeque
3047 496 3368 563 animantia,
3406 498 3494 554 in,

1907 582 2087 638 fantes
2124 591 2182 638 et
2218 597 2438 638 omnem
2488 591 2706 640 aetatem
2757 583 3271 643 immisericorditer
3306 589 3489 646 occidi

1909 674 2190 744 praecepit,
2218 681 2277 730 et
2301 683 2519 729 mortua
2545 675 3098 744 comprovincialium
3131 693 3370 749 corpora
3406 680 3493 734 in-

1907 765 2124 834 sepulta
2149 764 2385 830 dimisit,
2420 765 2593 820 solius
2633 766 2937 836 spoliorum
2982 768 3330 825 collectionis
3365 771 3491 826 dili-

1906 857 2146 928 gentiam
2186 857 2421 915 faciens.
2456 857 2653 914 Claves
2685 868 2869 915 autem
2902 870 2960 916 et
3005 861 3290 933 signacula
3322 879 3492 934 pene-

1907 948 2142 1004 tralibus
2196 949 2427 1005 Crumni
2477 952 2986 1023 superimponebat,
3021 970 3087 1010 ea
3147 965 3210 1011 ut
3265 959 3492 1027 propria

1905 1040 1974 1096 de
2003 1048 2206 1098 caetero
2245 1041 2524 1109 muniens.
2583 1043 2763 1101 Aures
2816 1045 2985 1101 etiam
3046 1055 3104 1101 et
3162 1056 3490 1103 ceterorum

1903 1133 2354 1190 Christianorum
2416 1134 2710 1200 membra,
2770 1137 2868 1207 qui
2928 1138 3125 1198 saltem
3179 1139 3496 1211 tetigissent

1904 1229 2209 1301 quidquam
2240 1245 2308 1285 es
2337 1231 2556 1301 spoliis,
2581 1231 2922 1296 abscidebat,
2947 1241 3005 1288 et
3025 1233 3204 1288 aulam
3245 1234 3494 1290 incendit

1905 1339 2030 1394 quae
2052 1324 2346 1390 dicebatur
2369 1325 2543 1380 cortis
2568 1324 2825 1390 Crumni,
2860 1341 2986 1381 cum
3022 1325 3142 1396 ipse
3185 1327 3490 1383 vehemen-

1905 1425 1990 1472 ter
2016 1425 2166 1472 esset
2196 1416 2544 1481 humiliatus,
2572 1427 2630 1473 et
2663 1416 3031 1489 signiﬁcasset
3074 1419 3266 1480 dicens
3303 1436 3318 1474 :
3358 1419 3491 1474 Ecce

1903 1511 2092 1564 vicisti.
2126 1508 2272 1564 Tolle
2299 1525 2424 1581 ergo
2470 1511 2728 1582 quidquid
2772 1512 2865 1567 tibi
2913 1511 3176 1581 placabile
3212 1513 3390 1583 luerit,
3440 1523 3492 1568 et

1903 1603 2148 1675 egredere
2176 1605 2232 1658 in
2257 1621 2404 1674 pace.
2441 1605 2650 1669 Atille,
2681 1620 2808 1660 cum
2839 1605 2995 1675 pacis
3019 1614 3168 1660 esset
3197 1605 3484 1668 inimicus.

1908 1698 2053 1752 hanc
2085 1697 2382 1753 admittere
2416 1697 2618 1753 noluit.
2657 1698 2715 1752 ln
2764 1698 2968 1770 quibus
3001 1698 3234 1754 saeviens
3289 1698 3382 1754 ille
3432 1698 3488 1752 in

1907 1790 2150 1862 regionis
2187 1791 2448 1847 introitus
2493 1801 2551 1846 et
2579 1791 2763 1848 exitus
2811 1791 2990 1862 lignea
3027 1791 3333 1847 munimina
3365 1791 3493 1846 mit-

1907 1893 2029 1939 tens
2053 1885 2293 1940 maceria
2321 1886 2705 1941 circumdabat
2735 1894 2902 1956 atque
2941 1885 3160 1940 tutavit.
3209 1885 3492 1956 Nicepho-

1906 1990 2002 2027 rus
2030 1983 2213 2030 autem
2245 1975 2352 2030 hoc
2377 1988 2666 2046 comperto
2696 1990 2826 2030 mox
2879 1976 3170 2038 attonitus,
3225 1976 3490 2044 quidnam

1901 2074 2091 2137 ageret
2117 2067 2452 2122 circumiens
2475 2067 2786 2138 ignorabat,
2815 2075 2872 2122 et
2894 2068 2980 2122 his
3013 2068 3107 2138 qui
3140 2067 3308 2120 simul
3357 2065 3493 2121 ade-

1903 2169 2029 2214 rant
2051 2160 2291 2215 futuram
2321 2161 2690 2231 perditionem
2720 2159 3077 2230 praedicebat,
3112 2173 3446 2217 asseverans
3473 2175 3488 2214 :

1901 2248 2084 2303 Etiam
2107 2252 2152 2305 si
2173 2251 2390 2321 pennati
2416 2251 2544 2320 facti
2566 2250 2846 2320 fuerimus,
2868 2265 2924 2302 se
2961 2263 3114 2301 nemo
3165 2255 3338 2318 speret
3383 2247 3493 2299 exi-

1903 2344 2034 2397 tium
2057 2359 2357 2398 evasurum.
2416 2343 2543 2399 llaec
2601 2352 2787 2397 autem
2841 2341 3120 2404 molimina
3175 2349 3334 2396 erant
3395 2355 3495 2410 per

1901 2434 2022 2491 dies
2061 2435 2221 2502 duos,
2251 2436 2502 2506 quintam
2532 2435 2794 2491 videlicet
2845 2444 2900 2490 et
2931 2443 3140 2490 sextam
3173 2432 3404 2498 feriam;
3435 2438 3495 2496 et

1899 2536 2064 2582 nocte
2093 2526 2312 2582 sabbati
2349 2527 2696 2583 turbationes
2728 2533 2785 2582 et
2813 2525 3102 2583 turbarum
3154 2532 3494 2590 armatarum

1901 2614 2048 2671 circa
2080 2616 2455 2686 Nicephorum
2480 2627 2536 2672 et
2559 2632 2656 2677 eos
2689 2616 2789 2687 qui
2823 2631 2949 2670 cum
3002 2614 3123 2685 ipso
3179 2622 3340 2669 erant
3388 2629 3492 2672 an?

1900 2708 2028 2762 ditat
2076 2709 2224 2764 acies
2277 2725 2471 2764 omnes
2513 2717 2942 2764 enervaverunt.
2996 2707 3139 2762 Ante
3195 2706 3305 2762 diei
3359 2719 3493 2777 ergo

1900 2801 2233 2873 principium
2259 2803 2718 2872 supervenientes
2745 2800 2975 2858 Barbari
2999 2809 3197 2863 contra
3230 2799 3495 2854 taberna-

1898 2894 2087 2949 culum
2120 2894 2413 2964 Nicephori
2445 2904 2501 2951 et
2533 2903 2818 2966 magnetes
2843 2895 2937 2965 qui
2969 2909 3094 2949 cum
3138 2893 3263 2963 ipso
3310 2899 3491 2958 erant,

1898 2985 2052 3040 hunc
2135 2986 2532 3042 miserabiliter
2623 2986 3049 3052 interﬁciunt;
3130 2986 3278 3039 inter
3354 2998 3494 3053 quos

3201 3076 3494 3147 Triphyles

1898 3167 2117 3239 Patricii
2157 3208 2173 3234 ,
2249 3175 2415 3240 atque
2499 3169 2850 3225 Theodosius
2937 3169 3229 3225 lialibaras
3317 3166 3494 3238 patri-

1895 3263 2057 3327 cius,
2110 3262 2209 3334 qui
2291 3261 2646 3318 contristarit
2713 3270 2769 3317 et
2853 3262 3027 3316 multa
3099 3261 3276 3318 beatae
3346 3258 3491 3313 mala

1892 3355 2135 3410 ostendit
2167 3354 2418 3410 Heirenas
2453 3372 2468 3419 ;
2515 3369 2731 3409 necnon
2770 3363 2823 3409 et
2867 3353 3154 3423 Eparchns
3196 3351 3490 3421 patricius,

1892 3455 1948 3503 et
1973 3447 2254 3503 Romanus
2273 3448 2539 3517 patricius
2561 3463 2625 3503 ac
2655 3456 2858 3518 praetor
2885 3445 3272 3510 Orientalium,
3301 3443 3494 3499 multi-

1894 3555 2001 3608 que
2039 3538 2131 3593 alii
2170 3538 2599 3608 protospatbarii
2645 3547 2700 3594 et
2736 3539 3044 3606 spatharii;
3083 3540 3215 3607 quin
3247 3546 3305 3592 et
3335 3536 3492 3590 ordi-

1895 3646 2026 3684 num
2061 3629 2361 3700 principes,
2404 3637 2461 3683 et
2487 3628 2782 3691 excubitus
2812 3629 3156 3687 domesticus
3187 3644 3284 3682 seu
3315 3629 3492 3683 drun-.

1893 3722 2080 3794 garius
2111 3720 2416 3791 imperialis
2443 3721 2664 3791 vigiliae,
2710 3722 2873 3775 simul
2905 3731 2962 3775 et
2996 3721 3224 3778 Thracae
3263 3730 3489 3789 praetor,

1892 3823 1949 3871 et
1979 3814 2136 3869 multi
2172 3813 2456 3884 principes
2475 3813 2778 3868 thematum
2814 3828 2939 3867 cum
2977 3813 3210 3868 inlinitis
3238 3813 3486 3882 populis.

1896 3904 2199 3977 Omnisque
2211 3905 2655 3963 Christianorum
2680 3915 2936 3973 corrupta
2955 3914 3040 3960 est
3059 3904 3304 3976 species;
3334 3921 3492 3966 arma

1894 4014 2118 4070 quoque
2165 3998 2351 4054 omnia
2408 3999 2696 4070 perierunt
2749 4007 2807 4054 ct
2860 3997 3079 4070 imperii
3127 4013 3277 4053 vasa.
3317 3998 3489 4055 Porro

1894 4091 2020 4148 talis
2051 4091 2164 4146 diei
2212 4090 2482 4147 deformia
2509 4091 2678 4147 verba
2726 4092 2870 4150 absit
2905 4091 3205 4149 Christiani
3251 4092 3488 4148 ulterius

1891 4184 2134 4250 videant,
2171 4192 2362 4256 utpote
2411 4201 2574 4241 omne
2611 4187 2910 4242 lamentum
2950 4187 3290 4243 excedentia.
3322 4187 3486 4250 Facta

1893 4292 2028 4332 vero
2053 4285 2183 4332 sunt
2199 4278 2316 4335 haec
2335 4279 2572 4350 septimo
2582 4280 2855 4337 Kalendas
2871 4281 3144 4353 Augustas
3166 4279 3487 4334 indictionis

1894 4375 2124 4437 quartae.
2172 4369 2350 4440 Caput
2381 4379 2566 4426 autem
2607 4371 2906 4444 Nieephori
2934 4372 3213 4429 Crumnus
3242 4372 3483 4427 recisum

174 4464 573 4519 consiliorum
613 4480 838 4521 suorum
865 4468 1220 4523 suasionibus
1257 4469 1574 4540 prohibitus
1605 4478 1708 4535 εει,
1732 4481 1788 4526 ει
1824 4453 1865 4507 D
1895 4461 2182 4528 suspendit
2216 4462 2416 4518 diebus
2457 4464 2647 4518 multis
2690 4465 2744 4518 in
2780 4464 2928 4535 ligno
2959 4464 3013 4518 in
3053 4463 3484 4520 ostentationem

173 4563 330 4623 post
365 4554 572 4608 multos
595 4555 880 4610 anfractus
907 4573 1006 4627 per
1049 4558 1170 4612 avia
1201 4558 1318 4613 loca
1366 4560 1789 4630 puecipitanter,

174 4647 546 4701 temerarius
575 4647 740 4701 simul
766 4657 823 4703 et
855 4649 1108 4718 pavidus,
1139 4650 1450 4722 ingreditur
1478 4652 1790 4724 Vulgariam

170 4735 429 4793 decimo
453 4738 620 4794 tertio
644 4739 918 4796 Kalendas
946 4742 1244 4813 Augustas.
1296 4759 1420 4798 cum
1470 4742 1646 4800 Sirius
1700 4758 1796 4813 ap-

168 4837 432 4901 pareret
453 4840 653 4885 cuncta
678 4845 1034 4897 consumens,
1071 4833 1390 4904 frequenter
1410 4833 1628 4898 aﬂ‘atus,
1665 4830 1794 4898 Quis

175 4918 330 4984 ibit,
368 4918 652 4989 inquiens.
685 4928 734 4974 et
759 4921 982 4994 decipiet
1009 4923 1208 4982 Achab.
1239 4925 1364 4991 quia
1390 4924 1497 4977 sine
1515 4922 1655 4978 Deus
1687 4923 1796 4977 sive

170 5010 550 5067 adversarius
579 5013 746 5067 trahit
794 5030 877 5070 me
918 5014 1226 5069 nolentem!
1259 5015 1432 5070 Porro
1473 5015 1793 5085 priusquam

165 5103 496 5172 ingressus
523 5103 718 5159 fuisset
741 5105 1080 5177 Vulgariam,
1135 5106 1434 5178 Byzantius
1467 5107 1629 5178 hujus
1657 5105 1796 5162 dile-

168 5204 337 5251 ctus
381 5195 624 5255 famulus
667 5198 732 5253 ad
758 5197 1070 5254 Crumnum
1118 5215 1151 5255 a
1193 5200 1467 5256 Marcellis
1526 5198 1792 5271 confugit,

167 5302 402 5344 secum
436 5288 696 5360 subrepta
732 5301 883 5347 veste
915 5292 1186 5363 imperiali
1218 5303 1276 5349 et
1304 5293 1424 5348 auri
1455 5292 1614 5350 libris
1667 5307 1799 5348 cen-

165 5385 354 5432 sum.
386 5377 541 5433 Multi
569 5389 752 5435 autem
779 5381 946 5454 hujus
971 5383 1155 5456 fugam
1186 5384 1243 5440 in
1268 5385 1473 5442 malum
1498 5383 1793 5456 Nicephori

165 5466 483 5536 suspicati
519 5481 670 5526 sunt.
698 5471 902 5528 Tribus
948 5473 1155 5546 quippe
1195 5474 1394 5531 diebus
1431 5483 1558 5547 post
1588 5473 1796 5545 primos

163 5559 504 5618 conﬂictus
535 5577 594 5618 se
623 5565 941 5634 prosperari
968 5567 1230 5638 apinatus
1263 5583 1373 5624 non
1415 5583 1675 5639 prospera
1709 5567 1793 5622 fa-

165 5647 381 5706 cienti
411 5650 528 5706 Deo
560 5652 850 5709 victoriam
884 5657 1221 5722 ascribebot,
1261 5657 1359 5714 sed
1389 5655 1660 5713 Stauracii
1707 5672 1795 5713 so-

168 5740 317 5798 lius
349 5741 551 5805 bonam
585 5743 866 5807 fortunam
897 5748 1217 5822 bonumque
1248 5752 1541 5812 consilium
1593 5749 1793 5822 praedi-

573 5858 848 5922 PATROL.
890 5861 1010 5926 Gn.
1053 5867 1266 5930 CVlll.

1893 4551 1959 4606 ad
1992 4567 2050 4607 se
2087 4552 2504 4610 adventantium
2536 4556 2824 4612 nationum
2856 4565 2912 4611 et
2950 4557 3330 4612 confusionem
3366 4571 3488 4611 om.

1893 4642 2046 4698 nium
2074 4630 2417 4700 nostrorum.
2459 4646 2588 4701 Post
2633 4648 2750 4702 haec
2784 4663 2916 4702 sane
2947 4649 3227 4718 accipiens
3262 4649 3392 4711 hoc,
3429 4655 3488 4702 et

1893 4749 1958 4790 os
1984 4735 2272 4794 denudans
2294 4749 2630 4810 argentoque
2664 4740 2973 4796 forinsecus
2992 4741 3252 4806 induens,
3289 4741 3488 4798 bibere

1896 4825 1950 4880 in
1976 4843 2045 4883 eo
2072 4828 2457 4886 Sclavinorum
2492 4832 2772 4902 principes
2807 4832 2935 4889 fecit
2970 4833 3254 4904 gloriatus.
3283 4835 3487 4890 Verum

1894 4917 2027 4976 licet
2057 4923 2248 4978 multa:
2287 4923 2468 4980 vidua:
2495 4939 2561 4980 ac
2590 4925 2824 4994 orphani
2859 4941 2972 4980 uno
2998 4926 3087 4981 die
3123 4927 3330 4983 fuerint
3359 4927 3487 4984 facti

1896 5021 1954 5067 et
1976 5011 2302 5094 lamentatio
2341 5015 2710 5072 intolerabilis
2742 5018 3060 5082 haberetur,
3102 5020 3269 5093 hujus
3304 5031 3489 5076 tamen

1897 5095 2104 5160 oeci-sio
2131 5107 2432 5162 multorum
2466 5108 2605 5164 facta
2637 5119 2724 5165 est
2753 5111 3078 5166 consolatio.
3111 5106 3331 5168 Modu'm
3360 5127 3490 5165 vero

1897 5194 2064 5266 hujus
2083 5196 2381 5254 occisionis
2403 5199 2588 5256 nullus
2604 5216 2797 5257 eorum
2818 5203 2914 5273 qui
2947 5203 3140 5258 salvati
3163 5213 3292 5257 sunt
3324 5202 3491 5272 liqui-

1897 5287 2024 5344 dius
2055 5291 2355 5347 enarravit.
2401 5293 2614 5349 Ferunt
2653 5295 2879 5365 quidam
2910 5295 3057 5365 quod
3087 5305 3145 5350 et
3184 5293 3488 5352 Christiani

1897 5380 2046 5436 hunc
2077 5382 2364 5441 cadentem
2397 5385 2678 5457 lapidibus
2710 5387 3077 5458 impetierint,
3109 5396 3168 5444 et
3203 5387 3491 5443 etfemina-

1899 5481 2082 5527 torum
2101 5473 2368 5540 virorum,
2391 5491 2684 5532 servorum
2715 5477 2930 5533 scilicet
2956 5478 3100 5549 ejus,
3129 5494 3252 5535 cum
3289 5478 3490 5550 quibus

1895 5575 1952 5621 et
1997 5567 2424 5634 concumbebat,
2473 5570 2566 5625 alii
2597 5571 2822 5640 quidem
2867 5571 2992 5643 igne
3031 5571 3184 5637 valli,
3221 5571 3313 5627 alii
3355 5587 3490 5626 vero

1896 5661 2095 5731 gladiis
2114 5663 2330 5733 periere
2352 5679 2478 5720 cum
2504 5666 2645 5738 ipso.
2665 5665 2841 5739 Hujus
2857 5666 3166 5738 principatu
3189 5667 3490 5724 Christiani

1896 5753 2208 5824 graviorem
2253 5757 2409 5814 nullo
2455 5765 2702 5829 tempore
2751 5761 3036 5817 consecuti
3089 5770 3235 5814 sunt.
3289 5761 3494 5827 Omnes

2968 5878 3043 5942 45
