3978 6212
468 270 628 336 1419.

1584 259 1982 322 ANASTASII
2026 255 2226 316 BIBLl
2239 253 2528 315 O'I'IIECA
2541 253 2652 312 ΗΠ

3635 251 3762 319 ΗΞ)

468 385 610 440 enim
638 381 732 453 qui
765 388 892 435 ante
921 393 980 432 se
1007 375 1349 446 imperarunt
1377 368 1774 426 ambitionibus
1810 375 1866 422 et
1895 366 2056 422 luxu—
2088 372 2130 427 Α
2161 363 2522 420 indicabitur.
2551 361 2725 453 Porro
2767 358 3119 430 Nicephorus
3145 360 3461 431 patriarcha
3489 362 3762 436 scriptum

471 479 570 535 riis
603 485 768 547 atque
802 469 1108 528 barbaricis
1141 464 1568 523 crudelitatibus
1606 460 1890 533 upcravit
1921 476 1938 524 ;
1986 458 2056 514 de

469 571 673 642 quibus
704 581 805 638 per
829 563 1043 636 singula
1071 560 1334 634 prosequi
1361 569 1420 616 et
1459 556 1698 628 posteris
1730 551 2056 610 incredibile

469 674 526 720 et
553 663 716 718 nobis
753 659 862 716 crit
897 657 1258 714 laboriosum.
1297 654 1690 708 Verumtamen
1722 665 1789 704 ex
1841 645 2056 702 (imbria

488 767 688 813 cxtura
739 751 1050 815 manifesta,
1094 751 1247 821 juxta
1299 745 1673 818 proverbium.
1722 742 2061 796 Vulneratur

473 861 654 906 autem
674 857 731 902 et
755 844 1076 902 Stauracius
1100 842 1246 897 illius
1267 841 1389 912 ejus
1415 837 1728 909 periculose
1752 835 1806 888 in
1835 832 2060 888 dextera

478 943 598 999 colli
639 949 818 1012 parte,
853 945 909 993 et
945 937 1038 991 vix
1070 951 1102 990 a
1143 949 1326 1005 pugna
1369 932 1530 986 vivus
1569 927 1762 990 exivit,
1804 936 1860 982 et
1908 922 2062 980 venit

473 1033 926 1105 Hadrianopolim
976 1031 1294 1086 atrocitera
1339 1026 1496 1098 plaga
1542 1023 1945 1094 colaphizatus.
1993 1018 2064 1072 At

475 1143 609 1185 vero
641 1125 957 1196 Stephanus
978 1121 1246 1194 patricius
1268 1129 1324 1176 et
1353 1118 1668 1174 scholarum
1701 1112 2062 1178 domesticus,

473 1235 600 1276 cum
642 1217 862 1274 adesset
883 1229 1104 1286 quoque
1125 1211 1480 1269 Theoctistus
1508 1207 1786 1279 magister,
1818 1218 2065 1275 pronun-

475 1313 634 1370 tiavit
665 1309 1012 1366 Stauracium
1045 1307 1441 1376 imperatorem
1472 1320 1487 1369 ;
1541 1309 1598 1356 et
1633 1296 1938 1370 disputavit
1964 1309 2064 1366 po-

475 1407 630 1479 pulo,
665 1403 760 1476 qui
798 1402 1041 1458 salvatus
1064 1399 1270 1465 fuerat,
1303 1404 1497 1452 contra
1533 1392 1818 1464 proprium
1852 1397 2063 1460 patrem

477 1515 638 1555 suum
673 1516 688 1565 ;
724 1497 818 1568 qui
847 1494 1052 1566 oppido
1083 1491 1338 1550 delectati
1360 1499 1512 1546 sunt.
1544 1485 1774 1544 Michael
1803 1497 1935 1539 sane
1963 1497 2068 1536 cu-

476 1583 799 1664 repalatius,
836 1589 1040 1644 illassus
1067 1577 1746 1656 exsuperans,admodum
1774 1576 1845 1632 ab
1876 1573 2070 1630 amicis

477 1692 702 1760 rogatus
716 1689 807 1738 est
823 1689 888 1737 ut
904 1681 1207 1751 imperator
1223 1677 1618 1748 appellaretur,
1637 1681 1694 1729 et
1709 1680 1821 1727 non
1845 1670 2068 1727 admisit

477 1778 550 1831 ob
583 1777 898 1848 juramenta
933 1773 1176 1843 praestita
1206 1768 1520 1840 Nicephoro
1547 1776 1713 1837 atque
1754 1761 2065 1820 Stauracio.

479 1869 621 1925 Huic
679 1867 996 1938 Stephanus
1050 1864 1390 1920 domesticus
1438 1860 1743 1918 resultabat
1795 1874 1894 1930 spe
1943 1857 2070 1913 vita:

480 1961 776 2018 Stauracii.
815 1958 1170 2015 Theoctistus
1203 1949 1346 2011 vero:
1365 1954 1625 2024 magister
1655 1950 1938 2021 satagebat
1968 1964 2069 2019 pro

481 2056 714 2126 imperio
754 2052 1058 2108 Michaelis.
1112 2051 1286 2106 Porro
1329 2045 1650 2102 Stauracius
1699 2060 1800 2116 per
1850 2043 2066 2098 urinam

479 2149 749 2221 sanguine
795 2148 1193 2201 immensurate
1233 2147 1628 2212 prorumpente
1672 2135 1950 2192 arefactus
1985 2142 2070 2190 est

479 2232 785 2300 femoribus
820 2238 985 2294 simul
1023 2245 1079 2291 et
1124 2235 1297 2300 tibiis,
1340 2232 1480 2289 adeo
1518 2241 1579 2287 ut
1617 2229 1816 2302 phorio
1856 2229 2070 2283 veniret

479 2333 828 2407 Byzantium.
881 2329 1041 2384 Hunc
1097 2327 1445 2398 Nicephorus
1505 2323 1818 2396 patriarcha
1885 2320 2070 2376 valido

479 2443 671 2484 amans
692 2426 915 2483 aﬂ‘ectu.
943 2422 1236 2480 consilium
1263 2419 1428 2475 dabat
1453 2419 1503 2474 ei
1526 2429 1586 2473 ut
1608 2419 1779 2472 Deum
1805 2415 2066 2486 placaret,

477 2527 536 2574 et
571 2533 666 2573 eos
691 2516 785 2586 qui
819 2515 1047 2569 avaritia
1095 2512 1417 2583 praagravati
1454 2517 1645 2566 essent
1684 2525 1716 2563 a
1759 2515 1916 2579 patre
1961 2522 2065 2562 suo

448 2609 882 2665 ‘consolaretur.
926 2604 1007 2660 Ad
1061 2619 1224 2675 quem
1264 2603 1483 2673 paterni
1532 2617 1730 2657 sensus
1775 2615 2071 2672 germanus

480 2701 660 2755 hteres
709 2697 932 2752 dicebat
963 2711 1073 2748 non
1123 2709 1184 2749 se
1238 2708 1401 2763 posse
1443 2694 1567 2764 plus
1612 2693 1794 2748 tribus
1834 2691 2070 2747 reddere

482 2789 730 2846 talentis.
768 2789 895 2844 lltec
949 2794 1134 2842 autem
1169 2794 1290 2841 erat
1321 2785 1482 2840 exilis
1515 2801 1646 2855 pars
1676 2784 2068 2855 injustitiarum

479 2883 633 2939 illius
665 2901 679 2938 :
732 2889 1116 2936 verumtamen
1148 2887 1204 2934 et
1237 2877 1384 2934 circa
1417 2878 1533 2933 haec
1569 2876 1958 2948 pigritabatur,
1984 2876 2071 2930 vi-

479 2993 613 3034 vere
638 2975 833 3031 ﬁdens.
868 2973 1006 3030 Cum
1050 2980 1234 3028 autem
1282 2970 1462 3028 ftedus
1489 2969 1760 3025 illibatum
1790 2984 1944 3024 more
1972 2983 2071 3039 pa-

2157 473 2190 511 a
2215 455 2480 512 Michaele
2514 452 2752 526 propria:
2783 467 2980 507 manus
3017 453 3201 522 exegit
3237 453 3306 509 de
3338 465 3494 510 recta
3535 457 3674 520 fide,
3710 472 3765 516 et

2159 559 2221 606 ut
2247 550 2368 606 sine
2394 551 2664 622 sanguine
2689 565 2890 604 manus
2906 548 3290 606 aChristianis
3315 564 3597 620 servaret,
3622 572 3685 613 ac
3699 559 3766 613 de

2159 643 2332 700 sacris
2362 643 2684 699 hominibus
2716 658 2812 698 seu
2843 642 3134 698 monachis
3159 653 3216 698 et
3240 651 3358 700 toto
3378 626 3790 707 ecclesiastico;

2160 737 2433 809 catalogo,
2473 753 2544 793 ne
2579 745 3008 807 percuterentur
3035 736 3105 791 ah
3133 735 3251 792 illo.

2230 829 2387 884 Anno
2443 829 2632 899 itaque
2696 828 2891 883 mundi
2941 827 3284 886 conditionis
3343 829 3511 899 630‘,
3565 834 3770 894 divina

2164 921 2564 980 incarnationis
2594 936 2741 977 anno
2776 919 2901 982 80‘.
2927 921 3216 978 mensibus
3244 932 3396 990 octo,
3430 925 3524 982 die
3547 929 3764 998 quinta,

2163 1013 2298 1097 hora
2338 1013 2536 1085 prima,
2584 1013 2891 1069 indictione
2937 1013 3158 1084 quinta,
3206 1014 3443 1072 Michael
3478 1021 3763 1090 piissimus

2159 1110 2514 1181 curopalates
2551 1111 2862 1181 appellatus
2906 1118 2993 1166 est
3035 1111 3346 1182 imperator
3383 1115 3757 1176 Bonnanorum

2168 1201 2225 1257 in
2252 1202 2650 1273 llippodromio
2673 1218 2702 1257 a
2735 1211 2852 1258 toto
2882 1211 3078 1258 senatu
3119 1215 3287 1274 atque
3309 1206 3624 1273 ordinibus,
3663 1212 3754 1281 qui

2167 1293 2466 1364 imperavit
2507 1295 2668 1350 annis
2709 1295 2948 1351 duobus.
2998 1295 3314 1352 Stauracius
3351 1309 3534 1355 autem
3579 1302 3749 1375 hujus

2167 1387 2564 1444 acclamatione
2587 1387 2775 1444 audita
2811 1388 2993 1446 statim
3025 1405 3246 1445 comam
3271 1393 3512 1460 totondit,
3535 1405 3591 1450 et
3621 1412 3738 1451 mo-

2169 1477 2419 1534 nachicis
2444 1479 2816 1534 circumdatus
2837 1490 2923 1536 est
2945 1481 3294 1537 vestimentis
3318 1499 3412 1553 per
3436 1482 3734 1542 Simeonem

2170 1571 2527 1635 monachum.
2581 1579 2879 1644 cngnatum
2933 1589 3120 1636 suum.
3179 1575 3339 1631 valde
3387 1577 3746 1647 patriarcham

2171 1664 2496 1735 implorans.
2526 1663 2631 1733 Qui
2662 1665 2896 1722 veniens
2934 1665 2990 1721 in
3020 1666 3288 1738 palatium
3319 1670 3558 1724 multum
3595 1670 3750 1726 διευς

2172 1758 2384 1813 racium
2420 1771 2528 1815 una
2573 1773 2698 1813 cum
2738 1758 3071 1830 imperatore
3102 1760 3373 1820 Michaele
3398 1766 3651 1836 rogabat,
3695 1781 3758 1823 ne

2173 1850 2491 1907 trislaretur
2527 1865 2694 1922 super
2719 1867 2790 1907 eo
2815 1853 2967 1924 quod
3014 1853 3220 1909 factum
3271 1865 3357 1911 est
3391 1874 3405 1911 :
3462 1874 3578 1912 non
3620 1859 3757 1914 enim

2170 1958 2271 2013 per
2301 1943 2552 2010 insidias,
2582 1944 2679 2000 sed
2713 1960 2812 2016 per
2850 1945 3296 2017 desperationem
3327 1950 3454 2006 vita:
3494 1951 3675 2022 ipsius
3713 1953 3764 2008 id

2170 2045 2384 2107 gestum
2416 2038 2788 2094 asseverabat.
2819 2040 2889 2095 At
2927 2041 3020 2095 ille
3054 2042 3312 2110 nequitia:
3335 2053 3584 2113 paterna:
3610 2045 3765 2100 rabie

2169 2127 2361 2186 furens
2386 2146 2496 2185 non
2535 2131 2836 2201 acquievit,
2855 2132 3051 2187 dicens
3080 2135 3148 2189 ad
3171 2150 3296 2189 eum
3321 2152 3336 2189 ε
3357 2136 3609 2191 Amicum
3655 2154 3764 2191 me-

2173 2221 2358 2277 liOrem
2382 2239 2464 2277 me
2490 2240 2594 2278 non
2625 2224 2861 2279 habebis.
2889 2223 3037 2281 Hora
3065 2243 3203 2283 vero
3239 2228 3349 2285 diei
3380 2238 3583 2299 quarta
3611 2244 3766 2287 coro-

2171 2323 2335 2372 natus
2362 2325 2448 2372 est
2473 2317 2705 2374 Michael
2723 2334 2752 2372 a
2771 2318 3086 2389 Nicephoro
3109 2322 3430 2390 patriarcha
3453 2323 3510 2378 in
3538 2323 3765 2378 amboue

2171 2405 2385 2476 Magne
2405 2407 2676 2473 ecclesiae,
2708 2407 2763 2463 in
2795 2424 2906 2479 quo
2938 2426 3134 2482 magna
3169 2413 3474 2468 exsultatio
3505 2414 3652 2468 facta
3668 2426 3762 2475 est,

2169 2508 2228 2556 et
2271 2500 2498 2556 donavit
2538 2501 2868 2572 patriarchae
2903 2505 3022 2558 auri
3061 2505 3235 2560 libras
3273 2507 3691 2578 quinquaginta
3719 2518 3770 2563 et

2170 2593 2320 2648 clero
2343 2593 2567 2648 vicenas
2586 2594 2855 2665 quinque.
2877 2594 3014 2651 Cum
3038 2597 3182 2652 enim
3208 2607 3357 2652 esset
3375 2601 3774 2669 magnanimus

2171 2689 2230 2737 et
2252 2697 2362 2736 non
2386 2698 2611 2749 avarus,
2643 2700 2838 2742 omnes
2875 2689 3176 2742 consolatus
3208 2698 3295 2742 est
3327 2689 3424 2757 qui
3455 2689 3774 2759 Nicephori

2171 2774 2400 2830 avaritia
2412 2775 3034 2849 fuerantlaesi,donisque
3049 2789 3296 2836 senatum
3310 2789 3483 2851 atque
3499 2783 3776 2839 militiam

2172 2868 2468 2925 recreavit.
2499 2870 2674 2925 Porro
2705 2881 2898 2941 quarto
2922 2873 3046 2927 idus
3074 2871 3367 2928 Octobrias
3389 2884 3666 2931 coronata
3689 2885 3775 2932 est

2171 2957 2441 3028 Procopia
2467 2959 2712 3031 Augusta
2740 2961 2796 3016 in
2827 2962 3066 3020 triclinio
3100 2965 3439 3034 Augusteos,
3470 2968 3774 3038 multisque

478 3077 654 3126 .ternge
684 3067 888 3124 mentis
918 3067 1064 3121 circa
1098 3065 1374 3120 neminem
1403 3070 1782 3128 conservaret,
1818 3060 2074 3132 frequen-
2101 3083 2147 3144 Ο
2177 3047 2339 3144 donis
2394 3060 2645 3105 senatum
2698 3051 3010 3106 liberaliter
3049 3052 3223 3107 auxit.
3272 3053 3602 3111 Ilulieribus
3643 3072 3774 3112 vero

484 3161 598 3216 tius
659 3156 1214 3214 dehonestationibus
1283 3155 1640 3210 submittebat
1690 3155 2074 3210 Theoctistum

484 3251 868 3324 magistratum
899 3259 954 3303 et
979 3247 1343 3302 domesticum
1373 3247 1712 3316 Stephanum
1747 3263 1812 3302 ac
1836 3247 2078 3303 Michae-

486 3346 595 3399 lem
636 3339 1027 3411 ,curopalaten,
1077 3349 1335 3392 avertens
1372 3338 1602 3392 omnino
1651 3347 1709 3394 et
1750 3339 2074 3408 Procopiam

485 3449 734 3491 sororem
810 3447 967 3486 suam
1033 3438 1094 3484 ut
1157 3430 1509 3486 insidiantem
1574 3429 1679 3486 sibi
1749 3431 2076 3503 Theophani

490 3529 752 3598 Augustae
785 3523 1274 3579 submissionibus.
1317 3524 1436 3578 Mox
1485 3540 1707 3596 quoque
1747 3525 1945 3582 misera
1980 3543 2080 3596 per

489 3620 664 3675 beatae
694 3617 1058 3673 imitationem
1106 3614 1356 3672 Heirena:
1399 3616 1654 3672 obtinere
1693 3618 1947 3689 sperabat
1975 3619 2078 3674 im-

488 3708 727 3781 perium,
757 3723 883 3764 cum
908 3707 1027 3763 sine
1060 3707 1255 3763 liberis
1281 3716 1448 3763 esset.
1489 3707 1558 3762 At
1581 3723 1716 3763 vero
1757 3707 2079 3766 Stauracius

489 3819 549 3860 se
594 3803 792 3859 videns
831 3800 1216 3857 insanabiliter
1259 3800 1533 3866 habitum,
1584 3803 1877 3872 imperium
1920 3803 2079 3859 uxori

490 3893 780 3964 acquirere
796 3891 1097 3947 festinabat
1117 3899 1214 3946 aut
1244 3887 1478 3961 Vulgare
1512 3890 1808 3960 imperium
1837 3892 2080 3947 excitare

493 3983 548 4038 in
577 3982 924 4038 Christianos
955 3995 1122 4050 supra
1167 3979 1535 4050 praecedentia
1569 3980 1730 4034 mala.
1766 3979 1947 4051 Super
1968 3997 2080 4050 quo

492 4079 755 4143 paventes
783 4069 1130 4139 Nicephorus
1157 4070 1469 4140 patriarcha
1501 4080 1557 4125 et
1585 4071 1938 4126 Theoctistus
1968 4088 2081 4128 rna-

491 4163 755 4236 gistratus
792 4171 849 4218 et
881 4161 1195 4232 Stephanus
1224 4161 1560 4217 domesticus
1592 4178 1660 4217 ex
1698 4164 1866 4220 multa
1895 4163 2080 4218 inimi-

491 4256 621 4311 oitia
639 4255 695 4310 in
713 4254 982 4310 alternam
1002 4253 1301 4309 amicitiam
1319 4269 1444 4310 cum
1469 4255 1739 4310 Michaele
1761 4255 2079 4327 curopalate

489 4363 694 4404 venere
721 4345 869 4403 circa
894 4347 1057 4402 linem
1090 4347 1295 4402 mensis
1321 4345 1660 4417 Septembris
1687 4350 1894 4419 quintae
1931 4349 2079 4403 indi-

2178 3140 2601 3198 thematicorum
2661 3143 2903 3205 militum
2932 3186 2947 3210 ,
2995 3143 3356 3215 qui'fuerant
3405 3147 3458 3200 iu
3512 3148 3774 3218 Vulgaria

2176 3237 2472 3307 perempti,
2489 3238 2735 3308 quinque
2756 3239 2879 3293 auri
2897 3239 3350 3295 talentadonavit.
3370 3240 3770 3311 Theophanam

2177 3337 2364 3384 autem
2387 3345 2615 3384 uxorem
2650 3329 2946 3397 Stauracii,
2984 3331 3315 3403 singularem
3341 3333 3502 3385 vitam
3537 3334 3766 3402 ample-

2177 3433 2323 3484 xam,
2352 3428 2408 3475 et
2441 3422 2899 3491 cognatosillius,
2925 3423 3022 3492 qui
3056 3422 3440 3478 miserabiliter
3463 3423 3570 3479 sub
3591 3423 3734 3480 Nice
3753 3451 3771 3469 ε

2177 3510 2355 3581 phoro
2381 3508 2906 3579 vixerant,ditavit;
2934 3515 3082 3570 inter
3101 3530 3227 3585 qua:
3250 3514 3512 3586 insignem
3539 3531 3780 3586 quoque

2179 3605 2404 3660 domum
2469 3606 2868 3662 monasterium
2932 3607 3276 3662 Tahcbraica
3337 3607 3593 3672 dictum,
3677 3610 3782 3666 ubi

2181 3697 2502 3754 Stauracius
2536 3708 2622 3755 est
2641 3700 2912 3770 sepultus,
2946 3699 3024 3756 illi
3051 3700 3347 3756 concessit.
3381 3704 3589 3757 Omnes
3609 3704 3783 3757 etiam

2178 3792 2440 3862 patricios
2465 3802 2521 3847 et
2548 3802 2852 3859 senatores,
2875 3793 3191 3849 sacerdotes
3214 3809 3278 3849 ac
3311 3809 3565 3850 summos
3591 3811 3786 3851 sacer-

2179 3881 2338 3938 dotes
2379 3892 2436 3938 et
2465 3884 2787 3950 monachos,
2813 3885 3116 3940 militantes
3139 3894 3198 3940 et
3227 3900 3504 3955 pauperes
3526 3926 3543 3949 ,
3583 3895 3700 3942 tam
3731 3888 3786 3945 in

2179 3975 2328 4046 regia
2369 3975 2506 4032 urbe
2533 3991 2700 4047 quam
2745 3977 2802 4031 in
2835 3977 3172 4032 thematibus
3203 3977 3488 4048 degentes,
3523 3978 3788 4050 locuple-

2181 4067 2339 4132 tavit,
2375 4067 2516 4123 adeo
2567 4078 2628 4123 ut
2671 4069 3146 4125 immensurabilis
3181 4069 3410 4125 avaritia
3449 4070 3784 4142 Nicephori.

2178 4168 2406 4232 propter
2435 4175 2600 4231 quam
2625 4169 2682 4216 et
2710 4161 2852 4217 male
2885 4163 3072 4233 periit,
3109 4165 3167 4220 in
3201 4162 3390 4234 paucis
3421 4163 3638 4220 diebus
3675 4165 3790 4219 dis-

2181 4251 2432 4322 paruisse
2462 4252 2819 4323 probaretur.
2851 4254 3030 4326 Super
3071 4257 3276 4312 multos
3311 4267 3598 4327 praeterea
3636 4258 3788 4329 opti-

2181 4360 2302 4401 mos
2325 4361 2505 4400 mores
2524 4361 2675 4411 suos,
2704 4362 2830 4402 cum
2857 4348 2980 4419 pius
2999 4356 3055 4404 et
3076 4349 3594 4406 orthodoxissimus
3617 4360 3788 4414 esset,

491 4440 715 4496 ctionis.
736 4438 1000 4496 Kalendis
1034 4445 1218 4494 autem
1243 4439 1580 4494 Octobribus
1601 4442 1819 4512 vesperi
1849 4441 2078 4497 Staura-
2113 4445 2156 4501 D
2184 4439 2508 4496 tristahatur
2565 4455 2733 4505 super
2789 4441 2878 4498 his
2921 4442 3017 4512 qui
3061 4457 3093 4497 a
3134 4451 3325 4498 sancta
3369 4443 3789 4500 scindebantur

490 4533 612 4590 cius
637 4532 965 4589 advocatum
996 4530 1337 4602 Stephanum
1360 4530 1722 4588 domesticum
1758 4541 2080 4602 percuncta-

501 4627 704 4692 batur,
760 4640 1001 4697 quonam
1063 4633 1225 4695 pacto
1295 4623 1618 4682 Michaelem
1683 4626 1892 4681 sororis
1966 4641 2083 4682 suae

492 4720 754 4776 maritum
785 4734 851 4775 ex
893 4717 1117 4790 propria
1166 4707 1371 4774 ducere
1413 4726 1603 4790 posset
1641 4717 1804 4774 domo
1842 4719 1910 4774 ad
1959 4720 2080 4790 ejus

492 4813 685 4869 oculos
717 4811 1012 4868 eruendus.
1047 4811 1167 4879 Quo
1213 4811 1542 4882 perhibente
1587 4811 1928 4882 impossibile
1975 4813 2082 4869 hoc

496 4905 616 4960 fore
659 4903 763 4958 hac
795 4903 934 4958 hora
981 4911 1209 4974 propter
1251 4903 1514 4958 virtutem
1563 4918 1686 4975 quae
1730 4904 1877 4958 circa
1925 4903 2080 4960 illum

493 4997 732 5061 adesset,
777 5004 833 5050 et
865 4995 938 5049 ob
976 4995 1338 5051 munitionem
1379 4996 1484 5052 loci
1517 4996 1716 5053 domus
1745 4997 1938 5067 ipsius,
1993 5012 2084 5053 ro-

493 5099 585 5164 gat
624 5087 836 5144 nemini
885 5085 1003 5142 ﬁeri
1036 5095 1162 5142 nota
1207 5103 1330 5157 quae
1359 5087 1503 5144 dicta
1540 5097 1690 5144 sunt.
1725 5091 1794 5144 At
1832 5089 1924 5144 ille
1954 5105 2080 5145 cum

496 5184 681 5242 verbis
715 5178 1174 5254 persuasibilibus
1214 5178 1509 5237 inﬂexisset
1545 5196 1672 5236 eum
1706 5196 1776 5236 ne
1809 5181 2083 5237 sollicitus

495 5287 663 5344 esset,
720 5292 820 5348 per
874 5283 1048 5330 totam
1105 5283 1322 5329 noctem
1370 5273 1595 5330 militias
1643 5274 1924 5342 ordinum,
1961 5291 2084 5348 qua:

496 5375 897 5432 remanserant.
949 5365 1171 5438 collegit
1219 5365 1273 5422 in
1324 5364 1746 5438 Hippodromio,
1797 5383 1905 5423 una
1953 5383 2080 5424 cum

498 5459 842 5530 principibus
887 5457 1128 5529 propriis
1171 5457 1242 5514 ad
1295 5457 1767 5528 pronuntiandum
1823 5458 2082 5514 eumdem

498 5551 817 5608 Michaelem
848 5551 1262 5621 imperatorem.
1287 5550 1538 5623 Cumque
1584 5559 1734 5607 totus
1761 5560 1987 5609 senatus
2015 5555 2084 5609 ad

499 5641 763 5708 palatium
794 5641 862 5696 de
906 5642 1030 5696 luce
1078 5641 1342 5707 venisset,
1392 5642 1542 5699 hunc
1585 5641 2086 5714 pronuntiaverunt

423 5807 429 5813 _
501 5729 925 5800 imperatorem,
985 5733 1450 5802 quemadmodum
1509 5735 1565 5790 in
1618 5733 2086 5809 subsequentibus

2180 4533 2434 4591 Ecclesia
2465 4550 2799 4607 quacunque
2825 4536 3118 4593 occasione
3151 4537 3269 4592 sive
3296 4539 3622 4594 rationabili
3661 4539 3790 4592 sive

2178 4625 2570 4694 irrationabili;
2590 4629 2936 4699 multumque
2951 4628 3365 4685 sanctissimum
3380 4629 3791 4700 patriarcham,

2179 4731 2236 4776 et
2256 4736 2354 4776 eos
2377 4720 2472 4792 qui
2505 4731 2761 4793 poterant
2791 4737 2894 4794 pro
2923 4723 3203 4778 communi
3254 4738 3390 4792 pace
3418 4737 3794 4785 concurrere.

2181 4828 2381 4886 rogans
2429 4829 2541 4871 non
2577 4814 2919 4885 quiescebat,
2971 4800 3116 4869 inter
3156 4829 3298 4884 quos
3326 4822 3385 4869 et
3418 4815 3794 4870 Theodorum

2181 4903 2551 4975 hegumenum
2585 4905 2767 4961 Studii
2818 4913 2876 4960 et
2923 4904 3210 4961 Platonem
3249 4912 3418 4972 atque
3449 4904 3681 4976 Ioseph
3715 4922 3802 4961 ar-

2179 4996 2594 5068 chiepiscopum
2613 4995 3188 5060 Thessalonicensem,
3219 4994 3444 5050 fratrem
3469 4994 3793 5059 Theodori,

2183 5089 2240 5145 in
2273 5091 2545 5147 custodiis
2586 5090 2842 5146 delentes
2873 5089 3098 5155 amaris,
3130 5105 3240 5144 una
3268 5103 3396 5143 cum
3441 5089 3797 5159 primatibus

2182 5199 2404 5255 quoque
2437 5184 2759 5240 monasterii
2789 5198 2982 5240 eorum
3007 5183 3291 5254 satagebat
3319 5181 3528 5251 unire;
3556 5183 3718 5254 quod
3744 5192 3796 5235 et

2184 5276 2335 5333 fecit.
2367 5277 2640 5334 Caeterum
2677 5277 2831 5334 misit
2872 5285 2931 5333 et
2969 5275 3038 5332 ad
3070 5275 3333 5332 Carolum
3381 5275 3794 5345 imperatorem

2184 5368 2522 5428 Francorum
2553 5385 2653 5441 pro
2683 5385 2819 5442 pace
2843 5380 3009 5442 atque
3047 5379 3333 5426 contractu
3363 5370 3711 5439 nuptiarum
3740 5367 3790 5420 iu

2186 5459 2655 5531 Theophylactum
2709 5461 2882 5517 filium
2925 5477 3112 5517 suum.
3164 5460 3516 5531 Nieepltorus
3569 5471 3791 5532 quoque

2186 5554 2568 5610 sanctissimus
2591 5554 2900 5625 patriarcha
2920 5553 3225 5610 transmisit
3244 5553 3552 5625 synodicae
3577 5554 3790 5607 litteras

2170 5643 2252 5698 ad
2279 5642 2518 5698 Leonem
2543 5643 2951 5700 sanctissimum
2978 5657 3175 5714 papam
3214 5642 3538 5701 Romanum
3575 5659 3596 5693 :
3631 5648 3784 5696 ante:

2137 5812 2143 5819 ι
2191 5739 2392 5812 quippe
2446 5737 2684 5796 faciendi
2745 5739 2854 5797 hoc
2901 5754 2933 5796 a
2980 5736 3298 5811 Nioephoro
3349 5735 3782 5811 prohibebatur.
