3978 6212
330 318 458 385 1121

1140 320 1507 382 HISTORIA
1553 314 2126 380 ECCLESIASTICA
2166 313 2268 373 EX
2305 311 2767 374 THEOPHANE

3432 311 3452 373 1
3463 310 3569 374 422

323 438 496 496 Porro
515 445 712 492 octavo
733 433 1004 490 Kalendas
1022 433 1312 488 Ianuarias
1327 435 1534 504 quintae
1556 432 1896 501 indictionis.
1926 428 1975 498 Α
2000 427 2046 480 Ν
2055 427 2350 496 icazamque
2389 434 2552 496 atque
2577 424 2798 481 Probati
2831 432 3068 479 castrum
3103 433 3157 480 et
3183 425 3288 481 alia
3321 424 3568 496 quaedam

324 528 595 590 Michael,
661 525 1148 595 tranquillissimus
1207 525 1556 596 imperator,
1615 523 1900 590 coronavit

324 618 796 690 Theopbylactum
835 607 1004 672 filium
1031 631 1192 672 suum
1221 616 1274 671 in
1309 617 1692 688 imperatorem
1742 633 1771 671 a
1806 616 1902 672 Ni-

323 711 570 781 cephoro
617 708 955 778 patriarcha.
1000 707 1056 762 in
1102 709 1335 763 ambone
1379 709 1599 779 Maioris
1630 708 1896 771 ecclesiae,

323 802 460 857 feria
490 801 683 872 quinta
720 817 736 871 ;
774 808 831 854 et
877 793 1080 854 obtulit
1110 801 1572 870 pretiosissimum
1603 816 1898 856 ornamen-

325 903 441 949 tum
475 903 669 949 sancto
701 891 896 950 altario
924 890 1036 961 (93)
1069 892 1123 946 in
1154 892 1296 947 vasis
1332 893 1515 946 aureis
1544 901 1600 946 et
1621 891 1898 962 lapidibus

322 986 630 1042 venustatis
655 993 711 1038 et
733 984 1129 1054 quadrangulis
1161 984 1319 1048 velis,
1346 983 1650 1053 antiquitus
1674 1000 1740 1038 ex
1763 998 1899 1037 auro

321 1086 376 1133 et
419 1091 665 1147 purpura
717 1076 863 1131 clare
911 1075 1221 1138 contextis,
1269 1084 1434 1145 atque
1478 1075 1898 1129 admirabilibus

321 1168 530 1235 sanctis
564 1167 896 1237 imaginibus
935 1165 1184 1220 variatis.
1223 1168 1453 1221 Donavit
1486 1177 1668 1221 autem
1707 1176 1764 1221 et
1801 1183 1898 1237 pa-

325 1261 583 1325 triarchae
610 1259 731 1314 auri
756 1259 929 1317 libras
955 1260 1201 1328 quinque
1220 1265 1278 1313 et
1301 1260 1544 1321 vicenas.
1571 1277 1634 1315 ac
1666 1276 1898 1314 venera-

324 1353 423 1408 bili
457 1353 607 1407 clero
638 1351 808 1406 libras
832 1359 1084 1414 centum,
1119 1351 1462 1421 splendidam
1496 1337 1731 1408 reddc'ns
1770 1368 1899 1406 san-

322 1453 468 1500 ctam
513 1443 867 1500 festivitatem
907 1451 963 1497 et
1005 1443 1100 1499 filii
1143 1445 1671 1513 pronuntiationem.
1727 1445 1898 1502 Multo

321 1551 457 1592 sane
482 1534 672 1589 divino
705 1536 825 1602 zelo
855 1535 1154 1605 imperator
1180 1534 1462 1605 piissimus
1491 1545 1672 1589 motus
1707 1545 1898 1590 contra

321 1624 674 1689 Manichaee,
704 1625 800 1693 qui
833 1639 983 1677 nunc
1017 1623 1316 1678 Pauliciani
1348 1623 1631 1688 dicuntur,
1661 1633 1717 1677 et
1746 1623 1900 1678 Athi-

319 1729 497 1789 ganea
519 1714 575 1769 in
618 1713 852 1785 Phrygia
877 1722 935 1768 et
978 1713 1252 1784 Lycaonia
1281 1713 1562 1784 degentes,
1608 1713 1897 1783 capitalem

319 1805 856 1871 animadversionem
882 1805 1171 1874 Nicephori
1213 1803 1546 1860 sanctissimi
1575 1805 1898 1873 patriarcha:

325 1914 392 1956 ac
411 1898 650 1954 aliorum
707 1897 929 1966 piorum
996 1896 1439 1967 praedicameutis
1503 1897 1885 1967 promnigans,

324 2003 554 2046 aversus
593 1998 678 2045 est
719 2005 816 2066 per
853 1990 990 2044 alios
1029 2004 1261 2058 nequam
1293 2004 1510 2043 morum
1553 1988 1897 2045 cdnsiliarios

323 2081 555 2136 obtentu
608 2080 983 2150 paenitentia-3.
1023 2095 1146 2134 cum
1193 2088 1341 2134 esset
1388 2079 1730 2148 impossibile
1778 2080 1899 2134 illos

323 2168 707 2240 paenitentiam
739 2185 931 2239 gerere
966 2168 1062 2238 qui
1085 2183 1276 2222 eorum
1307 2169 1452 2236 capti
1480 2167 1717 2222 fuissent
1741 2183 1898 2222 erro-

324 2277 410 2318 re.
452 2262 904 2333 Dogmatizabant
929 2269 1116 2318 autem
1164 2261 1405 2324 indocte,
1452 2276 1566 2315 non
1602 2261 1772 2316 licere
1810 2275 1898 2316 sa-

324 2350 644 2406 cerdotibus
673 2350 1020 2421 promulgare
1053 2359 1243 2405 contra
1279 2349 1476 2419 impios
1513 2361 1768 2414 mortem,
1803 2365 1898 2419 per

325 2439 512 2495 omnia
541 2438 746 2497 divinis
773 2454 943 2508 super
973 2438 1078 2493 hoc
1101 2437 1458 2493 adversantes
1490 2438 1806 2508 Scriptnris.
1842 2438 1899 2493 Si

325 2531 476 2588 enim
497 2531 693 2589 Petrus
719 2539 909 2586 vertex
929 2531 1302 2600 apostolorum
1330 2530 1596 2584 Ananiam
1622 2540 1677 2584 ct
1709 2529 1904 2599 Saphi-

328 2635 446 2674 ram
485 2620 556 2674 ob
599 2619 948 2674 mendacium
983 2626 1194 2674 tantum
1225 2619 1670 2678 mortificavit.et
1704 2620 1902 2674 Paulus

329 2724 560 2779 magnus
597 2709 796 2762 clamat
833 2725 846 2762 :
886 2708 987 2774 Qui
1021 2709 1179 2772 talia,
1213 2709 1491 2777 inquiens,
1535 2717 1722 2778 agunt,
1754 2710 1903 2781 digni

324 2808 452 2855 sunt
477 2808 664 2857 morte,
698 2799 813 2854 haec
839 2798 908 2852 de
929 2800 1046 2858 solo
1067 2799 1335 2868 corporali
1355 2813 1600 2867 peccato,
1627 2800 1903 2867 quomodo

324 2906 443 2946 non
481 2890 682 2952 horum
709 2891 971 2944 contrarii
993 2898 1186 2953 erunt,
1237 2891 1331 2960 qui
1362 2891 1512 2945 omni
1549 2891 1826 2960 corporali
1847 2900 1912 2946 et

329 2979 609 3051 spirituali
646 2980 906 3048 spurcitia
940 2981 1146 3049 plenos,
1183 2981 1388 3051 quique
1413 2981 1905 3038 daamonibusser-

1999 519 2272 589 praesidia,
2305 517 2557 597 similiter
2578 518 3074 590 etPhilippopolim
3098 529 3152 572 et
3171 519 3472 589 Philippos,
3515 527 3572 574 et

1999 611 2344 683 Strymonem
2390 611 2707 666 habitantes
2754 611 2954 666 accolae
3003 612 3296 666 occasione
3347 619 3568 681 accepta

1999 696 2269 774 fugientes
2306 703 2373 758 ad
2425 703 2646 775 propria
2691 703 2999 758 redierunt.
3051 701 3167 758 Hoc
3221 712 3404 757 autem
3452 712 3573 758 erat

2000 794 2184 852 divina
2218 793 2519 866 indignatio
2545 791 2840 862 Nicephori
2873 793 3150 862 vesaniam
3181 808 3435 864 arguens,
3476 807 3574 863 per

1999 898 2160 962 quem
2211 883 2468 953 putativai
2500 883 2613 952 (95)
2661 881 3037 937 correctiones
3081 883 3219 951 ejus,
3265 882 3319 936 in
3371 883 3575 951 quibus

1999 975 2356 1046 gloriabatur,
2401 975 2658 1032 celeriter
2709 985 3060 1030 corruerunt.
3108 977 3418 1045 Pravasque
3463 977 3607 1046 opi-'

2003 1067 2195 1121 niones
2221 1067 2539 1130 multorum,
2572 1065 2666 1135 qui
2699 1066 2869 1120 Deum
2908 1065 3292 1136 impugnantes
3315 1076 3371 1120 et
3397 1066 3574 1120 abun-

2000 1159 2192 1219 dantes
2213 1158 2449 1213 haereses
2467 1157 2930 1224 Paulicianorum,
2945 1158 3366 1228 Athiganorum,
3385 1159 3576 1213 l‘cono-

2001 1251 2297 1305 clastarum
2371 1260 2426 1304 et
2485 1250 2896 1306 Tetraditarum
2963 1251 3228 1305 deserunt
3291 1265 3568 1306 accusare.

1999 1341 2202 1396 Omitto
2255 1341 2402 1396 enim
2469 1339 2655 1394 dicere
2712 1339 2982 1394 adulteria
3043 1348 3098 1393 et
3161 1340 3570 1404 fornicationes,

1999 1433 2259 1487 libidines
2287 1440 2452 1501 atque
2481 1431 2744 1502 periuria,
2783 1430 2908 1484 odia
2939 1429 3177 1484 fraterna
3206 1439 3262 1484 et
3293 1430 3570 1495 avaritias,

2000 1539 2212 1580 necnon
2230 1535 2285 1580 et
2310 1523 2790 1594 przevaricationes
2810 1521 3071 1593 reliquas.
3093 1521 3296 1576 Contra
3319 1536 3499 1576 sacras
3517 1531 3574 1576 et

2002 1617 2346 1673 venerabiles
2383 1616 2648 1688 imagines
2673 1623 2976 1685 contraque
3005 1616 3388 1670 monachicum
3419 1616 3575 1669 habi-

2003 1720 2116 1766 tum
2141 1710 2436 1767 movebant
2453 1710 2687 1780 linguas,
2715 1709 2936 1763 beatum
2957 1707 3205 1763 dicentes
3229 1708 3342 1762 Deo
3372 1707 3575 1761 abomi-

1999 1803 2236 1857 nabilem
2261 1818 2325 1856 ac
2349 1800 2745 1856 misserrimum
2773 1800 3217 1862 Constantinum,
3249 1798 3393 1868 quod
3423 1797 3578 1852 ferti-

2001 1903 2084 1949 ter
2113 1893 2381 1948 adversus
2418 1893 2684 1962 Vulgares
2729 1891 2960 1961 gesserit
3013 1899 3242 1960 propter
3292 1889 3573 1958 pietatem,

1999 1999 2183 2054 quam,
2213 1994 2275 2038 ut
2305 1983 2470 2053 impie
2512 1983 2759 2037 infelices
2798 1981 2875 2035 illi
2905 1981 3223 2036 fatebantur
3243 2021 3256 2044 ,
3297 1980 3572 2034 habuerit.

2002 2077 2068 2131 At
2095 2092 2226 2131 vero
2247 2077 2303 2130 hi
2332 2077 2425 2146 qni
2453 2076 2506 2131 in
2531 2076 2665 2129 urbe
2696 2073 2843 2143 regia
2868 2082 3047 2138 erant,
3068 2071 3423 2126 armabantur
3455 2081 3577 2141 post

2000 2166 2268 2238 synodum
2318 2166 2684 2221 universalem
2723 2164 2792 2218 ad
2825 2163 2984 2218 fidem
3025 2161 3453 2217 subvertendam
3488 2178 3580 2216 or-

2003 2255 2318 2320 thodoxam,
2347 2269 2520 2310 caecos
2553 2255 2714 2308 caecis
2742 2253 3019 2308 mentibus
3045 2253 3292 2307 volentes
3322 2252 3438 2307 sine
3466 2253 3578 2307 Deo

2003 2347 2294 2418 imperare,
2341 2347 2483 2402 filios
2515 2347 2774 2408 videlicet
2799 2344 3148 2402 Constantini
3188 2346 3362 2400 Deum
3399 2347 3580 2415 impn-

2001 2437 2398 2508 gnantis,apud
2423 2439 2750 2492 Panormum
2773 2437 3007 2491 insulam
3026 2436 3292 2492 custodite
3308 2436 3583 2506 mancipa-

2005 2537 2110 2594 tos,
2143 2544 2280 2599 quos
2311 2528 2480 2583 furari
2508 2543 2606 2598 per
2635 2537 2851 2583 noctem
2885 2528 3176 2587 voluerunt
3204 2534 3261 2581 et
3305 2527 3582 2582 adducere

2002 2623 2070 2676 ad
2105 2623 2429 2677 exercitum.
2463 2621 2569 2675 Sed
2603 2621 2867 2675 Dominus
2909 2620 3010 2674 hos
3041 2618 3312 2683 confudit,
3365 2619 3584 2688 erigens

2004 2713 2324 2768 Michaelem
2351 2713 2660 2782 piissimum
2694 2711 2747 2766 in
2772 2711 3147 2770 defensionem
3164 2710 3432 2768 veritatis.
3463 2710 3584 2764 Dis-

2003 2805 2210 2875 putatis
2248 2805 2396 2858 enim
2421 2803 2880 2858 convenientibus
2893 2801 2961 2855 de
2980 2802 3086 2857 fide
3109 2800 3364 2870 plebibus
3377 2801 3582 2871 regiam

2006 2896 2288 2965 repedavit
2324 2894 2392 2950 ad
2429 2895 2646 2956 urbem,
2678 2903 2732 2947 et
2772 2894 3055 2962 sapienter
3096 2893 3346 2962 cogitans
3382 2892 3584 2948 multos

2005 2987 2294 3040 rebellium
2315 3002 2414 3054 per
2440 3001 2640 3054 paucas
2671 2987 2856 3055 plagas
2887 2980 3177 3038 deterruit.
3213 2984 3420 3055 Exsilio
3442 2999 3584 3053 quo-

329 3072 514 3130 vium,
541 3086 571 3124 a
603 3071 784 3140 gladio
817 3070 1187 3127 redemerim?
1227 3073 1334 3128 Sed
1373 3073 1496 3143 pius
1530 3073 1762 3128 Michael
1791 3089 1904 3128 non
1930 3092 1973 3152 ρ
2006 3093 2113 3147 que
2141 3075 2451 3146 deportavit
2481 3075 2623 3130 filios
2651 3074 3018 3136 Constantini,
3051 3074 3144 3144 qui
3185 3075 3361 3140 oculis
3402 3073 3581 3128 orbati

331 3177 541 3233 paucos
568 3177 759 3218 eorum
797 3164 1008 3219 recidit.
1038 3164 1354 3222 Stauracius
1374 3178 1507 3221 vero
1535 3166 1718 3222 ulcere
1753 3166 1906 3221 tabe-

329 3257 509 3312 factus
537 3273 603 3313 ex
631 3258 846 3312 mortali
879 3259 1033 3330 plaga
1072 3260 1222 3316 circa
1252 3262 1423 3329 spina:
1445 3261 1561 3316 loca
1596 3260 1800 3326 innixa,
1830 3260 1906 3316 ita

325 3359 392 3405 ut
412 3365 520 3404 non
562 3358 748 3420 posset
767 3350 1036 3420 quispiam
1071 3352 1516 3422 appropinquare
1547 3353 1626 3407 illi
1658 3352 1729 3407 ob
1763 3353 1907 3407 mul-

329 3447 450 3494 tum
503 3439 732 3498 fetorem
760 3480 776 3504 .
822 3451 1075 3502 mortuus
1118 3449 1205 3495 est
1249 3441 1412 3495 tertio
1445 3441 1574 3497 ldus
1617 3442 1906 3497 Ianuarias

331 3530 653 3594 indictionis
669 3532 723 3594 5,
748 3547 872 3587 eum
899 3532 1245 3600 imperasset,
1268 3540 1330 3595 ut
1355 3542 1602 3602 putatur,
1626 3534 1909 3588 mensibus

329 3623 551 3678 duobus
581 3624 777 3680 diebus
811 3639 925 3680 sex.
953 3623 1124 3678 Porro
1176 3625 1373 3694 quinto
1403 3625 1531 3680 ldus
1557 3626 1744 3689 Maias,
1769 3626 1910 3680 feria

329 3724 504 3779 sexta,
541 3716 763 3785 eclipsis
793 3715 988 3771 solaris
1005 3713 1200 3772 eﬂ‘ecta
1227 3723 1312 3774 est
1337 3731 1528 3786 magna
1553 3733 1568 3779 ;
1591 3725 1646 3770 et
1673 3716 1910 3784 septimo

330 3806 462 3872 ldus
473 3807 502 3862 J
510 3808 665 3863 uuias
675 3821 929 3878 egressus
939 3817 1022 3865 est
1034 3806 1260 3862 Michael
1271 3815 1461 3862 contra
1477 3806 1734 3878 Volgares
1749 3824 1763 3860 :
1781 3823 1910 3863 cum

331 3912 401 3951 eo
427 3897 589 3952 simul
636 3913 854 3970 egressa
881 3905 968 3952 est
1012 3910 1070 3954 et
1103 3898 1370 3967 Procopia
1417 3913 1589 3967 usque
1619 3898 1904 3954 Zurulum.

329 3985 609 4046 Crumuus
670 3999 855 4044 autem
899 3989 1012 4054 du;
1064 3989 1382 4058 Vulgarum,
1433 4005 1558 4046 cum
1622 3991 1908 4054 Debeltum

330 4077 624 4135 obsidione
661 4080 920 4149 cepisset,
952 4090 1010 4134 et
1039 4094 1135 4136 eos
1175 4081 1268 4150 qui
1301 4080 1356 4134 in
1386 4081 1502 4150 ipsa
1546 4082 1765 4138 fuerant
1800 4099 1908 4138 una

327 4185 462 4234 cum
505 4170 764 4240 episcopo
813 4171 1276 4242 transmigrasset,
1323 4173 1728 4236 multitudines,
1786 4191 1909 4244 quae

2008 3184 2128 3223 esse
2179 3168 2568 3231 cernebantur,
2627 3167 2682 3220 in
2728 3166 3050 3235 Apliusiam.
3103 3165 3284 3230 Unum
3339 3181 3474 3220 vero
3515 3181 3614 3221 ex-

2008 3259 2416 3322 seductorihus,
2451 3259 2648 3312 falsum
2678 3257 2990 3321 ercmitam,
3023 3255 3233 3323 Nicolai
3263 3257 3585 3320 exacionitae

2010 3351 2120 3418 (95)
2163 3349 2396 3405 maleﬁci
2430 3350 2663 3413 socium,
2700 3347 2796 3418 qui
2843 3347 3057 3411 iconam
3106 3347 3467 3406 sanctissimas
3486 3347 3584 3404 Dei

2007 3443 2304 3499 Genitricis
2328 3442 2808 3504 dehonestaverat,
2835 3439 3019 3510 lingua
3050 3439 3226 3496 recisa
3265 3440 3541 3495 mutilavit
3566 3459 3581 3504 ;

2008 3536 2102 3605 qui
2127 3545 2186 3589 et
2211 3545 2462 3590 mortuus
2489 3543 2575 3589 est
2603 3549 2834 3603 corpore
2867 3535 3033 3588 simul
3068 3543 3126 3588 et
3164 3535 3370 3590 anima.
3412 3536 3586 3602 Hujus

2007 3633 2191 3679 autem
2208 3625 2471 3691 collegam
2495 3623 2778 3686 Nicolaum
2805 3623 3283 3691 repromittentem
3314 3640 3373 3681 se
3409 3627 3585 3694 paeni-

2011 3716 2234 3771 Ientiam
2277 3723 2526 3770 acturum
2552 3730 2740 3771 coram
2771 3704 3033 3770 omnibus
3071 3717 3409 3786 publicavit;
3447 3733 3590 3772 con-,

2011 3808 2254 3870 fitentem
2303 3823 2522 3878 quoque
2554 3822 2654 3862 sua
2683 3807 2860 3878 ipsius
2903 3809 3046 3862 mala
3079 3806 3310 3873 tradidit
3341 3807 3496 3867 illum
3527 3809 3583 3863 in

2010 3902 2401 3959 monasterium
2424 3900 2866 3965 custodiendum,
2884 3916 2953 3955 ne
2969 3899 3146 3956 libera
3167 3901 3585 3956 conversatione

2008 3992 2167 4047 libito
2211 3992 2436 4062 proprio
2484 3991 2827 4048 abuteretur.
2883 3990 3108 4062 Populis
3163 4001 3344 4046 autem
3397 4005 3584 4046 coram

2011 4084 2244 4142 concilio
2289 4085 2344 4140 in
2390 4085 2682 4156 Magnaura
2732 4094 3048 4148 coronatus,
3087 4084 3160 4154 pii
3192 4093 3248 4138 et
3279 4083 3584 4142 secundum

2011 4178 2180 4233 Deum
2241 4193 2435 4233 sensus
2489 4178 2572 4233 sui
2621 4179 2872 4248 dogmata
2919 4178 3305 4233 manifestavit.
3342 4179 3411 4230 At
3452 4193 3605 4232 vero-

333 4271 563 4343 pr0pter
583 4262 786 4326 malum
811 4261 1178 4334 frequensque
1206 4266 1500 4327 consilium
1527 4280 1759 4336 nequam
1778 4281 1942 4321 con-~
2010 4269 2310 4338 Athiganos
2359 4269 2649 4338 publicans
2713 4269 2912 4324 exsilio
2955 4269 3182 4323 tradidit
3210 4284 3310 4339 per
3343 4268 3584 4324 Leonem

331 4353 672 4409 siliariorum
720 4355 1072 4424 imperatoris
1115 4356 1184 4410 ad
1221 4371 1348 4411 eum
1395 4357 1795 4422 confluxerant,
1838 4358 1906 4413 ad
1941 4423 1974 4431 _
2011 4367 2302 4430 praetorem
2377 4359 2760 4416 Orientalium.
2839 4365 3011 4414 Porro
3093 4359 3338 4431 Augusto
3397 4373 3584 4416 mense

332 4445 568 4502 insidias
593 4462 654 4501 ac
681 4423 911 4514 injurias
929 4448 1161 4502 maxime
1183 4447 1386 4518 Opsicii
1416 4451 1907 4509 et'l‘hracesiorum
1940 4423 1984 4484 θ
2011 4423 2219 4519 quintae
2244 4448 2564 4505 indictionis
2584 4450 2822 4505 Thebith
2846 4460 3040 4505 contra
3063 4423 3408 4506 Christianos
3431 4465 3588 4506 exer—

330 4554 614 4596 conversae
643 4549 815 4605 sunt;
848 4555 984 4608 quas
1018 4541 1246 4596 Michael
1284 4557 1638 4611 compescens
1667 4543 1827 4598 donis
1854 4552 1912 4599 et
2009 4541 2179 4596 citum
2238 4541 2430 4607 movit,
2487 4557 2611 4597 cum
2668 4557 2779 4611 quo
2834 4542 3039 4595 bellum
3097 4541 3210 4620 Leo
3257 4543 3585 4620 conferens,

331 4630 803 4689 admonitionibus
826 4631 1046 4686 silentio
1077 4632 1336 4702 imposito
1366 4634 1653 4704 mitigavit,
1684 4635 1752 4690 At
1780 4651 1911 4691 vero
2011 4632 2371 4695 Orientalium
2420 4642 2642 4702 praeter,
2700 4641 3053 4702 prosperatns
3099 4641 3204 4696 est,
3263 4633 3374 4688 duo
3411 4634 3581 4688 millia

330 4717 598 4788 Vulgares
618 4719 989 4780 simultatibus
1006 4722 1328 4781 militiarum
1347 4725 1661 4794 compertis,
1679 4735 1735 4780 et
1763 4727 1911 4796 quod
2012 4725 2350 4782 interficiens
2373 4734 2429 4780 et
2458 4739 2632 4795 equos
2663 4724 3139 4793 comprehenderis
3164 4732 3221 4780 et
3252 4740 3421 4780 arma.
3469 4724 3586 4779 Mu-

327 4806 693 4872 formidantcs
720 4811 968 4882 praelium
1007 4822 1065 4867 et
1101 4813 1434 4870 taxationem
1468 4817 1858 4872 tumultuarent
1885 4859 1900 4886 ,
2009 4818 2206 4874 hamed
2245 4828 2427 4874 autem
2453 4861 2467 4883 ,
2503 4819 2713 4888 primus
2741 4818 2888 4873 filius
2922 4820 3124 4882 Aaron,
3158 4827 3351 4874 tenens
3381 4819 3588 4888 princi-

328 4901 571 4972 amplius
594 4902 880 4960 confortati
914 4905 1322 4974 praevaluerunt
1346 4906 1611 4963 adversus
1638 4907 1902 4964 Thracem
2011 4921 2196 4981 patum
2235 4911 2434 4982 gentis,
2474 4910 2611 4964 inito
2645 4909 2786 4965 bello
2817 4911 2869 4966 in
2905 4911 3149 4966 interiori
3191 4910 3413 4966 Perside
3458 4926 3584 4966 cum

327 5002 389 5047 et
442 4993 833 5050 Macedoniam.
888 4994 1043 5050 Tune
1080 5005 1138 5051 et
1177 4997 1500 5061 Anchialum
1549 5006 1605 5054 et
1656 4999 1905 5056 Berohen
2011 5004 2219 5061 Abdela
2249 5004 2412 5059 fratre
2433 5020 2534 5059 suo
2555 5015 2844 5076 superatus
2870 5016 2972 5074 est,
2995 5007 3284 5079 etfngiens
3321 5009 3374 5063 in
3405 5008 3582 5078 Bagda

327 5085 979 5145 dimittentesChristiani
995 5087 1273 5159 fugerunt,
1290 5091 1507 5146 nemine
1523 5101 1905 5161 persequente,
2014 5094 2119 5150 hoc
2143 5094 2400 5150 obtinuit.
2426 5095 2749 5154 Damascum
2769 5113 2902 5156 vero
2921 5100 3062 5155 alius
3077 5109 3347 5173 tyrannus
3369 5099 3580 5165 habuit,

1853 5227 2080 5284 ΝΟΤᾸΞ.

405 5307 516 5392 (9:3)
555 5309 1018 5394 Altarioiﬁlossnae
1048 5313 1483 5394 :_0usi¢31ﬁptog
1513 5318 1791 5394 altarium,
1824 5335 1910 5373 sa-
2008 5317 2065 5374 S.
2089 5318 2299 5394 Ignatio
2323 5320 2692 5394 adscribitur:
2724 5323 2843 5378 Non
2869 5325 3112 5394 putative
3136 5339 3309 5393 neque
3337 5325 3397 5394 in
3424 5323 3584 5392 phas-

327 5381 592 5464 crarium.
612 5381 916 5464 Concilium
950 5383 1208 5464 Gartliag.
1455 5387 1490 5440 ‘2
1523 5405 1536 5441 :
1566 5407 1586 5440 ‹
1605 5381 1820 5464 Placuit
1849 5397 1910 5464 ut

2008 5381 2252 5464 materni
2277 5391 2515 5460 δοκήσει,
2539 5393 2599 5444 οὐ
2626 5381 3149 5464 φυτασίᾷηιόθῐηὶη
3179 5381 3265 5462 ep.
3284 5393 3350 5448 ad
3372 5381 3538 5448 Trall.
3565 5411 3580 5448 :

331 5453 402 5533 in
418 5453 674 5533 omnibus
699 5453 842 5533 etab
865 5454 1124 5533 omnibus
1149 5453 1412 5526 pudicitia
1428 5460 1788 5533 custodiatur,
1813 5459 1907 5533 qui
2008 5459 2206 5516 Dicunt
2230 5475 2354 5514 eum
2396 5453 2881 5530 "putative'tantum'
2905 5462 3072 5519 fuisse
3095 5453 3369 5519 hominem
3395 5474 3448 5518 et
3475 5480 3583 5518 non

330 5521 527 5612 altario
543 5515 1173 5612 deserviuntﬁﬂsqrpa't
1187 5543 1305 5612 ea_m
1321 5543 1509 5612 vocem
1529 5515 1905 5612 Seveyuslii's‘t'.
2009 5544 2199 5612 verum
2230 5515 2430 5612 corpus
2454 5515 2988 5612 nsuscepisse,atque
3017 5515 3505 5612 putatum—passum
3522 5515 3585 5589 et

326 5593 502 5679 933.1
528 5592 782 5679 ,L‘ifaglus
819 5592 1202 5679 yarnefridus
1228 5597 1296 5651 de
1326 5607 1462 5668 gest.
1482 5598 1728 5670 Longob.
1763 5600 1820 5666 6,
1851 5601 1905 5667 ϐ,

2010 5592 2562 5679 mortuum,_'60_itﬁaet
2587 5592 2641 5656 et
2657 5593 2738 5679 frgi
2769 5592 3033 5679 δοκξῢντιῖ
3076 5603 3150 5679 lg.

325 5661 1202 5744 Gf'B‘SRPi-IES_TOT.3,"51.-FABB.
1328 5661 1352 5668 ⁷
1807 5661 1816 5666 ’
1891 5661 1901 5667 ’
2027 5661 2358 5744 _.(95_)U_nd_e
2381 5661 3368 5742 dic'unturtg'axiovimi,v.Theodor.
3389 5673 3586 5731 liceret.

403 5730 520 5802 (94)
552 5732 838 5816 Putatim.
875 5735 994 5790 Yet.
1021 5736 1297 5806 interpres
1323 5753 1410 5807 ep.
1435 5738 1502 5792 ad
1520 5739 1756 5810 Philipp.
1787 5755 1908 5811 quae
2010 5740 2122 5810 fab.
2145 5730 2199 5804 ι’,
2234 5741 2392 5808 3.olp.
