3978 6212
443 281 580 350 1423

1532 268 1934 333 ANASTASII
1977 264 2626 330 BIBLIOTHECARII

3569 259 3706 338 tu:

435 404 492 450 rt
534 390 824 463 Egyptum
853 395 908 443 et
935 383 1174 441 Alricam
1205 381 1315 438 duo
1348 379 1534 452 partiti
1564 389 1713 444 sunt,
1749 388 1803 434 et
1837 377 2006 434 Palaz-
2037 375 2446 446 Aacquirenda
2500 386 2682 431 tamen
2728 374 2982 446 pluribus
3028 384 3086 431 et
3145 379 3574 438 eontribulibus
3639 403 3701 442 sa.

436 487 639 542 stinam
670 482 812 539 alius
833 478 1065 535 latronis
1093 491 1246 531 more
1268 474 1529 545 depastus
1549 481 1656 528 est.

400 590 405 596 ‘
505 577 667 634 Anno
717 571 935 643 imperii
963 568 1256 625 Michaelis
1303 565 1546 622 secundo
1574 561 2013 620 CrumnusVul-

434 681 625 740 garum
659 663 782 718 dux
825 676 927 733 per
955 660 1358 730 Dargamerum
1410 670 1510 728 pro
1546 670 1680 727 pace
1716 668 1909 710 rursus
1941 651 2010 707 ad

439 759 764 818 Michaelem
793 755 1186 824 imperatorem
1208 749 1539 821 legationem
1571 746 1739 812 misit,
1761 758 2013 818 quaerens

435 853 643 910 fmdera
674 863 797 920 qua:
833 846 934 902 sub
972 842 1285 899 Theodosio
1338 840 1718 896 IIadramitino
1765 847 1824 894 et
1873 836 2013 893 Ger-

435 958 599 1000 mano
624 938 935 1012 patriarcha
966 935 1297 1006 repromissa
1331 933 1550 989 fuerant
1577 930 1882 996 Cormesio,
1917 931 2013 1000 qui

435 1050 534 1105 per
559 1031 692 1088 illud
724 1039 942 1100 tempus
974 1025 1241 1098 Vulgarize
1261 1023 1517 1080 dominus
1539 1021 1865 1086 habebatur,
1893 1034 2017 1090 quae

436 1120 704 1178 terminos
755 1115 1118 1174 continebant
1173 1130 1206 1170 a
1262 1113 1528 1169 Meleonis
1578 1110 2016 1175 Thracensibus,

435 1211 762 1268 vestimenta
808 1221 1029 1279 quoque
1059 1221 1175 1262 seu
1198 1206 1504 1262 sooccineas
1533 1203 1712 1274 pelles
1743 1217 1918 1272 usque
1949 1201 2018 1259 ad

434 1301 675 1374 pretium
703 1298 1101 1372 quinquaginta
1145 1297 1412 1352 librarum
1443 1296 1586 1360 auri,
1616 1305 1672 1350 et
1709 1310 1876 1366 super
1904 1295 2021 1350 haec

436 1395 698 1467 profugos
744 1393 1034 1462 utriusque
1090 1391 1264 1461 partis
1307 1389 1374 1444 ad
1407 1389 1737 1444 alterutrum
1767 1386 1949 1452 reddi,
1974 1387 2021 1442 si

437 1487 764 1559 contigisset
787 1499 883 1540 eos
907 1483 1157 1541 insidiari
1205 1481 1478 1552 prazlatis;
1515 1480 1860 1550 negotiantes
1889 1493 2024 1534 vero

438 1581 492 1634 in
518 1588 752 1648 utraque
784 1577 1008 1648 regione
1042 1589 1140 1645 per
1173 1581 1446 1643 pratcepta
1475 1579 1532 1626 et
1563 1569 1843 1642 signacula
1870 1583 2025 1624 com-

2114 469 2230 525 lute
2289 469 2581 540 oportebat
2628 471 2813 540 potius
2849 469 3140 526 decertare
3203 488 3377 543 quam
3416 491 3597 547 super
3642 481 3705 535 in.

2113 559 2284 616 ceratis
2323 569 2381 616 et
2429 560 2808 616 invisibilibus
2872 562 3204 632 locupletari
3239 583 3252 618 :
3293 568 3517 636 gratius
3573 573 3705 627 enim

2113 649 2228 706 Deo
2260 650 2446 722 plures
2464 666 2628 721 quam
2650 651 2943 722 pauciores
2976 653 3216 709 salvare.
3248 653 3429 713 Porro
3453 657 3706 716 damnum

2115 746 2174 801 in
2217 744 2471 816 pluribus
2513 744 2628 814 pati
2677 754 2906 814 propter
2942 745 3224 801 modicum
3257 747 3487 805 lucrum
3529 752 3710 822 prima

2115 834 2410 894 dementia:
2438 845 2545 892 est.
2606 837 2716 893 Sed
2745 847 2805 893 et
2829 838 2926 908 qui
2959 837 3111 894 circa
3140 843 3374 912 propria
3404 843 3707 903 inconsulte

2117 928 2352 999 laborat,
2384 928 2546 985 iidem
2576 929 2882 986 secundum
2905 931 3135 988 Paulum
3167 938 3480 1006 negavit,et
3511 941 3704 996 infideli

2117 1019 2362 1076 deterior
2383 1020 2671 1092 iudicatur
2697 1036 2711 1074 ;
2737 1021 2836 1077 ubi
2879 1023 2990 1078 erit
3021 1033 3079 1078 et
3114 1023 3254 1079 illud
3294 1043 3310 1078 :
3341 1026 3477 1082 Cum
3520 1031 3606 1084 his
3628 1033 3702 1100 qui

2119 1116 2342 1170 oderant
2404 1132 2613 1188 pacem,
2659 1133 2810 1172 eram
2871 1118 3168 1189 paciﬁcus;
3200 1121 3304 1176 nisi
3343 1123 3487 1179 forte
3519 1127 3634 1182 sint
3652 1137 3698 1182 et

2122 1208 2293 1264 Paulo
2321 1216 2378 1263 et
2426 1208 2601 1264 David
2633 1208 2723 1263 isti
2759 1209 3153 1279 sapientiores.
3192 1211 3318 1279 Quis
3345 1225 3531 1270 autem
3570 1217 3693 1272 Ger-

2123 1314 2287 1355 mano
2315 1305 2398 1355 ter
2430 1300 2592 1356 beato
2637 1316 2788 1356 nunc
2817 1301 3146 1372 sapientior,
3175 1305 3275 1360 nisi
3313 1307 3458 1376 juxta
3502 1311 3682 1378 perni-

2125 1393 2336 1448 ciosum
2369 1393 2568 1448 animae
2598 1403 2871 1450 tumorem
2897 1410 3137 1465 nequam
3163 1413 3229 1452 ac
3253 1401 3481 1468 perversi
3509 1403 3676 1456 consi-

2126 1486 2292 1550 liarii,
2324 1485 2420 1556 qui
2467 1502 2656 1557 pacem
2687 1487 3055 1544 inhibuerunt
3081 1489 3105 1542 ?
3134 1488 3262 1546 Haec
3288 1492 3547 1548 Kalendis
3574 1508 3684 1548 sunt

2129 1578 2271 1634 facta
2327 1579 2756 1635 Novembribus.
2794 1581 2965 1636 Porro
3019 1581 3200 1651 pridie
3244 1583 3432 1638 Nonas
3475 1584 3692 1640 Novem.

438 1671 688 1728 mendari
727 1687 740 1723 :
780 1669 828 1725 si
863 1668 958 1739 qui
989 1682 1124 1722 vero
1170 1666 1291 1721 sine
1322 1663 1604 1736 signaculo
1649 1661 1858 1716 inventi
1888 1659 2028 1715 fuis-
2131 1673 2283 1729 brias
2316 1673 2573 1742 apparuit
2611 1685 2858 1728 ροηιειεε
2915 1673 2970 1727 in
3029 1673 3203 1744 ﬁgura
3237 1675 3476 1731 duarum
3506 1675 3696 1748 ῖιιιερη-

439 1773 584 1828 εθιιῐν
640 1762 1020 1831 diriperent“?
1067 1774 1191 1828 (Ιυίε
1243 1756 1536 1821 haberent.
1595 1763 1651 1810 ει
1690 1753 2032 1808 inferrem“?
2061 1748 2102 1803 Β
2134 1763 2272 1818 tium
2307 1765 2974 1829 lunarum,adunantium
3026 1782 3085 1822 se
3137 1777 3308 1838 atque
3332 1771 3704 1840 separantium

439 1852 680 1924 publicis
709 1850 1040 1906 nationibus.
1071 1848 1308 1918 Scripsit
1351 1847 1518 1902 etiam
1559 1855 1617 1902 et
1649 1844 2034 1901 damnationes

440 1946 510 2001 ad
544 1945 938 2015 imperatorem
973 1960 986 1996 :
1020 1940 1134 1995 Nisi
1183 1939 1583 2004 acceleraveris,
1631 1938 1891 2008 inquiens
1915 1977 1930 2002 ,
1963 1937 2032 1990 ad

439 2051 646 2108 pacem,
688 2034 895 2105 judicio
935 2043 1024 2086 tuo
1078 2031 1364 2103 μνωιὲαὸον
1408 2039 1600 2084 contra
1642 2029 2029 2088 Mesembriam.

440 2131 541 2186 His
597 2125 880 2200 perceptis
917 2125 1218 2194 imperator
1254 2137 1493 2194 nequam
1541 2121 1903 2178 consiliorum
1934 2120 2035 2176 ad-

440 2217 848 2277 monitionibus
893 2229 1084 2286 pacem
1125 2212 1310 2268 minus
1353 2211 1597 2268 admisit.
1646 2210 1762 2268 Sub
1799 2210 2033 2268 obtentu

439 2311 591 2368 enim
622 2309 770 2366 falsae
818 2304 1061 2378 pietatis,
1089 2303 1214 2359 .imo
1241 2301 1774 2374 indisciplinationis
1799 2310 1856 2357 et
1887 2301 2035 2357 circa

441 2418 561 2459 rem
622 2400 904 2474 publicam
950 2396 1302 2469 perditionis,
1364 2411 1602 2467 nequam
1656 2395 2037 2454 consiliatores

441 2495 765 2552 asserebant
793 2509 807 2546 :
837 2492 956 2546 Non
989 2499 1195 2563 oportet
1229 2490 1446 2562 fugitivo
1476 2489 1712 2554 reddere,
1741 2488 2039 2560 perhiben-

443 2596 529 2642 tes
550 2584 610 2640 in
638 2582 1018 2640 testimonium
1055 2583 1193 2638 illud
1245 2581 1630 2652 evangelicum
1670 2581 1889 2636 Domini
1916 2582 2038 2637 elo-

441 2675 636 2749 quium
666 2672 1012 2746 perbibentis
1047 2691 1061 2726 :
1100 2673 1240 2727 Eum
1274 2673 1363 2742 qui
1389 2672 1529 2725 venit
1568 2671 1637 2725 ad
1667 2688 1768 2737 me,
1801 2688 1905 2726 non
1937 2671 2038 2742 eji-

443 2769 586 2824 ciam
633 2767 802 2838 foras.
844 2763 1122 2819 Mediante
1174 2777 1310 2817 vero
1357 2777 1547 2816 mense
1573 2760 2038 2817 Octobrioaciem

443 2859 637 2933 dirigit
679 2859 957 2915 Crumnus
1005 2867 1198 2912 contra
1233 2854 1620 2911 Mcscmbriam
1661 2853 1717 2909 in
1753 2854 2041 2910 machina-

443 2952 650 3010 mentis
691 2959 746 3008 et
797 2949 1083 3021 manganis
1137 2957 1197 3004 et
1223 2948 1536 3014 arietibus,
1581 2963 1704 3018 qua:
1740 2947 2040 3017 Nicephori

2133 1855 2190 1912 in
2224 1856 2441 1912 diversa
2474 1857 2777 1923 schemata,
2810 1857 2884 1913 ita
2923 1868 2982 1914 ut
3024 1859 3082 1914 in
3105 1861 3353 1932 acephali
3393 1863 3500 1918 viri
3541 1863 3708 1919 ﬁctio-

2131 1960 2258 2000 nem
2291 1945 2684 2001 formarentur.
2725 1947 2796 2002 Et
2847 1947 2902 2002 in
2931 1949 3230 2004 crastinum
3260 1951 3329 2006 de
3357 1953 3579 2008 excidio
3605 1953 3713 2008 Ile-

2132 2035 2386 2092 sembria:
2432 2038 2588 2093 venit
2633 2038 2798 2094 nobis
2834 2040 3098 2095 miserum
3141 2041 3386 2107 dubium,
3421 2043 3714 2100 deterrens

2133 2141 2326 2182 omnes
2346 2127 2416 2182 ob
2445 2128 2716 2199 majorum
2745 2129 3022 2185 malorum
3047 2134 3534 2202 exspectationem.
3559 2135 3717 2190 inve-

2132 2216 2352 2273 nientes
2405 2217 2554 2274 enim
2589 2234 2713 2274 eam
2749 2220 2966 2276 inimici
2999 2223 3215 2293 plenam
3248 2225 3510 2282 omnibus
3556 2227 3717 2282 rebus

2134 2319 2258 2379 qua:
2318 2307 2386 2364 ad
2444 2309 2846 2367 habitationem
2910 2312 3198 2369 hominum
3255 2315 3450 2371 adesse
3493 2317 3718 2381 debent,

2135 2401 2279 2458 hanc
2315 2411 2617 2458 tenuerunt
2667 2420 2777 2458 una
2835 2421 2963 2461 cum
3019 2407 3273 2473 Debeito,
3322 2409 3387 2464 in
3433 2409 3639 2480 quibus
3669 2423 3722 2466 et

2135 2495 2398 2566 siphones
2433 2511 2620 2552 aneos
2673 2495 2938 2554 invenere
2968 2514 3062 2554 sex
3089 2510 3147 2554 et
3194 2501 3461 2565 tricenos,
3494 2512 3552 2558 et
3583 2505 3726 2576 ignis

2137 2587 2376 2652 humidi,
2421 2589 2516 2659 qui
2569 2605 2671 2660 per
2707 2605 2804 2646 eos
2835 2591 3212 2656 emittebatur,
3258 2594 3500 2665 aurique
3535 2606 3596 2650 et
3630 2613 3725 2651 ar-

2138 2682 2287 2752 genti
2315 2681 2463 2736 haud
2495 2682 2767 2737 modicam
2794 2683 3016 2752 copiam.

2209 2771 2416 2826 Eodem
2447 2787 2596 2826 anno
2634 2772 2784 2827 multi
2812 2771 3244 2827 Christianorum
3289 2789 3359 2828 ex
3388 2774 3722 2838 Palaestina.

2139 2863 2395 2919 monachi
2424 2864 2638 2920 scilicet
2671 2880 2745 2920 ac
2769 2864 2919 2930 laici,
2947 2873 3002 2919 et
3031 2880 3097 2919 ex
3127 2867 3280 2920 omni
3329 2865 3496 2938 Syria
3525 2869 3590 2923 in
3619 2869 3729 2942 Cy-

2143 2969 2302 3025 prum
2357 2970 2580 3022 venere,
2621 2956 2910 3026 -fugientes
2959 2956 3284 3012 immensam
3317 2959 3556 3015 Arabum
3585 2963 3725 3017 afﬂi-

444 3043 759 3107 occasione,
814 3029 1188 3097 destructor-is
1228 3038 1471 3106 \Christi,
1531 3038 1822 3094 didicerat.
1867 3037 2044 3092 Arabs
2145 3045 2407 3101 ctionem.
2435 3046 2571 3102 Cum
2599 3047 2748 3104 enim
2790 3049 2913 3104 sine
2944 3049 3186 3120 generali
3223 3051 3532 3123 principatu
3557 3054 3720 3124 Syria

443 3135 594 3191 enim
619 3131 847 3204 quidam
874 3129 940 3186 ad
973 3129 1310 3201 baptismum
1341 3137 1652 3188 accesserat
1678 3131 1814 3184 satis
1837 3143 2042 3198 expers
2066 3130 2110 3192 C
2144 3146 2293 3192 esset
2321 3147 2379 3193 οι
2404 3137 2672 3210 Egypt“
2720 3148 2777 3195 ει
2825 3141 3008 3196 Africa
3055 3150 3114 3196 ει
3153 3143 3331 3198 omni,
3382 3145 3722 3214 ρτεηοίρεως

445 3225 784 3283 mechanicas
829 3222 999 3288 artis,
1030 3237 1198 3291 quem
1229 3235 1354 3276 cum
1382 3231 1565 3276 castra
1599 3230 1839 3276 metatus
1864 3228 2034 3286 esset,

448 3323 506 3376 in
534 3313 934 3384 Hadrianopoli
981 3311 1312 3376 constituit;
1363 3309 1454 3364 cui
1491 3311 1700 3366 nullum
1731 3311 2038 3366 secundum

448 3407 710 3463 meritum
753 3403 1020 3459 auxilium
1067 3403 1156 3458 vel
1197 3402 1532 3458 beneficium
1557 3403 1871 3470 conferens,
1903 3405 2038 3474 quin

450 3497 638 3570 potius
688 3505 746 3553 et
787 3511 976 3568 rogam
1027 3496 1148 3568 ejus
1195 3495 1549 3562 abbrevians,
1597 3508 2041 3554 murmurantem

452 3593 619 3650 nimis
641 3591 864 3648 cecidit.
894 3590 999 3659 Qui
1033 3606 1203 3662 super
1231 3590 1340 3646 hoc
1370 3591 1627 3647 tristatus
1654 3591 1793 3663 fugit
1816 3593 1883 3646 ad
1917 3591 2043 3648 Vul-

451 3701 631 3760 gares,
664 3694 722 3742 et
742 3684 936 3741 docuit
969 3699 1067 3740 eos
1100 3699 1320 3740 omnem
1355 3685 1612 3756 mangani
1643 3695 1840 3740 artem.
1867 3687 1924 3741 ln
1957 3687 2045 3742 his

452 3777 735 3841 insistens,
769 3775 993 3831 nemine
1029 3774 1102 3830 ob
1151 3774 1380 3831 multam
1409 3775 1698 3831 stultitiam
1731 3777 2043 3844 resistente,

451 3887 553 3944 per
600 3878 778 3926 totum
825 3883 1072 3924 mensem
1137 3868 1286 3938 ccpit
1333 3883 1478 3923 eam.
1551 3869 1814 3925 Kalendis
1857 3879 2042 3926 autem

451 3963 803 4021 Novembriis
832 3963 1101 4018 advocato
1152 3963 1459 4031 imperator
1522 3962 1862 4032 patriarcha,
1917 3978 2044 4018 cum

454 4055 983 4130 angustiaretur,.de
1015 4069 1150 4125 pace
1178 4055 1472 4109 consilium
1509 4055 1764 4125 sumpsit.
1801 4055 2048 4110 Aderant

455 4162 641 4208 autem
686 4158 745 4207 et
787 4147 1233 4219 metropolitani,
1271 4147 1529 4202 Nicia-nus
1564 4147 1826 4203 videlicet
1853 4147 2046 4218 ct'Cy-

456 4245 683 4301 sicenus
718 4241 990 4313 episcopi,
1027 4239 1395 4310 praesentibus
1423 4255 1644 4310 quoque
1683 4240 1870 4310 pravis
1917 4255 2048 4296 con-

457 4337 682 4392 siliariis
733 4350 858 4389 cum
915 4332 1207 4388 Theodoro
1254 4332 1798 4402 hegumeno-Studii.
1843 4334 1909 4388 Et
1949 4328 2046 4405 pa-

2142 3228 2238 3298 qui
2263 3229 2372 3285 sub
2410 3230 2547 3300 ipsis
2571 3242 2677 3298 est,
2706 3232 3010 3288 homicidia
3037 3241 3106 3288 et
3150 3235 3347 3304 rapina?
3368 3245 3422 3290 et
3441 3236 3713 3292 adulteria

2143 3319 2488 3392 luxurimque
2526 3337 2593 3378 ac
2631 3339 2826 3383 omnes
2865 3325 2980 3382 Deo
3011 3326 3246 3382 odibiles
3290 3328 3518 3384 actiones
3539 3329 3600 3383 in
3627 3333 3709 3385 ci-

2142 3412 2408 3468 vitatibus
2437 3423 2494 3469 et
2525 3415 2671 3470 villis
2691 3432 2728 3471 a
2754 3415 3028 3473 divinitus
3056 3418 3302 3488 peritura
3327 3427 3482 3491 gente
3508 3436 3715 3492 perpe-

2145 3506 2457 3561 trahantur.
2489 3507 2661 3578 inque
2691 3509 2834 3565 alma
2876 3510 2973 3565 Dei
3023 3511 3204 3567 nostri
3235 3513 3451 3569 civitate
3482 3514 3725 3570 colenda

2144 3595 2286 3662 loca,
2347 3605 2550 3653 sanctae
2593 3599 2856 3656 videlicet
2891 3604 3320 3659 resurrectionis
3347 3619 3410 3659 ac
3437 3605 3730 3672 calvarim,

2146 3703 2247 3742 seu
2272 3689 2481 3759 reliqua
2506 3692 2795 3760 profanata
2822 3702 2972 3748 sunt.
3007 3693 3279 3750 Similiter
3307 3707 3493 3752 autem
3527 3708 3589 3755 et
3618 3700 3740 3756 ὶδυο

2146 3781 2420 3834 merenti
2449 3783 2846 3852 opinatissimte
2889 3785 3022 3855 (96),
3073 3788 3251 3843 sancti
3299 3791 3514 3847 scilicet
3543 3791 3744 3849 Chari-

2149 3870 2296 3926 tonis
2320 3881 2377 3926 et
2404 3864 2586 3930 sancti
2615 3874 2795 3941 Sabai,
2837 3887 2896 3932 et
2927 3879 3139 3949 reliqua
3171 3885 3518 3940 monasteria
3549 3896 3611 3941 et
3649 3905 3743 3944 ee-

2147 3962 2329 4019 clesiaa
2384 3965 2616 4022 desertis
2664 3967 2823 4026 facta
2853 3982 2985 4027 sunt
3014 4013 3029 4037 ,
3058 3970 3150 4027 alii
3181 3990 3418 4050 namque
3465 3989 3743 4048 percepto

2148 4062 2410 4144 martyrio
2431 4062 2752 4136 interempti
2801 4077 2952 4126 sunt.
2988 4069 3078 4123 alii
3113 4085 3248 4125 vero
3270 4070 3519 4142 Cyprum
3562 4083 3622 4128 et
3646 4074 3748 4129 hac

2150 4155 2472 4227 Byzantium
2520 4172 2911 4229 properarunt,
2952 4178 3100 4232 quos
3136 4162 3365 4224 Michael
3394 4164 3532 4235 pius
3572 4166 3751 4238 impe.

2151 4256 2302 4303 rator
2350 4257 2406 4305 et
2439 4249 2790 4320 Nicephorus
2847 4253 3229 4309 sanctissimus
3276 4257 3621 4326 patriarcha
3655 4261 3752 4317 be-

2150 4340 2316 4412 nigna
2347 4339 2725 4398 munificentia
2763 4355 3093 4416 receperunt
3119 4363 3136 4399 t
3168 4362 3295 4401 nam
3319 4346 3415 4402 his
3449 4351 3557 4420 qui
3584 4368 3752 4407 vene-

460 4428 702 4484 triarcha
726 4425 949 4498 quidem
990 4439 1056 4479 ac
1091 4422 1755 4493 metropolita—antistites
1783 4441 1908 4479 cum
1945 4426 2048 4479 im-
2075 4468 2127 4527 Β
2155 4440 2285 4484 runt
2310 4431 2378 4484 ad
2401 4431 2595 4486 urbem
2638 4436 3037 4489 monasterium
3085 4435 3304 4506 insigne
3345 4437 3627 4502 donavit,
3667 4441 3750 4496 his

459 4531 714 4594 peratorc
753 4535 943 4591 pacem
978 4516 1493 4588 amplectebantur:
1533 4516 1660 4569 mali
1700 4532 1830 4573 vero
1859 4520 2045 4573 consi-

459 4615 604 4670 liarii
637 4629 762 4668 cum
810 4609 1105 4666 Theodoro
1140 4609 1450 4680 hegumena
1508 4607 1687 4662 Studii
1739 4608 1881 4664 hanc
1911 4611 2044 4665 sub-

457 4707 770 4768 vertebant,
825 4705 1064 4759 fatentes
1118 4701 1228 4756 ειη
1271 4701 1658 4756 subversionem
1695 4701 1855 4755 divini
1895 4721 2048 4756 mau-

460 4799 574 4853 dati
599 4816 752 4853 nemo
782 4813 962 4869 pacem
995 4794 1369 4866 amplectitor:
1403 4809 1522 4848 eum
1545 4794 1734 4864 quippe
1755 4795 1846 4863 qui
1883 4797 2044 4861 venit,

458 4892 628 4962 inquit
664 4889 940 4950 Dominus,
979 4889 1048 4941 ad
1083 4904 1184 4953 me,
1211 4903 1314 4941 non
1359 4887 1568 4956 ejiciam
1600 4885 1766 4954 foras,
1799 4887 2050 4942 nescien-

460 4991 547 5036 tes
596 4994 778 5049 neque
807 4993 930 5048 quae
959 4977 1210 5033 dicerent
1251 4992 1432 5047 neque
1477 4977 1545 5031 de
1577 4977 1778 5047 quibus
1808 4978 2048 5034 atllrma-

462 5081 612 5137 rent,
638 5070 818 5142 primo
849 5067 1073 5136 quidem
1101 5068 1364 5137 quoniam
1396 5068 1619 5123 nemine
1659 5069 1726 5123 ad
1747 5085 1849 5125 nos
1883 5086 1948 5124 ex
1977 5072 2058 5128 eis

461 5163 816 5236 confugiente
857 5175 959 5215 nos
985 5173 1081 5214 eos
1110 5159 1206 5229 qui
1237 5161 1381 5214 intra
1428 5169 1637 5214 cortem
1673 5169 1834 5216 erant
1872 5163 2060 5231 prodi-

463 5259 669 5323 dimus,
693 5254 944 5315 valentes
1001 5251 1104 5308 hos
1157 5265 1284 5305 cum
1333 5265 1477 5324 pace
1528 5251 2060 5319 salvare;secundo

462 5365 598 5407 vero
627 5349 759 5421 quia
786 5355 844 5405 et
879 5346 940 5406 si
983 5344 1246 5418 fugerunt
1273 5342 1381 5397 rari
1409 5342 1630 5414 quidam
1668 5343 1738 5400 ad
1787 5361 1910 5411 nas,
1960 5362 2062 5418 pro

2153 4535 2285 4575 vero
2317 4521 2413 4592 qui
2455 4521 2508 4575 in
2540 4520 2717 4594 Cypro
2763 4535 3168 4592 remanserunt,
3199 4531 3503 4585 monachis
3536 4533 3748 4587 scilicet

2151 4622 2211 4667 et
2253 4613 2430 4678 laicis,
2463 4616 2732 4672 talentum
2781 4618 2902 4672 auri
2924 4619 3260 4685 transmisit,
3287 4629 3343 4675 et
3375 4623 3626 4678 diversis
3648 4623 3753 4679 hos

2153 4710 2469 4766 consolatus
2519 4721 2604 4767 est
2643 4713 2839 4769 modis.
2889 4715 3030 4770 Erat
3077 4715 3284 4786 quippe
3334 4717 3589 4775 Michael
3627 4737 3759 4792 erga

2154 4814 2348 4854 omnes
2369 4802 2554 4857 suavis
2577 4803 2799 4872 quidem
2831 4812 2888 4859 et
2916 4804 3178 4867 clemens,
3205 4805 3350 4859 circa
3386 4810 3757 4878 negotiorum

2155 4907 2287 4946 vero
2319 4892 2738 4963 dispositionem
2771 4895 2942 4960 iners,
2973 4895 3238 4951 servitute
3261 4897 3551 4956 subactus
3582 4903 3761 4957 Theo-

2154 4984 2318 5038 etisto
2351 4985 2613 5056 magistro
2656 5001 2753 5042 seu
2800 4987 3016 5042 caeteris
3057 4987 3437 5058 principibus.
3482 4993 3761 5048 Prmterea

2157 5088 2347 5128 mense
2390 5075 2697 5132 Februario
2741 5076 2852 5134 duo
2886 5076 3195 5133 Christiani
3230 5094 3299 5133 ex
3343 5079 3640 5154 Vulgari:
3685 5083 3763 5139 fu-

2155 5163 2369 5234 gientes
2401 5166 2802 5222 nuntiaverunt
2832 5167 3156 5239 imperatori
3187 5168 3516 5228 Crumnum
3552 5175 3760 5244 praeda-

2159 5266 2346 5316 turum
2380 5272 2498 5322 eos,
2525 5259 2621 5328 qui
2649 5264 2837 5315 eesent
2852 5260 2914 5314 in
2943 5259 3179 5326 Thrace,
3202 5271 3444 5330 repente
3469 5263 3759 5320 festinare.

2160 5345 2229 5402 Et
2248 5346 2466 5406 decimo
2487 5349 2682 5420 quinto
2701 5350 2982 5407 Kalendas
2997 5352 3221 5408 Martias
3241 5353 3425 5409 exivit
3450 5356 3760 5429 imperator

1995 5456 2230 5514 NOTE.

535 5553 646 5623 (96)
678 5552 1108 5624 Opinatissimte.‘
1129 5547 1701 5624 Ruﬁnusintejpres‘
1719 5545 1945 5624 Eusebii
1974 5547 2046 5605 11.

465 5617 675 5687 Ε.’νιι’ί,
720 5617 783 5678 ἰε
822 5643 847 5692 «ί
903 5619 1319 5692 opinatissimus
1370 5617 1461 5692 ille
1515 5617 1890 5692 Dorotheus.)
1929 5619 2049 5690 Ipse

465 5691 770 5747 ltullinusl.
796 5691 862 5744 to
895 5708 909 5744 :
944 5688 964 5740 ἒ
1006 5691 1222 5745 nobiles
1259 5697 1315 5743 et
1353 5688 1718 5756 opinatissimi
1776 5688 2050 5744 convene-

463 5769 613 5823 runt.
657 5779 678 5815 ο
703 5761 884 5818 Julius
907 5759 1179 5815 Firmicus
1201 5758 1340 5839 3,3".
1361 5773 1618 5840 ‘Lmagos
1637 5758 2048 5839 famososﬂfacict

2159 5552 2242 5623 vel
2259 5552 2621 5622 philosophos
2653 5551 2928 5623 opinatos.
2964 5573 2983 5606 ι
3003 5553 3282 5610 liincmar.
3324 5555 3502 5612 Rem.
3533 5561 3607 5616 de
3633 5561 3759 5615 Pu-

2158 5621 2357 5695 destin.
2409 5621 2527 5695 ὄις
2574 5642 2592 5675 ‹
2627 5621 2928 5695 Gregorius
2956 5625 3334 5695 lfiazianzenus
3359 5628 3458 5682 vir
3493 5630 3553 5687 in
3587 5632 3760 5694 adest

2157 5693 2410 5751 doctrina
2440 5693 2873 5765 Opinatissimus.
2903 5714 2922 5748 ι
2950 5694 3107 5754 Furi.
