3978 6212
333 282 474 350 r425

1111 289 1481 350 HISTORIA
1515 290 2095 354 ECCLESIASTICA
2134 291 2232 352 EX
2269 291 2756 356 THEOPHANE.

3441 294 3580 360 1426

320 405 390 458 ab
431 402 590 465 urbe,
624 411 681 456 et
707 401 803 456 Dei
839 400 1185 472 providentia
1224 400 1473 457 inefﬁcax
1508 401 1672 457 rediit
1707 399 1906 456 Crum-
1933 407 1981 466 Α
2007 414 2140 457 suos
2173 399 2374 455 milites
2391 398 2660 466 erudivit;
2691 409 2877 456 utnon
2907 409 3253 471 peccata-sua
3277 403 3382 475 ipsi
3412 417 3580 462 accu-

319 509 426 548 nus
472 508 581 546 non
609 492 804 562 paucis
848 489 1086 547 amissis.
1123 491 1221 546 Ast
1257 492 1558 562 imperator
1590 491 1900 547 Hadriano-

318 585 487 656 polim
529 583 798 647 veniens,
833 589 891 638 et
943 582 1216 638 ordinatis
1266 592 1392 653 apte
1437 598 1561 654 qua
1604 582 1750 638 circa
1777 597 1899 638 eam

317 684 496 736 erant.
525 689 650 729 cum
685 674 886 745 gaudio
931 673 1115 739 rediit,
1166 683 1224 730 et
1272 674 1577 730 ascendens
1621 682 1900 730 monaste-

319 769 463 824 rium
500 767 711 822 Tarasii
752 765 1060 822 beatissimi
1090 766 1437 837 patriarcha,
1461 765 1754 822 celebratis
1781 766 1900 837 ejus

317 860 628 924 memoriis,
659 845 781 914 una
816 874 943 914 cum
999 857 1246 930 Augusta
1292 857 1583 928 Procopia,
1638 864 1900 928 argenteo

317 950 504 1022 petalo
539 949 808 1005 librarum
847 949 917 1005 95
945 963 1166 1004 sacrum
1199 947 1520 1018 sepulcrum
1569 947 1690 1019 ejus
1733 947 1900 1002 vesti-

317 1041 420 1095 vit.
443 1040 573 1095 Post
601 1045 823 1110 captam
849 1053 986 1094 vero
1018 1036 1403 1093 Mesembriam
1435 1037 1734 1108 imperator
1763 1037 1902 1093 Cru-

318 1147 450 1186 mno
480 1146 612 1201 pace
644 1138 863 1203 negata,
893 1145 962 1185 ex
995 1130 1256 1185 erunibus
1286 1130 1624 1186 thematibus
1645 1130 1899 1186 militiam

317 1233 447 1282 ante
474 1224 699 1279 vernale
733 1233 950 1294 tempus
979 1223 1036 1278 in
1053 1222 1323 1277 Thracem
1346 1222 1581 1278 transire
1608 1223 1895 1294 praecepit,

319 1317 398 1372 ita
424 1323 485 1370 ut
513 1329 712 1370 omnes
733 1314 965 1371 moleste
1007 1312 1238 1374 ferrent.
1268 1314 1502 1370 maxime
1539 1314 1899 1386 Cappadoces

316 1419 376 1465 et
410 1407 742 1463 Armeniaci.
773 1407 1112 1476 lmperatore
1139 1415 1322 1461 autem
1351 1416 1588 1463 exeunte
1633 1422 1758 1462 cum
1807 1423 1900 1462 or-

288 1497 545 1561 dinibus
575 1511 764 1552 mense
791 1497 954 1562 Maio,
985 1497 1157 1552 exivit
1195 1511 1327 1552 cum
1365 1512 1434 1552 eo
1469 1496 1675 1567 pariter
1699 1498 1901 1553 Proco-

318 1590 410 1660 pia
467 1588 711 1660 Augusta
759 1604 934 1659 usque
982 1588 1050 1643 ad
1103 1587 1462 1658 aquaductus
1509 1589 1666 1659 juxta
1722 1590 1899 1644 Hera-

317 1681 510 1736 cliam.
538 1679 610 1736 At
636 1695 774 1735 vero
804 1679 1194 1736 multitudines
1227 1695 1397 1750 super
1441 1681 1549 1736 hoc
1575 1680 1790 1737 duriter
1812 1681 1899 1737 fe.-

2008 500 2161 557 sent,
2186 489 2283 546 sed
2316 491 2677 547 orthodoxam
2697 499 2802 546 eta
2839 491 3095 549 Patribus
3127 495 3384 549 traditam
3417 496 3582 553 ﬁdem

2008 597 2336 653 sacrumque
2372 582 2622 638 habitum
2659 582 3084 647 monachorum;
3136 584 3232 654 qui
3264 584 3465 642 divina
3499 595 3584 643 est

2006 673 2369 746 philosophia
2392 674 2753 748 gymnasium.
2777 675 2936 730 Multi
2965 683 3149 730 autem
3177 691 3369 731 eorum
3405 678 3495 746 qui
3527 679 3582 733 in

2015 766 2102 822 his
2118 767 2594 838 blasphemabant,
2620 767 2814 823 habitu
2844 776 3056 823 tantum
3080 777 3242 823 erant
3258 767 3582 835 Christiani,

2009 859 2241 916 veritate
2281 876 2416 916 vero
2440 859 2764 924 Pauliciani,
2793 861 2887 930 qui
2908 876 3024 916 non
3049 860 3298 916 valentes
3337 860 3584 916 detesta-

2007 948 2141 1004 bilia
2189 951 2442 1021 dogmata
2490 966 2588 1005 sua
2617 949 2968 1005 manifestare
3010 949 3391 1021 hujuscemodi
3419 966 3584 1006 occa-

2005 1043 2162 1098 sione
2214 1041 2467 1097 indoctos
2522 1029 2926 1106 adulterabant',
2981 1039 3427 1109 Constantinum,
3476 1045 3572 1113 qui

2005 1134 2220 1190 Iudaici
2253 1133 2435 1189 fuerat
2465 1148 2679 1198 sensus,
2707 1133 2930 1189 beatum
2965 1133 3217 1191 dicentes
3250 1143 3311 1190 ut
3343 1136 3586 1207 prophe-

2009 1234 2120 1282 tam
2154 1233 2211 1280 et
2241 1224 2532 1284 victorem.
2567 1223 2934 1294 haresimque
2966 1224 3142 1294 ipsius
3178 1228 3233 1280 in
3264 1226 3585 1282 subversio-

2006 1331 2133 1371 nem
2169 1315 2466 1371 incarnata
2521 1313 2952 1386 dispensationis
2982 1316 3206 1371 Domini
3238 1316 3420 1371 nostri
3452 1315 3584 1374 Jesu

1989 1406 2210 1464 Christi
2233 1407 2651 1476 amplectentes.
2685 1405 2859 1461 Porro
2884 1405 3103 1461 decimo
3121 1405 3395 1461 Kalendas
3411 1406 3586 1462 Iulias

2005 1499 2254 1572 pralium
2285 1499 2609 1555 ineuntibus
2641 1498 2789 1554 haud
2820 1501 3014 1570 procul
3057 1500 3128 1554 ab
3161 1499 3581 1571 Hadrianopoli,

2006 1592 2336 1663 delinquunt
2397 1591 2621 1661 quidem
2678 1590 2978 1647 Christiani
3033 1591 3192 1647 valde
3253 1591 3376 1648 dire
3436 1592 3586 1647 circa

2004 1684 2234 1748 bellum,
2289 1684 2540 1739 obtinent
2567 1691 2751 1739 autem
2792 1682 3002 1738 inimici
3030 1699 3267 1755 pugnam
3302 1699 3331 1738 a
3358 1684 3491 1748 Deo,
3526 1691 3587 1737 ut

318 1780 508 1828 rentes
539 1771 595 1828 in
637 1771 1046 1843 derogationem
1080 1787 1143 1828 ac
1181 1773 1623 1829 maledictionem
1662 1790 1894 1830 eonver-
1923 1765 1971 1826 B
2000 1779 2184 1849 plures
2209 1776 2653 1832 Christianorum
2682 1793 2786 1833 nec
2804 1777 3038 1849 primam
3070 1776 3586 1848 congressionem...

317 1877 393 1916 sa
441 1869 573 1918 sunt
619 1871 816 1918 contra
865 1861 1212 1919 Michaelem.
1279 1862 1450 1919 Porro
1509 1864 1674 1919 tertio
1711 1865 1900 1920 Nonas

317 1953 491 2009 Maias
535 1953 759 2024 eclipsis
793 1953 934 2009 facta
986 1962 1072 2008 est
1135 1953 1268 2010 solis
1315 1955 1464 2009 circa
1516 1955 1899 2011 duodecimam

318 2054 532 2117 partem
562 2045 729 2101 Tauri
768 2047 924 2118 juxta
983 2045 1352 2116 horologium,
1404 2048 1621 2102 oriente
1675 2048 1813 2115 sole,
1844 2055 1902 2102 et

317 2139 528 2195 multus
561 2139 729 2194 timor
761 2139 966 2196 cecidit
1007 2154 1173 2208 super
1218 2139 1429 2194 turbas.
1467 2139 1566 2194 Ast
1597 2139 1900 2210 imperator

318 2231 655 2288 circumibat
701 2231 976 2288 Thracem
1008 2245 1134 2286 cum
1163 2230 1496 2302 pratoribus
1544 2246 1611 2285 ac
1661 2231 1898 2297 militiis,

319 2338 504 2396 neque
562 2331 754 2380 contra
803 2323 1188 2379 Mesembriam
1237 2337 1492 2393 pergens,
1539 2338 1720 2393 neque
1751 2323 1901 2378 aliud

330 2416 464 2487 quid
497 2432 688 2473 eorum
713 2431 834 2486 qua
861 2416 946 2486 agi
976 2415 1181 2470 debent
1229 2413 1295 2468 ad
1338 2413 1772 2470 destructionem
1803 2416 1903 2471 ho-

317 2509 488 2565 stium
538 2516 802 2578 patrans,
862 2504 960 2560 sed
1024 2513 1236 2560 tantum
1289 2518 1490 2558 suasus
1549 2505 1903 2561 sermonibus

318 2599 478 2656 vanis
513 2600 959 2656 consiliariorum
1007 2614 1255 2663 suorum,
1301 2597 1574 2653 bellorum
1620 2599 1904 2670 experien-

322 2689 453 2744 tiam
495 2705 608 2745 non
657 2689 982 2744 habentium
1011 2729 1024 2754 ,
1066 2703 1130 2742 ac
1181 2703 1280 2758 per
1321 2686 1428 2742 hoc
1463 2689 1901 2744 asseverantium

317 2795 432 2837 non
478 2781 687 2837 audere
729 2781 1016 2835 inimicum
1065 2779 1338 2834 adversus
1389 2779 1542 2834 illum
1592 2779 1805 2846 venire,
1844 2780 1901 2836 in

318 2874 547 2944 propria
577 2871 800 2942 regione
847 2871 1152 2927 sedentem.
1204 2872 1274 2927 Et
1325 2882 1445 2927 erat
1477 2872 1770 2928 barbarico
1800 2872 1903 2928 im-

316 2971 454 3034 petu
506 2963 727 3032 gravior
783 2961 1090 3017 conciviqu
1124 2973 1304 3018 catus
1333 2963 1713 3020 deficientium
1749 2964 1900 3020 circa

316 3054 662 3112 necessarias
694 3055 962 3112 utilitates
990 3097 1005 3122 ,
1058 3067 1112 3112 et
1156 3058 1365 3129 rapinis
1403 3073 1466 3113 ac
1520 3057 1901 3114 invasionibus

315 3146 805 3202 exterminantium
863 3148 1272 3219 eompatriotas.
1337 3147 1499 3205 Circa
1546 3148 1703 3205 initia
1764 3164 1897 3206 vero

315 3238 469 3295 Junii
503 3237 708 3294 mensis
739 3238 876 3294 exiit
928 3239 1204 3296 Crumnus
1257 3241 1555 3313 Vulgarum
1608 3241 1720 3297 dux
1772 3257 1900 3298 cum

319 3327 657 3383 exercitibus
688 3329 826 3392 suis,
861 3329 1092 3394 veritus,
1125 3331 1273 3400 quod
1314 3332 1484 3388 multa
1514 3331 1687 3386 millia
1714 3339 1902 3387 essent

317 3417 777 3476 Christianorum.
854 3419 1104 3492 Cumque
1161 3423 1426 3479 movisset
1481 3424 1790 3480 exercitum
1844 3423 1901 3480 in

319 3506 679 3566 Versiniciam
714 3511 872 3582 quasi
915 3512 1144 3568 tricenis
1197 3513 1370 3584 signis
1404 3515 1476 3570 ab
1518 3514 1902 3585 imperialibus

317 3602 539 3668 castris,
568 3603 682 3659 Leo
712 3603 980 3674 patricius
1008 3611 1068 3659 et
1106 3613 1309 3674 prator
1335 3603 1700 3660 Orientalium
1739 3606 1902 3661 Joan-

317 3710 532 3767 nesque
591 3696 857 3766 patricius
905 3705 963 3752 et
1013 3694 1346 3751 Macedonia
1403 3705 1630 3766 prator,
1699 3712 1902 3768 cogno-

317 3797 509 3844 mento
531 3789 784 3859 Aplaces,
816 3789 1050 3843 multum
1079 3786 1320 3858 prompti
1360 3790 1429 3844 ad
1459 3787 1563 3843 hos
1593 3787 1898 3856 bellandos,

317 3879 586 3952 prohibiti
636 3890 768 3937 sunt
807 3881 880 3936 ab
910 3879 1243 3952 imperatore
1274 3896 1374 3951 per
1422 3879 1596 3935 malos
1640 3881 1900 3936 consilia-

317 3973 455 4029 rios.
510 3973 649 4030 Cum
704 3985 888 4029 autem
941 3973 1076 4028 urbs
1129 3973 1364 4029 letanias
1429 3972 1736 4030 celebraret
1776 3988 1901 4028 cum

315 4081 541 4123 summo
571 4063 859 4125 sacerdote
890 4069 946 4124 in
980 4069 1184 4140 templo
1211 4068 1310 4126 SS.
1337 4069 1752 4140 Apostolorum,
1779 4068 1903 4142 qui-

315 4162 450 4218 dam
509 4162 806 4232 impiorum
865 4161 1119 4218 obscena
1170 4163 1283 4218 Deo
1323 4163 1510 4233 perosi
1549 4160 1900 4219 Constantini

316 4255 618 4318 hareseos,
643 4253 896 4309 obserata
916 4262 1079 4326 porta
1107 4254 1476 4324 imperialium
1494 4255 1899 4326 sepulcrorum,

314 4345 544 4402 nemine
578 4345 936 4413 attendente,
989 4354 1218 4418 propter
1246 4347 1452 4403 .turba
1505 4346 1899 4418 frequentiam,

2002 1883 2216 1926 summa
2249 1869 2376 1940 fuga
2411 1878 2725 1932 uterentur,
2753 1869 2828 1924 ita
2855 1877 2914 1923 ut
2944 1867 3224 1924 Crumnus
3266 1877 3590 1923 consterna-

2003 1972 2091 2018 tus
2121 1963 2420 2018 astimaret
2452 1960 2782 2016 insidiarum
2823 1975 3170 2030 quarumque
3201 1965 3586 2030 argumentum

2000 2072 2157 2118 esse;
2186 2071 2297 2126 quo
2321 2055 2528 2110 factum
2551 2063 2635 2110 est
2663 2063 2726 2109 ut
2744 2053 3023 2110 modicum
3059 2053 3327 2107 retineret
3356 2065 3489 2106 suos
3517 2048 3587 2103 ab

2003 2148 2353 2204 insecutione
2385 2165 2400 2202 :
2435 2146 2564 2218 quia
2611 2147 2760 2202 enim
2790 2145 2929 2201 vidit
2969 2161 3066 2200 eos
3092 2143 3210 2200 sine
3266 2143 3377 2198 ulla
3402 2150 3588 2197 reten-

2005 2239 2154 2296 tione
2187 2239 2402 2311 fugere,
2435 2247 2762 2310 persecutus
2813 2236 3018 2292 occidit
3074 2233 3459 2290 multitudines
3487 2248 3584 2288 co-

2001 2330 2454 2402 piosasﬁreniens
2480 2330 2844 2386 nihilominus
2860 2328 2927 2384 ad
2950 2329 3217 2393 sarcinas,
3252 2336 3308 2380 et
3338 2326 3439 2381 has
3458 2341 3586 2381 cum

2001 2422 2217 2478 exuviis
2251 2421 2533 2478 auferens.
2566 2424 2666 2477 Ast
2703 2421 3003 2492 imperator
3027 2420 3248 2491 fugiens
3275 2419 3586 2490 repedabat

2001 2513 2058 2569 in
2092 2515 2310 2581 urbem,
2363 2514 2820 2570 multitudinibus
2877 2514 3185 2583 harumque
3235 2512 3584 2583 principibus

2002 2609 2264 2678 sumptis.
2299 2607 2528 2678 Insuper
2555 2616 2611 2662 et
2637 2605 2853 2676 imperii
2889 2603 3255 2676 pollicebatur
3287 2603 3589 2674 depositio-

2001 2711 2128 2752 nem
2191 2697 2471 2768 dejurans.
2511 2697 2661 2753 Inter
2713 2711 2852 2767 quos
2891 2703 2947 2751 et
2986 2694 3231 2750 Leonem
3283 2694 3580 2764 patricium

2000 2797 2057 2844 et
2077 2797 2368 2859 pratorem
2401 2788 2792 2853 Orientalium,
2831 2798 3092 2858 tanquam
3123 2788 3276 2858 pium
3306 2795 3363 2841 et
3393 2785 3584 2840 fortis-

2000 2880 2202 2936 simum
2232 2891 2286 2936 et
2309 2896 2408 2950 per
2431 2880 2618 2934 omnia
2648 2888 2961 2940 strenuum,
2998 2877 3053 2931 in
3077 2877 3316 2932 tenendo
3344 2876 3581 2948 imperio

2001 2971 2272 3026 asciscere
2292 2970 2501 3026 socium
2520 2970 2715 3024 voluit.
2737 2969 2840 3035 Qui
2862 2968 3177 3022 nullatenus
3203 2968 3584 3037 acquieseens,

2001 3058 2213 3116 dimisit
2234 3075 2359 3115 eum
2385 3074 2622 3130 praesse
2646 3058 3004 3121 thematibus,
3033 3057 3259 3129 ipseque
3284 3056 3583 3128 ad'regiam

2002 3151 2260 3224 pervenit
2302 3151 2500 3206 urbem
2549 3160 2746 3206 octavo
2799 3148 3074 3204 Kalendas
3139 3148 3338 3212 Julias,
3392 3147 3586 3202 volens

2002 3243 2589 3314 deponereimperium
2620 3248 2677 3297 et
2692 3241 2860 3296 alium
2885 3255 3248 3310 promovere;
3280 3239 3374 3310 qui
3401 3250 3584 3294 tamen

2001 3335 2073 3392 ab
2092 3351 2286 3400 uxore,
2315 3345 2372 3391 et
2409 3335 2478 3390 ab
2500 3335 2590 3390 his
2610 3334 2704 3406 qui
2741 3333 3001 3404 nequiter
3031 3331 3452 3403 pravaluerant,
3472 3346 3584 3385 non

2001 3437 2089 3485 est
2115 3427 2437 3499 permissus.
2469 3427 2673 3483 Verum
2704 3427 2760 3481 in
2787 3427 2893 3482 hoc
2926 3425 3271 3495 Nicephorus
3298 3422 3588 3480 sanctissi-

2002 3536 2126 3575 mus
2147 3519 2462 3591 patriarcha
2506 3517 2892 3574 consentiebat
2922 3536 2934 3570 :
2967 3517 3034 3571 Et
3067 3519 3196 3587 ipse,
3222 3516 3503 3587 inquiens,
3536 3525 3588 3569 et

2000 3612 2105 3682 ﬁlii
2126 3613 2240 3684 ejus
2271 3609 2519 3666 salvandi
2548 3616 2722 3672 erunt,
2757 3609 2802 3662 si
2831 3606 3010 3661 taliter
3037 3608 3152 3677 quis
3191 3615 3586 3677 promoveatur.

2001 3706 2072 3761 At
2094 3720 2228 3760 vero
2260 3711 2525 3774 pratores
2545 3700 2824 3760 discentes
2848 3699 3240 3769 imperatorem
3280 3712 3406 3752 cum
3446 3697 3590 3750 mul-

2002 3794 2339 3852 titudinibus
2365 3793 2421 3847 in
2455 3791 2648 3846 urbem
2675 3789 2902 3860 fugisse,
2935 3787 3213 3858 desperati
3243 3787 3312 3842 ab
3342 3802 3410 3842 eo
3438 3785 3585 3855 quod

2001 3887 2070 3944 de
2083 3881 2605 3954 cateroimperandi
2636 3881 2840 3946 forent,
2867 3889 2924 3935 et
2949 3877 3224 3934 consiliati
3244 3877 3386 3948 apud
3411 3885 3589 3933 semet

2003 3979 2152 4050 ipsos
2175 3975 2547 4049 implorabant
2582 3973 2825 4029 Leonem
2872 3969 3169 4043 patricium
3203 3977 3259 4026 et
3292 3977 3585 4039 praetorem

2000 4071 2387 4137 Orientalium,
2411 4084 2521 4141 quo
2552 4066 2916 4123 auxiliaretur
2944 4062 3225 4120 communi
3249 4063 3328 4118 rei
3353 4062 3589 4133 publica

2001 4173 2059 4222 et
2085 4162 2530 4220 Christianorum
2586 4157 2840 4228 religioni
2896 4153 3285 4226 opitularetur.
3336 4153 3435 4209 Ast
3495 4153 3588 4209 ille

2001 4255 2324 4328 aliquandiu
2348 4253 2712 4310 vehementer
2741 4249 3036 4305 differebat
3061 4255 3305 4318 tempus,
3328 4245 3586 4302 conside-

2002 4365 2133 4406 rans
2160 4345 2538 4404 diﬂicultatem
2571 4353 2628 4400 et
2654 4343 3021 4399 Barbarorum
3063 4341 3439 4397 incursionem
3491 4340 3582 4396 in-

315 4455 434 4510 quo
468 4439 653 4495 subito
684 4455 810 4495 cum
832 4439 1070 4510 quodam
1099 4440 1282 4496 sonitu
1311 4441 1622 4511 aperiretur
1642 4447 1894 4510 egerunt,
1930 4445 1974 4501 1)
2001 4440 2368 4501 tolerabilem,
2408 4446 2466 4494 et
2487 4445 2662 4495 semet
2689 4435 2884 4506 ipsum:
2904 4421 3033 4506 erg:
3055 4433 3419 4503 imperatores
3449 4447 3587 4487 con-

315 4529 480 4603 quasi
507 4547 575 4588 ex
604 4531 841 4602 quadam
865 4531 1190 4602 operatione
1233 4531 1501 4587 divinitus
1546 4530 1675 4586 facti
1717 4529 1905 4601 prodi-

316 4623 439 4696 gii,
493 4631 550 4680 et
599 4624 748 4680 intro
810 4624 1128 4680 insilientes
1180 4622 1540 4694 procidebant
1594 4621 1904 4678 seductoris

317 4723 718 4779 monumento,
777 4714 929 4771 hunc
992 4715 1317 4770 invocantes
1379 4721 1436 4768 et
1499 4727 1611 4767 non
1662 4712 1836 4767 Deum
1884 4727 1899 4763 :

315 4803 531 4876 Surge,
589 4805 842 4860 dicentes
873 4845 888 4870 ,
955 4814 1006 4859 et
1069 4804 1332 4860 auxiliare
1389 4804 1614 4875 perdita
1670 4804 1746 4856 rei
1804 4819 1904 4872 pu-

316 4895 505 4961 blica;
533 4895 1068 4966 diﬂ‘amaveruntque
1091 4897 1218 4967 quia
1243 4895 1485 4951 surrexit
1506 4907 1676 4966 super
1695 4909 1901 4964 equum

319 4985 542 5053 sedens,
569 4996 626 5042 et
663 4987 817 5042 vadit
851 4986 1116 5058 Vulgares
1144 4987 1471 5054 bellaturus,
1513 4987 1609 5058 qui
1651 5002 1682 5042 e
1707 4995 1902 5042 contra

318 5079 613 5135 Tartarum
659 5080 872 5135 habitat
917 5095 1044 5136 cum
1073 5077 1438 5136 daemonibus.
1486 5079 1590 5146 Qui
1623 5079 1693 5134 ab
1750 5079 1904 5133 urbis

315 5169 584 5234 praefecto
612 5170 997 5242 comprehensi
1028 5171 1206 5242 primo
1233 5170 1458 5240 quidem
1490 5169 1904 5225 mentiebantur

317 5266 594 5322 divinitus
622 5267 769 5323 ultro
798 5266 968 5322 fuisse
988 5274 1176 5337 portas
1201 5266 1585 5336 sepulcrorum
1629 5271 1850 5334 apertas
1885 5279 1900 5316 :

317 5359 636 5431 prasentati
666 5373 803 5415 vero
823 5358 1083 5414 tribunali
1115 5355 1356 5428 prafeeti
1389 5365 1446 5412 et
1480 5357 1628 5412 circa
1657 5355 1904 5410 testimo-

318 5453 478 5508 nium
528 5452 904 5508 claudicantes
930 5448 1300 5506 obserationis
1335 5446 1582 5504 fraudem
1619 5455 1750 5502 ante
1782 5461 1903 5500 om-

320 5559 450 5600 nem
497 5557 718 5614 pmnam
763 5542 1002 5599 confessi
1035 5551 1361 5613 sunt;quos
1409 5539 1611 5596 merito
1656 5537 1906 5596 vectibus

321 5636 574 5694 subdens
623 5651 840 5709 pompa
906 5636 1142 5708 publica
1199 5632 1480 5698 submisit,
1533 5632 1905 5689 vociferantes

325 5744 552 5786 causam
589 5744 782 5800 pana.
811 5727 901 5785 Sic
921 5727 1067 5785 enim
1091 5727 1349 5798 nequitia
1371 5726 1627 5783 inventor
1649 5723 1904 5780 diabolus

2001 4546 2230 4589 servans
2281 4538 2499 4586 rectum
2547 4537 2605 4585 et
2653 4528 2863 4598 absque
2899 4523 3137 4581 insidiis.
3183 4523 3324 4592 Quia
3359 4539 3492 4579 vero
3518 4522 3589 4578 ad

2001 4627 2195 4681 urbem
2223 4638 2523 4696 properare
2547 4621 2835 4676 inimicum
2865 4617 3028 4682 vidit,
3055 4616 3252 4673 scribit
3274 4615 3589 4686 Nicephoro

2000 4717 2331 4790 patriarcha
2350 4715 2419 4771 de
2456 4722 2614 4770 recta
2629 4712 2735 4767 ﬁde
2757 4727 2854 4768 sua
2885 4709 3182 4775 aﬂirmans,
3209 4719 3404 4780 petens
3421 4708 3587 4764 etiam

2003 4818 2063 4863 ut
2089 4825 2214 4864 cum
2265 4807 2517 4863 oratione
2546 4815 2603 4860 et
2639 4812 2780 4859 nutu
2813 4805 2934 4875 ejus
2983 4801 3278 4873 imperium
3317 4807 3583 4857 sumeret.

2003 4902 2071 4957 Et
2102 4901 2336 4956 veniens
2384 4897 2452 4954 ad
2508 4896 2874 4952 tribunalium
2919 4903 3047 4951 ante
3095 4893 3290 4950 urbem
3346 4892 3587 4964 positum

2003 5009 2109 5049 una
2135 5008 2262 5048 cum
2289 4990 2621 5062 praetoribus
2642 4997 2700 5045 et
2725 4987 3084 5055 exercitibus,
3124 4987 3284 5042 valde
3307 4986 3589 5058 legitimus

2004 5085 2380 5139 Romanorum
2417 5082 2719 5152 imperator
2773 5079 3108 5145 ostenditur,
3167 5087 3223 5135 et
3266 5077 3356 5133 die
3404 5074 3587 5130 media

2003 5172 2542 5244 Constantinopolim
2568 5188 2668 5242 per
2695 5169 2892 5229 Carisii
2929 5181 3144 5240 portam
3170 5167 3500 5238 ingreditur,
3531 5170 3590 5219 et

2005 5267 2072 5324 ad
2122 5267 2324 5338 regalia
2369 5263 2644 5336 pervenit.
2679 5262 2853 5319 Porro
2897 5262 3153 5322 Michael,
3183 5259 3372 5314 audita
3421 5257 3589 5328 hujus

2003 5355 2415 5419 acclamatione,
2435 5354 2490 5410 in
2507 5353 2809 5409 oratorium
2825 5353 2987 5409 Phari
3006 5363 3326 5412 accurrens,
3342 5363 3450 5403 una
3463 5363 3588 5415 cum

2003 5449 2272 5520 Procopia
2299 5447 2555 5517 natisque
2590 5446 2727 5510 suis,
2751 5444 2997 5500 detonsis
3024 5441 3238 5513 capillis
3287 5440 3588 5495 monastica

2007 5541 2189 5598 induit
2225 5540 2552 5595 vestimenta
2586 5538 2781 5608 quinto
2823 5535 2951 5591 ldus
2997 5533 3174 5590 Julias
3231 5541 3400 5588 sexta
3445 5528 3588 5587 indi-

2006 5630 2229 5694 ctionis,
2280 5628 2416 5684 feria
2442 5627 2704 5684 secunda.
2735 5627 2962 5682 Postera
3001 5640 3136 5682 vero
3171 5623 3260 5679 die
3290 5631 3587 5679 coronatus

2007 5724 2367 5794 aNicephoro
2402 5722 2714 5794 patriarcha
2743 5721 2794 5775 in
2819 5719 3052 5776 amboue
3087 5719 3305 5793 Maioris
3337 5717 3586 5775 ecclesia
