2041 3154
143 214 1773 247 ω

427 372 758 439 ΝΟΤΙΤΙΑ
802 373 884 436 IN
923 373 1233 438 THEOPH

685 372 758 436 [Α
802 373 884 436 ΙΝ
923 373 1491 439 ΤΗΕΟΡΗΑΝΕΜ.

225 517 290 549 (Jac.
307 518 384 547 ϐολῇ,
395 517 449 541 0rd.
463 514 577 541 Fratrum
589 515 691 541 Predic.
704 514 728 539 in
742 517 793 539 not.
810 515 839 539 ad
856 514 1014 546 Theophanis
1036 515 1269 548 Chronorjraphiam,
1290 524 1313 548 p.
1328 519 1373 543 διδ
1389 519 1544 552 ed.Lupar2e
1560 528 1599 545 an.
1615 521 1696 554 1653.)

168 665 230 693 Non
246 673 317 693 unus
331 665 510 699 Theophanes
535 665 656 693 historia:
666 665 797 693 Romanae
827 665 868 692 vel
899 665 1056 699 Byzantina:
1072 665 1199 699 scriptor,
1225 670 1272 693 aut
1294 667 1376 694 etiam
1399 668 1542 701 praesentis
1561 671 1653 705 operis
1669 677 1772 701 auctor

133 718 254 743 ceteros,
286 709 325 737 vel
342 717 456 745 supper.
485 710 703 744 Antiquissimus
729 714 771 737 est
787 708 954 744 Ilitylenaeus
968 707 1088 742 Pompeii
1112 711 1202 744 magni
1219 709 1244 736 in
1274 709 1378 737 bellicis
1394 711 1613 746 expeditionibus
1635 715 1725 750 miles.
1740 722 1769 745 et

134 758 276 786 gestorum
295 753 376 780 testis
391 760 423 780 ac
437 760 536 788 praeco,
554 761 569 779 a
586 752 683 780 Vossio
707 752 746 778 De
760 752 893 779 historicis
914 751 1024 783 Gracia,
1044 752 1091 779 lib.
1106 760 1124 785 ι,
1153 761 1213 788 cap.
1244 753 1279 780 25
1297 760 1478 783 memoratus.
1506 756 1649 786 Secundus
1677 765 1772 794 poeta.

139 797 217 830 cujus
238 804 339 830 paucos
360 804 456 824 versus
478 797 639 831 Authologia
666 796 786 828 exhibet,
801 796 847 822 lib.
864 803 905 829 ιιι,
922 799 991 823 sect.
1006 796 1032 822 5.
1051 796 1125 823 Alter
1140 796 1289 831 Byzantius
1313 794 1495 833 Theophanes
1520 799 1620 829 Justini
1653 804 1768 832 secundi

133 840 232 867 bellum
264 839 417 871 Persicum,
432 839 626 875 Romanasque
646 848 701 872 res,
715 848 777 872 suo.
810 839 836 867 id
861 844 914 872 est.
937 839 1037 867 Justini
1066 845 1198 876 tempore,
1214 841 1278 869 olim
1296 843 1379 875 visas,
1398 843 1476 871 libris
1492 845 1596 877 decem.
1609 854 1680 881 quos
1693 848 1768 876 Pho-

135 883 189 910 tius
201 883 341 917 periectos
355 890 497 915 memorat,
509 884 619 919 scriptis
633 883 814 918 consignavit.
841 883 961 916 Quartus
978 883 1023 911 hic
1042 889 1139 911 auctor
1157 890 1260 917 noster,
1276 886 1358 913 etiam
1371 887 1530 921 Byzantius,
1540 889 1697 924 Byzantina:
1714 892 1766 920 Hi--

132 927 224 953 storize
245 934 260 953 a
282 926 453 954 Diocletiano
479 928 513 954 ad
541 927 701 954 Michaelem
721 926 866 962 Nicephori
885 935 1014 962 generum
1033 929 1170 963 scriptor,
1191 928 1325 964 Georgius
1357 931 1477 963 nomine,
1498 934 1662 966 cognomine
1678 935 1770 964 Theo-

130 969 253 1003 phanes,
273 970 346 1005 quod
361 970 470 1006 Georgii
493 970 612 1007 Syncelli
628 970 773 998 familiaris
787 971 933 1004 exstiterit,
944 976 971 999 et
985 971 1044 1007 ejus
1057 972 1283 1008 ehronographize
1305 975 1491 1006 continuator.
1501 983 1644 1010 perperam
1662 977 1770 1012 Vossio,

131 1013 257 1048 aliisque
282 1022 334 1041 non
358 1015 477 1042 indoctis
494 1016 571 1048 viris,
584 1015 630 1043 lib.
648 1023 679 1048 tt,
703 1023 764 1050 cap.
781 1015 816 1043 24
840 1021 1025 1050 nuncupatus.
1050 1016 1127 1044 Alius
1151 1016 1251 1044 iterum
1277 1017 1329 1044 hoc
1361 1023 1456 1046 nostro
1480 1019 1662 1055 Theophanes
1675 1022 1770 1055 junior

129 1056 261 1084 Meterius
276 1058 433 1093 episcopus,
459 1058 595 1086 Theodori
619 1058 713 1091 frater,
727 1062 754 1086 et
781 1066 842 1086 cum
859 1065 892 1085 eo
918 1064 1075 1086 sanctorum
1094 1060 1243 1095 imaginum
1266 1061 1356 1088 cultus
1378 1061 1482 1090 defensi
1506 1064 1541 1091 ab
1570 1065 1654 1099 impio
1679 1065 1770 1094 Theo-

128 1100 204 1134 philo
221 1109 285 1128 reus
306 1103 522 1137 pronuntiatus,
546 1102 669 1138 κεντητῷ
685 1103 781 1140 μέλανε
802 1102 946 1135 litteratus,
963 1103 1065 1138 ingenii
1086 1104 1205 1140 ﬁdeique
1232 1110 1409 1134 monumenta
1428 1108 1538 1143 reliquit
1569 1108 1770 1143 laudatissima,

129 1151 145 1170 a
160 1143 313 1172 Possevino
328 1147 470 1173 recensita.
496 1146 657 1174 Coactaueus
675 1147 743 1174 alter
756 1145 947 1181 Theophanes,
967 1152 994 1175 et
1014 1148 1211 1176 monachorum
1235 1149 1244 1184 (
1261 1149 1332 1177 haud
1359 1151 1559 1179 nominatorum
1577 1155 1585 1187 )
1602 1155 1766 1189 praepositus

131 1190 181 1215 sub
197 1188 331 1217 Michaele
346 1189 488 1226 Theophili
505 1191 572 1224 tilio,
583 1191 663 1225 cujus
679 1198 748 1226 opus
764 1192 791 1217 in
806 1190 950 1226 Nicephori
965 1191 1126 1226 patriarcha:
1145 1192 1288 1225 exsilium,
1306 1198 1333 1220 et
1344 1194 1520 1228 reliquiarum
1536 1196 1597 1231 ejus
1610 1188 1769 1225 translatio-

131 1240 192 1259 nem
212 1233 298 1261 refert
314 1234 522 1270 Metaphrastes,
538 1240 564 1262 et
577 1243 654 1262 exeo
668 1235 767 1262 Surius
790 1234 878 1262 Martii
899 1235 942 1261 die
969 1234 1076 1262 decimo
1092 1235 1183 1262 tertio.
1203 1235 1342 1270 Septimus
1368 1236 1551 1272 Theophanes
1562 1240 1684 1274 ejusdem
1705 1250 1768 1270 cuin

136 1275 238 1303 Basilio
256 1277 403 1305 Macedone
418 1278 558 1306 Michaelis
593 1286 755 1306 successore
779 1278 921 1313 temporis,
939 1277 1086 1306 Cerameus
1118 1284 1171 1312 est,
1190 1280 1235 1307 ille
1263 1280 1508 1310 Tauromenitanus
1533 1285 1631 1318 praesul
1647 1286 1699 1314 :de
1714 1295 1769 1321 quo

135 1322 321 1356 accurate,qui
342 1329 429 1356 opera
442 1322 502 1356 ejus
514 1322 542 1349 in
560 1323 699 1357 publicum
716 1321 863 1356 evolgavit,
889 1321 1054 1350 Franciscus
1076 1322 1203 1351 Seorsus.
1228 1324 1319 1352 Alium
1343 1334 1440 1354 rursus
1452 1328 1558 1355 amicus
1574 1334 1599 1355 et
1614 1330 1767 1358 litterarum

131 1370 228 1391 amans
241 1363 298 1391 Leo
325 1365 446 1392 Aliatius
471 1367 591 1401 suggerit
609 1366 739 1393 familiari
769 1366 884 1400 epistola
902 1374 935 1393 ex
962 1364 1075 1392 Joannis
1099 1367 1240 1401 cujusdam
1266 1376 1372 1404 magnae
1392 1367 1438 1397 Dei
1451 1370 1580 1399 Ecclesiae
1607 1373 1715 1400 diaconi
1739 1379 1767 1401 et

130 1406 251 1434 rhetoris
281 1400 404 1443 scripto:
421 1411 473 1442 Εις
498 1400 552 1436 ἐόν
562 1411 635 1442 βίον
657 1409 764 1443 Ἰωσὴφ
784 1410 837 1436 τοῦ
856 1411 932 1444 ὑμνο

960 1409 1059 1443 πείθου.
1076 1409 1141 1445 Ejus
1154 1412 1236 1439 verba
1262 1413 1338 1439 haec:
1357 1414 1489 1448 Θεοφάνει
1508 1415 1557 1450 μὲν
1581 1415 1627 1442 οὖν
1651 1426 1705 1444 τινι
1719 1417 1766 1445 τοῦ

130 1451 205 1486 ἱεροῦ
225 1452 425 1488 πρεσϐυτερίου
445 1454 602 1489 ὴξιωμένῳ,
623 1455 670 1481 καὶ
686 1453 727 1489 τῷ
752 1453 894 1489 καταλόγῳ
917 1452 1100 1490 ἠριθμημένῳ
1125 1455 1180 1482 τῶν
1206 1455 1329 1491 μοναχῶν
1342 1457 1355 1483 ὁ
1381 1457 1437 1492 βίος
1457 1459 1533 1485 τοῦδε
1558 1459 1604 1486 τοῦ
1625 1461 1764 1496 μακαρίου

127 1496 294 1531 «strenui.
310 1497 348 1523 Οὺ
363 1498 416 1532 μὴν
435 1497 504 1524 ἀλλὰ
520 1497 680 1534 παρέδραμε
708 1498 801 1525 τοῦτον
830 1497 915 1524 πολλὰ
927 1517 934 1530 ,
951 1498 991 1524 ὃτι
1020 1498 1091 1524 κατὰ
1115 1499 1233 1534 σπουδὴν
1248 1500 1345 1535 ἐκείνῳ
1368 1501 1556 1538 συνεξυφάνθη
1579 1505 1610 1530 τὸ
1631 1505 1742 1540 πόνημα.
1755 1514 1762 1521 ·

126 1541 226 1575 ἀμέλει
241 1542 289 1567 καὶ
311 1538 351 1572 οἷς
366 1542 469 1573 ἐκεῖνος
494 1541 540 1568 τοῦ
561 1541 684 1578 μάκαρος
707 1541 784 1568 τοῦδε
796 1541 842 1568 τὸν
857 1541 914 1577 βίον
929 1541 1105 1578 ὲσμίκρυνεν,
1123 1543 1151 1569 ἐν
1176 1543 1283 1576 τούτοις
1299 1545 1372 1579 ἡμᾶς
1397 1545 1445 1572 ἐπὶ
1460 1546 1491 1573 τὸ
1515 1544 1593 1582 εὖρος
1606 1548 1656 1583 τῆς
1671 1538 1766 1585 διγήγή-

127 1592 202 1615 nam;
227 1584 407 1619 προεϐίϐασεν
420 1593 428 1601 ·
445 1585 598 1619 Theophani
615 1594 679 1613 salte
694 1586 801 1613 cuidam
812 1593 891 1612 sacra
915 1587 1060 1621 presbyteri
1076 1586 1204 1622 dignitate
1219 1593 1350 1622 prouecta,
1379 1595 1402 1615 et
1420 1590 1608 1618 monachorum
1623 1594 1695 1627 gregi
1713 1584 1766 1621 ad-

124 1627 201 1654 lecta
219 1629 283 1654 beati
298 1628 378 1663 hujus
406 1630 459 1656 vita
476 1630 613 1657 elaborata
637 1634 686 1657 est.
709 1626 804 1656 Verum
816 1638 896 1664 quam
916 1628 1000 1656 multa
1015 1629 1059 1657 ille
1073 1631 1219 1664 prwteriit:
1237 1632 1307 1666 quod
1322 1640 1386 1666 opus
1413 1633 1495 1660 nimia
1518 1636 1634 1669 quadam
1654 1626 1765 1670 [estina—

126 1673 214 1703 tione,
240 1680 286 1699 Im:
309 1681 411 1700 morosa
427 1674 491 1700 satis
507 1675 681 1701 contexuerit.
704 1673 738 1700 In
751 1674 846 1709 quibus
862 1678 950 1700 tamen
969 1673 1038 1700 beati
1053 1673 1132 1708 hujus
1144 1675 1227 1701 vitam
1248 1676 1395 1710 contraxit,
1412 1682 1438 1703 ut
1453 1679 1570 1712 spatium
1589 1687 1636 1714 per
1649 1681 1766 1716 amplius

126 1717 312 1744 narrationem
333 1719 560 1752 protenderemus,
572 1719 600 1745 in
613 1719 707 1747 iisdem
721 1718 767 1745 itte
780 1726 826 1745 nos
839 1717 979 1753 promovit.

165 1759 226 1787 Jam
258 1762 331 1795 quod
350 1770 382 1788 ex
401 1763 462 1790 istis
477 1770 531 1789 non
552 1771 624 1790 unus
641 1762 819 1798 Byzantinam
837 1761 964 1789 tractavit
981 1761 1136 1795 historiam,
1154 1763 1260 1798 primus
1275 1764 1411 1798 videlicet,
1429 1766 1537 1798 tertius,
1555 1774 1680 1802 quartus,
1697 1777 1762 1797 sext

129 1807 188 1835 tus,
213 1810 242 1831 et
264 1805 401 1839 ultimus;
418 1814 468 1834 nec
496 1806 594 1834 unicus
621 1814 715 1834 sacras
730 1806 853 1833 laudavit
877 1805 1027 1841 imagines,
1043 1810 1169 1841 quartus,
1197 1807 1322 1842 inquam,
1349 1814 1376 1836 et
1391 1809 1489 1844 reliqui
1513 1811 1577 1843 ;vrl
1604 1819 1653 1846 pro
1668 1819 1764 1840 earum

128 1848 309 1876 veneratione
321 1851 422 1877 tuenda
440 1855 579 1878 certamen
597 1850 699 1882 inierit,
717 1850 791 1877 veJut
813 1854 940 1884 quartus,
956 1857 989 1878 ac
1007 1849 1121 1885 quintus
1136 1858 1145 1884 ;
1160 1855 1190 1878 ut
1201 1851 1315 1879 alterius
1332 1851 1390 1880 vice
1407 1860 1480 1881 unus
1495 1861 1693 1890 nonnunquam
1712 1857 1762 1884 ad-

127 1891 275 1919 duceretur
301 1893 484 1926 inmedium,
517 1898 545 1922 et
570 1901 632 1929 qua:
647 1894 694 1921 uni
720 1899 796 1929 gesta
813 1893 855 1920 vel
869 1893 981 1928 scripta,
1009 1894 1195 1921 tribuerentur
1219 1895 1309 1927 alteri,
1332 1904 1386 1923 non
1411 1896 1522 1925 diiiicile
1536 1899 1659 1934 contigit.
1691 1899 1762 1933 Quid

129 1936 206 1962 enim
238 1937 400 1972 Theophani
438 1939 523 1973 magis
552 1938 642 1966 simile
666 1947 748 1974 quam
768 1937 951 1972 Theophanes
969 1935 1162 1973 Mlitylenazus
1179 1938 1226 1965 ille
1254 1939 1416 1972 Romanam,
1432 1940 1590 1976 Byzantius,
1614 1943 1660 1978 qui
1690 1944 1762 1972 inter

129 1980 251 2007 nominis
266 1981 349 2015 hujus
369 1982 518 2016 scriptores
535 1983 642 2015 tertius,
668 1982 822 2009 Romanam
847 1981 958 2015 pariter,
976 1981 1077 2008 diversi
1092 1981 1156 2010 licet
1176 1983 1316 2017 temporis,
1329 1985 1451 2012 contexit
1478 1985 1633 2014 historiam.
1655 1986 1762 2023 Byzan-

127 2024 187 2050 tius
204 2024 277 2051 idem
294 2025 400 2057 tertius,
421 2034 483 2054 cum
506 2030 600 2054 nostro
615 2026 720 2061 pariter
748 2025 890 2061 Byzantio,
902 2024 1068 2059 Byzantinas
1089 2033 1132 2053 res
1156 2031 1264 2054 tractat.
1284 2026 1386 2056 Sextus
1405 2032 1433 2055 et
1458 2033 1573 2058 octavus
1591 2031 1760 2065 privatorum

130 2067 210 2094 vitas
239 2069 371 2102 scribunt,
397 2077 516 2104 quarum
544 2070 623 2098 lectio
650 2071 685 2098 ad
712 2069 925 2106 Byzantinorum
951 2067 1077 2095 notitiam
1099 2070 1216 2097 accedit.
1242 2069 1368 2099 Nicaenus
1390 2073 1490 2107 praesul
1516 2073 1698 2110 Theophanes
1725 2078 1759 2104 ad

132 2110 221 2137 instar
238 2110 372 2146 Byzantii,
387 2113 434 2148 qui
453 2114 559 2146 tertius,
586 2122 680 2142 sacras
695 2117 849 2149 propugnat
867 2112 1012 2149 imagines.
1039 2112 1108 2141 Hine
1135 2114 1238 2142 incerta
1266 2116 1478 2151 perturbataque
1498 2117 1581 2153 hujus
1597 2126 1623 2147 et
1646 2120 1760 2148 alterius

129 2154 260 2189 cognitio,
278 2155 335 2182 imo
355 2163 460 2184 summa
474 2157 545 2184 inter
561 2164 609 2184 eos
623 2157 760 2189 confusio,
775 2162 802 2184 et
818 2158 861 2185 vix
876 2157 1097 2185 constituendum
1107 2157 1254 2186 discrimen
1267 2168 1274 2187 :
1288 2159 1357 2187 adeo
1380 2165 1409 2188 ut
1424 2161 1469 2196 qui
1485 2169 1587 2196 paucos
1610 2166 1759 2198 recensuit,

129 2200 156 2221 et
171 2195 338 2230 distinguere
354 2199 466 2226 tentavit
482 2199 605 2232 Vossius,
631 2198 792 2235 Byzantium
806 2205 932 2227 nostrum
961 2201 1040 2228 annis
1056 2201 1091 2228 50
1111 2203 1296 2237 superiorem,
1311 2208 1338 2231 et
1354 2204 1411 2239 jam
1441 2195 1579 2234 mortuum
1592 2215 1654 2235 cum
1667 2207 1758 2236 Theo-

129 2238 218 2273 phane
234 2241 395 2275 presbytero
409 2247 434 2268 et
449 2244 605 2277 praeposito,
621 2241 766 2278 Nicephori
794 2251 918 2278 praecone
946 2252 976 2272 se
1000 2244 1159 2273 coniudisse
1184 2254 1237 2273 non
1267 2238 1500 2277 animadverterit.
1522 2249 1653 2278 Eumdem
1686 2260 1759 2281 nunc

131 2284 254 2307 nostrqu
277 2289 309 2308 ex
326 2282 442 2316 paritate
466 2291 529 2310 eum
558 2284 672 2320 reliquis
688 2283 854 2312 conferam?
873 2293 984 2320 nomen,
998 2288 1100 2322 studia,
1133 2289 1241 2325 religio,
1270 2291 1369 2326 pietas,
1399 2293 1461 2319 ritze
1478 2293 1622 2328 professio,
1637 2295 1756 2328 labores.

129 2331 190 2357 qua:
212 2325 240 2351 in
274 2326 336 2353 aliis
359 2332 432 2354 certa
463 2328 602 2356 varietatis
617 2328 736 2363 indicia,
762 2329 788 2356 in
807 2330 869 2357 istis
901 2330 1109 2360 similitudinem
1137 2325 1313 2366 obtinent,et
1331 2325 1487 2364 discrimen-
1503 2325 1640 2365 auferunt.
1662 2339 1755 2368 Dicam

131 2365 328 2402 Theophanem
347 2369 419 2397 hunc
436 2377 559 2398 nostrum
575 2379 607 2399 ex
630 2373 745 2400 diversis
763 2374 845 2408 gestis
861 2374 888 2401 in
904 2375 973 2402 duos
988 2374 1231 2405 Baroniodivisum
1244 2379 1278 2406 ad
1292 2386 1395 2406 annum
1413 2379 1514 2408 Christi
1531 2382 1680 2414 8I6,num.
1694 2392 1713 2417 ι,
1728 2390 1756 2412 et

140 2407 165 2417 ι,
185 2408 205 2417 .,
259 2410 275 2417 η
485 2413 501 2417 ..
612 2414 628 2417 ..
754 2415 759 2417 .
798 2414 828 2417 ᾉ.

132 2407 244 2437 Andreae
259 2410 364 2438 Scorso
378 2413 502 2446 procemii
517 2414 629 2441 secundi
645 2419 710 2442 seet.
728 2423 736 2442 ι
753 2407 780 2442 in
797 2414 992 2463 Theophanem
1010 2419 1195 2449 Cerameum?
1220 2423 1285 2457 ipsi,
1300 2425 1374 2458 quod
1389 2407 1561 2460 mirandum,

126 2456 156 2478 et
179 2459 313 2488 errorem,
337 2462 398 2483 cum
422 2461 456 2484 ex
473 2456 648 2492 TheOpItanis
675 2459 798 2494 ejusdem
818 2459 904 2487 nostri
925 2462 991 2496 vita,
1021 2468 1076 2491 tum
1108 2473 1140 2493 ex
1166 2456 1374 2496 mendice-ridis
1398 2456 1755 2505 convincendum,.denion-

126 2498 230 2523 stram.
243 2498 315 2527 Sane
342 2498 517 2535 Theophanis
534 2503 622 2538 ipsius
648 2503 710 2535 vita,
740 2509 870 2539 gestaque
883 2505 966 2534 variis
981 2514 1015 2535 ex
1042 2510 1203 2538 auctoribus
1234 2511 1357 2544 collecta,
1379 2513 1431 2541 sub
1448 2498 1626 2549 conspectum
1644 2516 1731 2550 pusita
1745 2538 1752 2548 .

123 2539 206 2574 quod
221 2541 306 2575 ipsum
323 2543 396 2571 inter
421 2545 598 2582 reliquosque
615 2547 764 2580 intercidit,
780 2548 949 2577 discriminis
969 2551 1068 2579 indicia
1082 2554 1234 2587 proferunt.
1252 2555 1369 2584 Tantum
1384 2575 1393 2589 ,
1412 2565 1472 2592 qua:
1486 2539 1583 2586 inriIlis
1599 2539 1669 2586 haurd
1685 2559 1754 2586 levi-

121 2589 166 2611 ter
193 2587 383 2620 pra-tereunda
394 2607 402 2620 ,
420 2587 519 2616 Lector
543 2598 598 2618 non
627 2591 754 2618 incautus
778 2599 885 2619 mecum
900 2593 958 2622 haec
971 2595 1137 2624 observabit.
1154 2597 1179 2624 l.
1200 2598 1266 2627 Viue
1277 2587 1452 2635 Theophanis
1467 2609 1482 2628 a
1498 2602 1696 2636 Metaphraste,
1712 2603 1753 2630 rei

119 2637 156 2656 ex
171 2627 286 2658 Barcini
299 2632 404 2666 judicio
417 2641 432 2660 a
446 2631 592 2663 Theodoro
606 2633 712 2663 Studila
733 2637 895 2672 conscriptae
915 2638 1042 2666 versione
1058 2637 1167 2674 Latina,
1186 2643 1313 2671 eumdem
1331 2627 1467 2672 Islaacium
1499 2627 1609 2680 quoqrue
1637 2645 1754 2679 dictum,

118 2681 154 2701 ex
167 2673 273 2712 lingua:
297 2675 396 2705 Graecae
415 2677 535 2712 inscitia,
550 2679 678 2707 aii‘trmari
703 2680 938 2726 apudBaronium
962 2682 996 2711 Α.
1014 2683 1044 2712 C.
1065 2685 1126 2718 777,
1142 2673 1218 2714 num.
1231 2688 1260 2720 '5,
1286 2693 1312 2715 et
1338 2688 1400 2723 816,
1416 2696 1493 2715 num.
1551 2673 1635 2716 IIecto
1654 2673 1754 2726 quippe

117 2718 187 2745 vita:
201 2725 415 2761 programmate,
433 2722 598 2758 Θεοφάνους,
613 2724 658 2751 τοῦ
678 2723 814 2752 Ἰσαακίου
830 2725 898 2760 βίος,
915 2732 923 2754 t

947 2727 1034 2755 ddid’tt
1054 2728 1188 2766 interpres
1205 2741 1211 2758 :
1235 2718 1412 2767 Theophanis,
1426 2733 1471 2767 qui
1488 2737 1513 2759 et
1529 2731 1650 2760 Isaacius
1662 2718 1751 2762 Italic-tiu

115 2770 170 2796 est,
189 2758 266 2797 vita;
286 2774 350 2794 cum
371 2774 474 2797 vertere
490 2770 641 2804 debuisset,
676 2768 839 2806 Theophanis
875 2770 1006 2799 IsaciiF.
1034 2775 1099 2802 vita.
1126 2758 1160 2802 Iit
1175 2776 1248 2804 enim
1268 2784 1282 2804 a
1297 2758 1354 2803 tilio
1382 2776 1467 2811 patris
1494 2777 1604 2805 nomine
1628 2779 1756 2818 vocando.

115 2809 234 2844 penitus
250 2810 399 2839 abhorrent
413 2813 512 2847 Graeci,
529 2816 566 2842 ita
584 2823 598 2842 a
617 2815 708 2843 verbis
725 2815 812 2848 hisee,
825 2812 902 2848 οὗτος
917 2826 921 2832 ι

943 2817 1020 2852 πρὸς
1037 2818 1087 2854 μὲν
1112 2819 1161 2855 ἔφυ
1180 2821 1282 2851 Ἰσαάκ,
1304 2820 1363 2854 ejus
1379 2809 1460 2847 vitam
1480 2820 1661 2857 Menologium
1678 2823 1749 2850 ordi-

91 2873 99 2888 ι
116 2857 180 2886 tur,
211 2856 239 2881 et
266 2852 400 2883 Isaacium
433 2858 535 2892 pariter
550 2859 609 2894 ejus
630 2863 734 2896 patrem
750 2856 861 2888 laudata
890 2860 980 2889 versio
996 2852 1143 2891 memorat.
1156 2864 1182 2891 2.
1211 2852 1404 2900 Theophanem
1424 2864 1497 2893 circa
1512 2864 1614 2894 Christi
1637 2874 1738 2895 annum

248 2902 386 2934 PATROL.
404 2904 427 2935 G
435 2914 465 2934 ιι.
482 2905 589 2936 CVIII.

1520 2911 1531 2942 1

910 3031 1162 3092 48650
