2041 3154
279 182 289 214 1
299 180 306 212 l
970 183 1019 213 ΤΗ
1026 183 1085 213 ΕΟῘ

1106 184 1232 214 mes.
1882 191 1912 223 12

274 243 304 264 ut
321 238 378 272 ipse
391 241 529 269 numerat,
546 235 607 270 7H,
621 243 649 265 ut
664 236 763 265 melius
778 236 823 264 alii
841 237 888 264 75l
915 237 957 265 vel
974 238 1021 265 alii
1039 238 1102 271 759.,
1117 239 1290 267 Constantini
1306 239 1471 276 Copronymi
1488 240 1692 274 dumb-ciuium,
1707 245 1830 272 autumni
1844 250 1914 274 lem-

274 287 377 315 pcstate
391 287 484 309 natum
503 290 509 308 :
522 281 568 317 qui
583 289 701 316 namque
715 288 788 309 anno
800 281 863 315 755,
881 289 912 308 ex
930 283 1047 317 propriis
1064 290 1160 318 nempe
1173 283 1296 316 calculis,
1308 291 1341 311 ex
1357 285 1558 319 probatioribus
1571 286 1622 312 765
1643 291 1670 313 et
1682 286 1848 324 Copronymi
1866 291 1914 323 25,

273 325 408 364 ingentem
429 327 525 363 glaciei
549 327 648 354 molem
668 327 735 354 mari
754 332 976 362 supernatantem
992 335 1054 355 cum
1083 329 1172 356 aetatis
1197 329 1319 363 ejusdem
1337 331 1429 365 pueris
1459 331 1567 367 triginta
1590 331 1828 368 Constantinopoli
1842 335 1914 363 ltidi-

273 371 394 399 bundutn
409 371 603 399 conscendisse
618 370 676 406 (qui
687 370 775 398 aetatis
791 371 862 398 illius
880 371 1032 399 ludentium
1045 380 1195 407 puerorum
1215 381 1272 401 mos
1285 374 1452 410 agnoscitur)
1463 375 1496 402 de
1512 375 1604 410 seipse
1620 376 1725 409 scribit,
1738 377 1913 407 duodennem

272 415 382 442 circiter
397 422 426 442 se
443 419 507 441 tunc
526 414 667 442 exstitisse
686 415 781 442 lectori
796 414 998 448 conjiciendum
1014 416 1136 451 suggerit.
1159 424 1185 451 p.
1201 417 1262 444 565.
1280 417 1306 444 3.
1323 417 1497 445 Duodeunem
1526 419 1621 447 iniisse
1640 419 1797 456 conjugium
1815 421 1914 457 (.quod

273 458 405 487 Romanis
439 458 545 493 legibus
577 459 703 486 masrulo
730 458 853 486 nondum
881 459 1068 494 licet)ialso,
1097 465 1127 487 ut
1148 460 1268 492 videtur,
1299 461 1325 488 in
1351 461 1498 497 Mcnologii
1528 466 1603 490 textu
1620 464 1761 492 asseri.4.
1792 465 1915 494 Erronee

270 505 373 537 pariter
394 503 482 531 relatis
506 510 608 530 annum
626 502 788 530 vicesimum
807 503 926 538 primum
947 511 1109 531 numerasse
1136 503 1340 540 Theophanem,
1354 505 1446 533 Leone
1469 511 1567 541 quarto
1591 506 1765 535 Constantini
1789 507 1820 535 F.
1837 517 1913 537 mor-

271 553 324 574 tem
342 552 499 582 appetente,
515 546 614 574 ibidem
630 546 703 581 legi:
721 546 915 581 quadrimulus
929 547 1001 574 enim
1034 549 1107 582 (ante
1131 548 1229 576 Leonis
1256 550 1383 578 videlicet
1410 559 1498 579 annos
1528 552 1662 587 quinque.
1686 558 1713 579 et
1739 554 1914 583 Constantini

270 590 429 625 duodecim)
460 598 522 618 cum
540 590 624 618 sociis
643 590 754 625 triginta
772 590 900 617 mobilem
914 595 942 617 et
964 590 1142 619 ﬂuctuantem
1167 596 1251 628 ponto
1267 593 1381 629 glaciem
1407 602 1457 622 nec
1485 603 1570 623 ausus
1582 597 1652 630 ipse,
1671 604 1720 623 nec
1746 597 1781 624 ab
1798 601 1915 625 astanti-

272 637 322 663 bus
345 636 372 663 in
390 635 442 662 (ΣΡ.
457 639 537 670 portu
551 635 784 670 superasccndere
807 635 956 670 permissus
986 634 1094 663 fuisset.
1116 637 1143 664 5.
1167 636 1297 664 Eumdem
1323 638 1402 665 modo
1427 638 1502 674 Agri,
1519 640 1599 666 modo
1627 639 1767 674 Sigrianes
1781 643 1913 676 praeposi-

271 687 328 709 tum
350 680 545 716 Theophanem
567 681 672 712 vocari,
696 680 742 714 qui
761 687 815 707 non
828 688 918 712 unus,
941 681 989 707 sed
1023 681 1100 715 quasi
1121 680 1164 708 hic
1179 680 1214 707 ab
1241 681 1328 708 altero
1353 681 1489 713 diversus,
1505 683 1636 709 scribitur
1652 690 1667 710 a
1684 683 1801 710 Baronio
1817 685 1850 712 ad
1864 693 1913 712 an-

271 733 337 753 num
358 725 388 753 ε.
409 725 471 757 8H,
485 733 563 753 num.
577 725 623 758 51,
639 729 666 752 et
686 725 749 758 816,
764 734 790 753 ιι.
817 725 843 758 1,
864 725 897 753 de
926 733 981 760 quo
1007 732 1077 753 nova
1093 732 1155 752 mox
1176 724 1373 760 subjungenda.
1396 725 1423 753 6.
1438 725 1627 754 Confessionis
1648 735 1705 754 suae
1739 728 1855 762 palmam
1884 729 1911 756 in

273 770 342 797 uelo
370 769 565 804 Theophanem
580 774 705 796 nostrum
727 768 826 796 Leonis
850 769 960 796 Armeni
990 768 1148 803 imperantis
1178 775 1251 796 anno
1267 769 1294 802 5,
1314 768 1418 797 Christi
1442 769 1505 802 818,
1532 770 1674 804 excepisse
1691 779 1698 797 :
1714 772 1794 805 cujus
1813 773 1910 799 asserti

273 814 405 840 adversus
422 816 603 840 memoratum
625 812 772 840 Baronium
802 812 860 840 haec
888 812 1085 840 demonstratio
1111 812 1276 840 certissima.
1309 812 1417 848 ltnperii
1446 820 1518 840 anno
1540 814 1663 840 secundo
1684 815 1740 848 jam
1764 815 1911 850 completo.

272 857 456 892 Nicephorum
488 857 672 892 patriarcham
699 857 918 888 sanctissimum,
948 856 1048 883 throno
1061 859 1088 883 et
1108 856 1177 883 urbe
1204 861 1353 889 estorrem,
1373 856 1400 883 in
1427 855 1618 883 Praeconesum
1633 858 1675 891 agi
1706 857 1790 892 jussit
1812 858 1910 893 iinpius

272 901 451 933 Icenoelasta,
489 901 543 928 Leo
569 901 715 934 Armentis,
749 909 781 928 ex
806 900 906 928 Leonis
931 899 1078 928 Grammati

1106 900 1214 927 iverbis
1242 900 1319 928 hisce
1347 909 1354 928 :
1378 901 1407 928 '0
1422 900 1450 928 δὲ
1468 901 1544 928 Λέων
1558 901 1627 936 μετὰ
1656 901 1703 927 δύο
1731 902 1846 937 χρόνους
1863 902 1912 936 τῆς

270 945 353 972 αὑτοῦ
383 945 519 981 βασιλείας
535 945 641 980 μανεὶς,
657 945 705 971 καὶ
725 944 772 971 τὸν
788 944 924 978 στέψαντα
937 943 1018 970 αὑτὸν
1035 943 1107 970 Θεϊον
1128 944 1285 980 Νικηφόρον
1300 944 1436 979 ὲεορίσας,
1447 944 1575 971 Θεόδοτον
1596 946 1771 980 πατριάρχην
1790 946 1912 980 ἀντιχειε

271 991 383 1026 ροτονεῖ.
409 990 468 1025 Ipse
485 990 539 1017 Leo
555 990 692 1024 aliquibus
709 989 806 1016 diebus
817 988 873 1022 jam
896 988 1032 1016 salutatus
1065 989 1224 1024 imperator,
1251 988 1404 1023 Nicephoro
1435 989 1561 1016 diadema
1576 989 1658 1024 capiti
1675 990 1842 1024 imponente,
1870 994 1913 1025 ty-

271 1035 413 1063 rannidem
434 1035 571 1061 invaserat
585 1040 657 1060 anno
672 1032 772 1060 Christi
785 1032 847 1065 814,
861 1030 935 1059 Junii
953 1032 996 1059 die
1011 1032 1054 1065 12,
1065 1032 1213 1060 indictione
1230 1033 1355 1068 septima,
1373 1037 1453 1067 prout
1469 1032 1613 1067 Baronius,
1623 1037 1649 1060 et
1663 1034 1824 1069 Anonymus
1839 1033 1913 1061 Grtc~

270 1089 320 1108 cus
338 1080 420 1107 Leoni
447 1078 630 1106 Grammatico
647 1077 740 1104 eodem
758 1076 850 1104 codice
861 1076 944 1111 Regio
961 1076 1013 1104 sub
1042 1085 1154 1105 munero
1178 1077 1230 1104 713
1246 1077 1410 1113 conjunctus
1433 1076 1581 1111 afllrmant,
1601 1079 1724 1106 nonnihil
1736 1086 1750 1105 a
1766 1078 1912 1113 Theopha-

271 1133 304 1151 ne
321 1129 416 1151 uostro
438 1122 584 1150 variantes.
603 1121 762 1148 Declaratus
788 1121 936 1155 imperator
957 1121 1031 1148 varia
1050 1120 1168 1152 fortuna.
1185 1129 1248 1149 cum
1264 1121 1395 1149 Crunnuo
1425 1121 1550 1157 principe
1573 1121 1692 1157 Bulgaro
1719 1123 1752 1149 ad
1777 1123 1841 1149 anui
1862 1130 1910 1150 sc-

269 1169 378 1203 quentis
402 1167 561 1195 Paschalem
588 1170 790 1202 tempestatem,
812 1164 909 1192 eodem
930 1171 1068 1200 anonymo
1100 1165 1192 1200 praelia
1216 1165 1399 1198 describente,
1423 1168 1554 1200 decertat,
1568 1174 1618 1194 nec
1641 1167 1715 1194 circa
1738 1167 1909 1204 religionem,

271 1214 368 1249 inquo
392 1212 527 1240 Baronius
556 1211 758 1243 hallucinatur,
783 1209 932 1245 quidquam
961 1209 1084 1236 innovat.
1115 1207 1187 1234 Anni
1213 1207 1267 1234 8|5
1300 1211 1327 1235 et
1360 1207 1518 1236 indictionis
1545 1213 1663 1240 octavtn,
1694 1209 1804 1236 ineunte
1834 1217 1908 1239 vere.

270 1259 417 1285 Crutnmus
448 1256 572 1284 moritur.
589 1255 672 1282 Οὔπω
693 1254 774 1289 ἔαρος
784 1253 995 1284 καταλαϐόντος,
1019 1252 1058 1284 ὥς
1083 1250 1149 1285 φασί
1172 1259 1246 1282 τινες
1261 1250 1439 1282 διασωθέντες
1458 1251 1509 1286 τῆς
1530 1252 1733 1287 αἰχμαλωσίας,
1755 1252 1809 1279 ἀπὺ
1825 1252 1908 1279 Βουλ-

270 1302 372 1338 γαρίας
387 1301 452 1335 περ).
477 1300 526 1335 τὴν
560 1299 683 1335 μεγάλην
706 1298 840 1333 Πέμπτην
864 1297 878 1324 ὁ
901 1296 1051 1332 Κροῦμμος
1067 1296 1081 1322 ὁ
1096 1294 1264 1329 περὶφημος,
1280 1294 1294 1320 ὁ
1315 1295 1365 1330 τὴν
1384 1295 1461 1322 πόλιν
1489 1296 1560 1322 ἑλεῖν
1582 1295 1758 1331 βουλόμενος,
1776 1296 1848 1322 τέλει
1861 1295 1909 1322 τοῦ

270 1344 329 1380 βίου
343 1345 490 1381 ἐχρήσατο.
504 1343 572 1370 Belli
585 1342 721 1378 Bnlgarici
733 1349 798 1369 cura
813 1340 869 1368 Leo
896 1340 1036 1369 liberatus.
1053 1339 1235 1374 irreligiosum
1251 1338 1278 1366 in
1295 1345 1390 1366 sacras
1406 1339 1538 1382 imagines
1550 1339 1660 1367 dentem
1675 1340 1787 1372 exserit,
1797 1345 1823 1366 et
1834 1340 1910 1367 virus

269 1389 422 1424 eiaculatur
434 1397 440 1415 :
453 1388 507 1415 Καὶ
520 1387 612 1414 λοιπὸν
629 1386 698 1422 μετὰ
713 1385 793 1413 τοῦτο
806 1384 897 1412 λαϐὼν
912 1384 1056 1418 εὐκαιρίαν
1068 1382 1169 1418 ήρξατο
1178 1381 1291 1417 πορθεῖν
1304 1382 1354 1418 τὴν
1381 1381 1556 1417 Ἐκκλησίαν,
1573 1383 1693 1417 δευτέρῳ
1715 1382 1771 1408 ἔτει
1788 1383 1839 1417 τῆς
1859 1383 1909 1418 βι-

270 1433 374 1465 σιλείας
396 1431 479 1459 αὑτοῦ
497 1430 749 1468 περιεργαζόμενος
764 1429 836 1456 κατὰ
848 1428 903 1456 τῶν
921 1428 990 1455 Θεοῦ
1011 1436 1076 1463 κριμ

1100 1435 1165 1453 των.
1181 1425 1317 1462 Propositi
1334 1431 1478 1453 consortes
1497 1426 1572 1461 impii
1591 1427 1674 1454 rebus
1691 1428 1769 1455 novis
1783 1427 1906 1454 animum

270 1476 352 1504 simul
371 1476 514 1510 adjiciunt,
536 1474 658 1510 ejusdem
674 1474 738 1501 anni
763 1473 937 1500 Pentecostcs
960 1472 1040 1504 festo,
1055 1476 1082 1498 et
1096 1477 1189 1498 mense
1204 1469 1276 1497 .lulio
1290 1475 1378 1504 empta
1396 1476 1574 1504 promovent:
1599 1471 1759 1506 ’Λρξάμενοι
1779 1471 1833 1498 ἀπὸ
1856 1471 1907 1506 τῆς

270 1519 458 1555 Πεντηκοστῆς
480 1518 505 1545 οἱ
532 1518 597 1554 περ).
630 1518 677 1544 τὸν
694 1517 822 1551 Ἰωάννην
850 1516 897 1542 καὶ
919 1515 965 1542 τὸν
991 1514 1100 1541 ’Υλιλᾶν
1123 1511 1254 1547 σωρεύειν
1273 1511 1306 1538 τά
1327 1511 1428 1546 βιϐλία,
1448 1513 1493 1538 τὸν
1515 1513 1543 1539 δὲ
1565 1512 1707 1539 ’Λντώνιον
1725 1513 1908 1548 προσελάϐονι-

269 1571 301 1590 το
328 1564 382 1590 ἀπὸ
399 1563 445 1589 τοῦ
469 1561 580 1589 Ἰουλίου
601 1562 695 1596 μηνός.
714 1561 768 1588 Leo
794 1561 828 1587 de
843 1558 1009 1595 imaginibus
1029 1565 1075 1592 pro

1100 1556 1205 1592 igandis
1233 1556 1388 1592 Nicephoro
1422 1558 1586 1592 patriarcha:
1613 1559 1785 1594 propositum
1806 1559 1906 1593 aperit,

272 1615 366 1635 mense
393 1606 536 1634 Decembri
553 1615 559 1633 :
573 1606 640 1640 Περὶ
652 1604 698 1631 τὸν
722 1603 889 1638 Δεκέμϐριον
910 1603 983 1638 μῆνα
999 1601 1074 1637 δηλοῖ
1102 1601 1140 1636 τῷ
1158 1600 1315 1637 πατριάρχῃ
1331 1602 1345 1628 ὁ
1356 1602 1433 1629 Λέων
1448 1622 1456 1635 ,
1469 1602 1511 1628 ὅτι
1527 1603 1542 1629 ὸ
1558 1602 1622 1634 λαδς
1639 1603 1847 1635 σκανδαλίζεται
1863 1603 1907 1629 διὰ

271 1652 321 1683 τὰς
340 1651 458 1682 εἰκόνας.
484 1650 524 1677 Ad
537 1649 752 1685 quadragesima:
766 1649 845 1675 tinem
859 1655 931 1674 anno
943 1646 994 1674 816
1005 1646 1101 1674 indict.
1117 1646 1133 1672 9
1153 1644 1308 1680 Nicephoro
1329 1645 1415 1672 tendit
1429 1646 1543 1674 insidias
1555 1665 1562 1678 ,
1578 1651 1606 1673 ct
1627 1647 1691 1674 sede
1721 1646 1831 1674 abdicat
1848 1655 1856 1674 :
1879 1647 1907 1673 ὐ

272 1695 436 1730 Χαμαιλέων
451 1694 562 1730 (Λέων)
581 1691 785 1729 παρασκευάζει
814 1691 902 1726 λάθρα
926 1690 971 1717 διά
984 1699 1066 1717 τινων
1080 1690 1143 1720 τοὺς
1173 1689 1343 1724 στρατιώτας
1371 1689 1493 1716 ἀνελθεῖν
1516 1691 1557 1721 εἰς
1580 1690 1610 1717 τὸ
1632 1691 1836 1726 πατριαρχείον,
1861 1691 1909 1717 καὶ

273 1739 359 1775 συρτει
376 1738 530 1766 καταϐᾶσαι
553 1736 757 1772 (καταϐιϐάσαι)
784 1736 876 1762 αὐτόν,
894 1733 948 1762 Ἦν
961 1734 990 1761 δὲ
1011 1733 1167 1770 παράϐασις
1185 1733 1240 1760 τῶν
1249 1733 1402 1769 Νηστειῶν.
1420 1734 1506 1761 Infra:
1523 1734 1654 1766 Βαλόντες
1671 1736 1701 1761 ἐν
1713 1735 1818 1770 ἀκατίῳ
1837 1735 1909 1771 Eppi-

271 1783 327 1817 ψαν
346 1783 432 1819 πέραν
448 1783 487 1814 είς
506 1781 687 1816 Χρυσόπολιν.
716 1780 735 1806 F
738 1780 804 1807 estis
817 1779 927 1807 tandem
953 1777 1077 1806 Paschali

1100 1785 1132 1805 us
1155 1777 1316 1809 celebratis,
1344 1777 1516 1805 Theodotum
1539 1780 1699 1806 haereticum
1716 1779 1743 1806 in
1759 1779 1906 1814 Nicephmi

273 1828 363 1854 locum
381 1825 543 1854 substituit:
559 1824 614 1852 Καὶ
628 1823 721 1851 λοιπὸν
750 1824 819 1859 μετὰ
844 1823 874 1850 τὸ
888 1823 985 1858 Πάσχα
999 1823 1074 1849 ποιεῖ

1100 1821 1214 1852 τύνοδον,
1236 1821 1283 1847 καὶ
1306 1820 1423 1853 καθίσας
1448 1822 1494 1848 τὸν
1517 1822 1655 1850 Θεόδοτον.
1671 1823 1768 1851 Paucis
1783 1829 1906 1859 postmo-

272 1871 338 1898 dum
353 1870 452 1898 diebus
474 1869 656 1904 Theophanes
676 1876 749 1895 anno
771 1868 867 1895 eodem
887 1867 939 1895 816
969 1870 1162 1902 oppugnatur,
1186 1865 1225 1892 ait
1240 1864 1302 1899 eius
1317 1864 1385 1892 Vita:
1401 1865 1530 1900 scriptor.
1558 1872 1585 1894 et
1601 1871 1662 1901 post
1677 1868 1797 1895 carceris
1818 1875 1907 1895 annos

272 1915 353 1946 duos.
370 1914 395 1941 id
419 1918 471 1946 est,
487 1913 588 1941 Christi
615 1912 667 1940 818
683 1913 800 1940 mittitur
823 1912 849 1940 in
873 1912 1012 1944 exsilium,
1030 1918 1086 1947 quo
1096 1911 1193 1939 diebus
1208 1911 1274 1938 Solis
1294 1905 1390 1938 tribus.
1412 1918 1445 1939 ac
1463 1912 1559 1947 viginti
1587 1913 1760 1949 deportatus,
1778 1914 1904 1941 laborum

272 1959 389 1994 vitaeque
405 1959 553 1985 terminum
572 1956 671 1992 attigit.
688 1955 735 1984 llis
761 1957 921 1992 perspectis,
934 1964 996 1992 quae
1014 1956 1220 1985 Barouiusloco
1242 1959 1404 1988 memorato,
1425 1961 1453 1984 et
1465 1957 1499 1985 ad
1533 1965 1637 1986 annum
1653 1959 1683 1986 (Σ.
1702 1959 1772 1993 814,
1794 1966 1870 1987 num.
1883 1966 1902 1992 ι,

273 2002 394 2038 scripsit,
413 2008 490 2030 ruere
509 2001 618 2036 penitus
637 2005 665 2028 et
694 2001 780 2028 everti
798 2001 1019 2035 conspiciuntur.

309 2047 454 2083 Σιγριανῆς
463 2045 612 2082 ἡγούμενος
620 2053 635 2072 a
648 2045 784 2073 nonnullis
797 2045 897 2072 dicitur
916 2050 1008 2073 noster
1016 2045 1115 2080 Theopl

1095 2047 1210 2081 phanes;
1227 2048 1253 2076 in
1268 2049 1359 2084 operis
1373 2049 1555 2084 inscriptione
1567 2048 1720 2084 ἡγούμενος
1731 2048 1778 2074 τθῦ
1793 2047 1901 2082 Ἀγροῖν

273 2091 320 2125 qui
343 2099 356 2118 a
384 2089 501 2117 Baronio
517 2089 550 2116 ab
566 2096 598 2116 eo
613 2089 659 2124 qui
675 2088 813 2123 Sigrianes
838 2089 924 2120 audit,
941 2089 1065 2116 diversus

1099 2091 1235 2118 :stimatur
1250 2093 1284 2119 ad
1293 2100 1395 2119 annum
1416 2093 1478 2126 816,
1498 2100 1573 2120 num.
1585 2093 1611 2120 1.
1622 2092 1693 2119 Idem
1708 2089 1905 2124 ΙιιιιιειιἋγροῦ

274 2140 301 2162 et
332 2133 479 2170 Σιγριανῆς
505 2132 658 2169 ἡγούμενος
685 2132 874 2167 Theophanes,
907 2137 1001 2160 mouet
1034 2133 1080 2160 fan

1102 2132 1162 2160 liari
1195 2134 1311 2169 epistola
1349 2135 1447 2162 litteris
1488 2136 1617 2161 omnibus
1658 2133 1906 2161 excellentissimus

275 2179 398 2206 Allatius.
415 2177 540 2214 Sigriane
558 2177 630 2204 enim
652 2177 724 2204 Asiae
746 2177 819 2211 regio
830 2175 863 2203 ad
879 2176 1025 2212 Cyzicum;
1047 2176 1081 2202 ὁ.

1097 2177 1175 2213 γρός,
1195 2179 1241 2213 qui
1265 2183 1293 2205 et
1311 2178 1406 2212 Μέγας
1427 2178 1533 2214 ’Λγρό;,
1548 2177 1671 2212 privattts
1685 2176 1803 2212 regionis
1815 2176 1903 2205 locus.

276 2222 417 2258 Sigrianos
432 2226 536 2250 montes
550 2221 577 2248 in
593 2221 657 2248 Asia
677 2220 749 2248 locat
762 2220 890 2255 jOrtelius
904 2220 930 2246 in
947 2219 1056 2247 Lexieo.
1080 2221 1184 2249 Auctor
1198 2222 1266 2249 Vita:
1280 2223 1465 2257 Theophanis,
1492 2226 1552 2257 post
1574 2222 1634 2256 ejus
1647 2222 1672 2248 in
1685 2221 1785 2248 dictam
1810 2221 1904 2248 urbem

276 2267 436 2302 Cyzicenam
456 2266 614 2297 adventum,
636 2265 678 2292 Αιι
693 2273 828 2300 maguum,
854 2265 954 2300 inquit,
971 2273 1057 2292 senem
1079 2266 1167 2296 rediit.
1183 2266 1229 2302 qui
1248 2267 1319 2301 nptttl
1344 2266 1494 2302 Sigriauem
1508 2265 1614 2301 degebat
1632 2266 1659 2293 in
1677 2265 1813 2300 oppidulo.
1838 2272 1904 2297 ιιιςά

276 2309 347 2338 infra
371 2318 378 2336 :
397 2310 432 2337 αιι
458 2309 590 2344 Sigriamz
614 2313 727 2336 montem
754 2308 891 2338 pervertit:
907 2309 1032 2336 eumdem
1060 2309 1256 2337 Constantinus
1280 2309 1519 2345 Porphyrogeneta
1543 2317 1603 2344 cap.
1625 2309 1662 2336 25
1689 2309 1728 2336 De
1750 2309 1903 2336 administr.

275 2355 353 2388 ὄνῳ..
369 2357 396 2381 et
421 2352 531 2381 Nirctas
548 2353 696 2388 Σιγριανῆς
722 2352 771 2388 τῆς
798 2352 947 2388 λεγομένης
979 2354 1063 2388 μονῆς

1097 2355 1209 2389 ιῐκιστὴν
1235 2355 1262 2382 in
1284 2354 1380 2390 lgnatii
1408 2353 1469 2382 Vita
1490 2359 1650 2389 nuncupat:
1672 2362 1751 2388 quem
1771 2359 1848 2381 vetus
1863 2354 1903 2380 in-

277 2403 381 2433 terpres
397 2397 516 2433 Sigriani
530 2397 686 2424 monasterii
714 2396 767 2423 sive
790 2397 902 2432 Agriani
924 2397 1087 2424 conditorem
1116 2398 1214 2425 reddit.
1243 2398 1434 2427 Dit‘ticultatem
1460 2399 1559 2426 tollunt
1582 2398 1724 2434 Menologii
1759 2399 1840 2425 verba
1871 2399 1904 2425 ad

276 2442 337 2478 ejus
358 2442 420 2470 vita:
436 2442 628 2477 compendium
645 2442 787 2477 praemissa
808 2450 814 2468 :
832 2441 934 2476 Μνήμη
950 2441 997 2467 τοῦ
1018 2442 1082 2468 dsiet

1119 2442 1225 2478 Πατρδς
1247 2444 1327 2480 ἡμῶν
1350 2444 1504 2479 Θεοφάνους
1529 2443 1576 2470 τοῦ
1600 2442 1768 2479 ὁμολογητοῦ
1790 2442 1837 2468 τοῦ
1855 2442 1903 2475 τῆς

277 2487 424 2524 Σιγριανῆς
457 2486 644 2522 (ἡγουμένου),
673 2485 721 2512 τοῦ
749 2487 778 2512 ὲν
799 2485 837 2521 τῷ
859 2485 978 2521 Μεγάλῳ
997 2486 1083 2521 Ἀγρᾷ

1116 2487 1260 2522 κειμένου·
1282 2486 1378 2516 Sancti
1402 2487 1493 2515 Patris
1511 2487 1594 2515 nostri
1617 2487 1780 2521 Theophanis
1801 2485 1904 2519 confes-

276 2534 355 2563 soris.
384 2531 538 2559 monasterii
566 2530 701 2566 Sigrianet
734 2530 885 2564 pra'post'lt',
913 2531 941 2557 in
971 2538 1082 2565 magno,

1141 2539 1150 2556 7
1158 2531 1284 2566 jacentis,
1294 2532 1348 2558 sive
1359 2531 1516 2566 quiescentis
1538 2531 1676 2558 memoria.
1693 2529 1763 2556 Hinc
1786 2528 1815 2556 in
1827 2535 1906 2563 pseu-
1942 2554 1947 2562 ,

277 2576 453 2613 dophotianis
476 2574 608 2602 analectis
634 2581 716 2608 penes
740 2574 881 2606 Allatium,
906 2574 944 2606 ὥς
961 2582 1027 2609 φησι
1042 2574 1083 2601 est

1096 2575 1183 2610 φάνης
1200 2575 1214 2602 6
1239 2576 1422 2612 ὁμολογητὴς,
1443 2577 1457 2602 ὀ
1473 2575 1704 2611 Μεγαλαγριτής·
1722 2579 1751 2601 ut
1771 2572 1902 2607 Theopha-

278 2630 322 2649 nes
333 2621 468 2656 confessor
487 2619 673 2655 Megatagrites
699 2619 829 2654 (μεγάλου
851 2619 950 2654 ’Δγροῦ
971 2619 1145 2655 praepositum
1173 2620 1302 2656 intelligo)
1322 2625 1444 2648 testatur.
1467 2619 1604 2647 Joannicii
1627 2626 1738 2654 quoque
1757 2617 1826 2644 Vitta
1840 2616 1908 2644 scri-

279 2670 340 2700 ptor
354 2665 426 2701 apud
440 2664 553 2692 Surium
574 2662 735 2691 Novembris
748 2663 792 2690 die
806 2670 923 2699 quarto:
940 2663 1082 2699 Nauigauit
1111 2664 1272 2692 adoratum:
1295 2665 1381 2692 sancti
1407 2664 1572 2699 Theophanis
1602 2663 1814 2694 tabernaculum,
1837 2659 1906 2696 quod

279 2716 314 2737 est
338 2710 366 2737 in
388 2709 524 2746 Sigriana.
551 2707 648 2744 Ἀγρὸς
671 2715 747 2744 ergo,
769 2708 827 2736 sive
848 2708 942 2743 Μέγας
971 2708 1068 2744 Ἀγρὸς
1082 2708 1220 2744 Sigriaucs
1231 2709 1424 2737 exstititlocus
1441 2709 1612 2744 designatus,
1631 2715 1687 2743 quo
1707 2705 1906 2735 monasterium

279 2753 411 2787 condidit,
438 2758 464 2781 et
480 2754 512 2781 ad
526 2753 599 2789 quod
620 2756 681 2788 post
708 2752 768 2787 ejus
792 2757 908 2780 mortem
927 2759 1027 2788 corpus
1038 2753 1098 2788 ejus
1121 2754 1236 2781 relatum
1254 2762 1261 2781 :
1280 2753 1333 2781 alia
1354 2759 1444 2781 tamen
1459 2753 1627 2781 monasteria
1644 2752 1670 2779 in
1692 2751 1786 2779 eadem
1802 2749 1908 2784 Sigria-

281 2806 329 2837 nes
350 2798 462 2833 regione
484 2807 498 2826 a
519 2798 650 2833 Gregorio
663 2796 839 2832 Theophanis
852 2797 950 2824 abbate
973 2798 1134 2834 gubernata,
1147 2805 1179 2825 ex
1193 2798 1252 2834 ejus
1272 2797 1340 2825 Vitae
1362 2798 1433 2826 serie
1445 2798 1617 2826 observabis.
1644 2796 1777 2824 Advertes
1806 2794 1906 2821 iterum

280 2842 473 2878 Theophanem
486 2842 636 2878 ἡγούμενον
650 2841 697 2869 τοῦ
716 2840 825 2877 Ἀγροῦ,
840 2841 903 2876 Agri
918 2841 1020 2875 ducem,
1041 2846 1068 2870 et

1099 2841 1186 2870 lossio
1205 2847 1232 2870 et
1247 2841 1362 2870 Cedreni
1386 2842 1549 2878 interprete,
1562 2846 1690 2869 vocatum
1709 2837 1880 2874 ineptissime
1898 2845 1905 2865 :

280 2888 332 2916 nisi
342 2886 436 2915 forsan
450 2887 635 2914 Alexandrum
654 2886 787 2914 exercitus
804 2885 924 2913 abbatem
944 2886 1078 2915 voluerint
1094 2887 1196 2922 pariter
1213 2886 1439 2922 nuncupandum.
1458 2886 1504 2914 Sic
1527 2886 1633 2913 fabrilia
1650 2889 1759 2913 sutores
1777 2886 1906 2911 tractant.
