2041 3154
161 206 195 239 13
889 205 1056 240 ΝΟΤΙΤΙΑ.

1765 209 1796 242 l4

194 261 343 290 Nonnullis
379 261 414 289 de
449 265 562 290 auctore
581 261 672 296 operis
697 260 813 296 hujusce
851 261 994 296 hucusque
1026 260 1195 296 prmmlssis.
1215 260 1272 294 jam
1306 267 1367 296 qua:
1399 261 1471 289 circa
1498 269 1565 296 opus
1583 262 1682 298 ipsum,
1701 265 1795 298 lector,

160 306 288 334 edoctum
317 310 343 334 te
378 309 546 340 cautumque
578 305 649 338 volo,
676 305 770 340 paucis
797 304 893 332 evolvo
915 305 986 333 :tibi
1012 305 1097 333 semel
1133 308 1236 334 monito
1272 307 1361 342 operis
1395 306 1479 334 totius
1512 307 1647 340 decursu,
1674 309 1798 344 pluribus

158 349 293 385 exemplis
313 354 341 377 et
378 349 447 377 locis
479 349 574 377 eadem
608 349 665 376 haec
699 349 841 377 recolenda
864 356 919 376 non
949 351 1087 379 excidant.
1117 353 1144 379 Ι.
1177 352 1254 380 Brevi
1278 352 1358 380 facile
1382 353 1544 388 composito,
1570 358 1598 381 at
1621 361 1674 382 non
1700 355 1797 384 admo-

108 409 114 413 -
159 395 225 422 dum
241 395 372 429 expolito,
389 395 515 430 quinimo
542 395 649 430 plebeio
677 403 746 430 pene
760 403 794 423 ac
817 395 923 432 vulgari
944 396 1015 430 stylo
1044 396 1186 424 historiam
1214 397 1284 425 hanc
1300 404 1315 424 a
1336 396 1504 432 Theophane
1524 397 1711 433 digestam.2.
1729 399 1798 427 Ilinc

161 439 209 466 tibi
236 439 312 471 trita,
328 446 381 466 nec
407 439 518 474 palatio,
537 439 653 466 Amboni
667 446 758 472 sacro,
774 439 816 466 vel
831 439 892 467 foro
916 439 1024 475 cognita
1042 440 1174 468 vocabula
1188 449 1196 473 ;
1215 441 1261 468 sed
1277 448 1310 468 ex
1335 440 1462 476 compitis
1479 445 1505 468 et
1521 442 1630 469 incultae
1647 442 1734 478 plebis
1750 451 1798 470 ore

161 483 275 512 collecta
299 491 446 511 occurrere
469 484 562 511 mirari
581 484 710 511 desines:
728 492 759 511 ea
773 491 838 511 vero
858 484 1085 520 chronographiaa
1102 488 1179 519 parte
1205 484 1343 520 usurpari,
1359 484 1437 518 cujus
1455 489 1576 520 tempore
1591 485 1618 512 in
1643 493 1722 513 usum
1739 486 1798 514 fue—

162 535 227 558 runt
243 531 366 564 inducta,
380 535 456 558 certa
477 531 636 566 conjectura
654 539 708 558 non
725 532 842 559 habetur
867 530 938 566 apud
956 536 999 556 me
1022 528 1154 556 alienum.
1172 529 1199 556 3.
1215 528 1422 556 lnerueudatum
1451 529 1484 556 ad
1502 529 1688 564 grammaticae
1712 530 1795 566 leges,

161 575 218 602 imo
240 574 353 602 soluecis
378 574 560 610 barbarisque
583 575 751 604 dictionibus
774 580 878 603 textum
903 580 956 601 non
975 580 1037 600 raro
1059 573 1264 608 interpunetum
1287 572 1393 600 auctori
1418 572 1498 600 velim
1524 572 1737 601 ascribendum:
1759 575 1799 602 sic

161 619 236 646 enim
253 623 384 650 mentem,
401 619 546 646 verborum
571 619 686 654 ambage
701 620 831 655 seposita,
847 616 1048 654 signiﬁcantius
1065 616 1270 651 exprimendam
1286 615 1397 644 sibimet
1411 616 1518 644 suasit:
1535 616 1606 651 quod
1619 621 1708 644 tamen
1723 622 1797 645 recta

162 662 300 689 scribendi
320 662 399 694 ratio,
422 670 504 697 quam
531 662 628 690 dicunt
642 663 878 698 orthographiam,
898 660 1062 696 quandoque
1078 660 1270 696 reprehendat,
1286 661 1496 688 amanuensium
1514 660 1752 689 hallucinationem
1771 667 1797 689 ct

162 713 284 733 errorem
306 713 362 733 non
387 705 524 739 diiliteor;
543 713 599 740 quo
617 706 723 739 relicto,
738 711 764 733 et
786 705 972 736 inemendato,
988 713 1022 732 ex
1044 705 1097 733 [ide
1122 706 1154 734 ad
1177 713 1230 733 ms.
1244 705 1384 740 exemplar
1401 705 1667 734 commendationem
1694 707 1796 741 potius,

161 757 247 785 quam
267 757 300 777 ex
315 749 490 777 correctione
520 749 554 777 ad
581 750 774 785 gramu'alices
789 754 933 784 pra-cepta.
948 749 1056 776 laudem
1076 749 1144 777 mibi
1168 748 1298 785 proposui
1314 748 1485 777 sectandam.
1502 748 1581 782 Quod
1603 750 1690 776 nihilo
1705 751 1796 778 secius

161 793 242 834 jubet
268 793 312 820 illa
339 793 523 828 reparandum
538 793 681 820 declarant
695 794 899 826 annotatiunes,
915 793 956 820 vel
972 793 1119 820 emendant
1135 793 1181 821 alii
1197 793 1307 821 codices
1320 793 1348 820 in
1369 793 1453 821 variis
1469 793 1633 821 lectionibus
1654 794 1796 828 producti:

163 837 291 864 nonnihil
313 845 364 872 ego
388 845 438 871 pro
460 837 615 865 scholiasta‘.
637 838 746 865 licentia
761 838 906 873 interpolo,
918 845 951 865 ex
969 837 1068 873 quibus
1087 837 1191 872 reliqua
1213 836 1321 865 facilius
1344 843 1436 866 mente
1454 837 1630 866 restituenda.
1647 837 1674 865 4.
1692 837 1798 866 Verbo-

162 888 225 907 rum
243 881 360 912 lacunae,
375 885 403 908 et
416 889 477 916 quze
491 881 694 913 desiderantur,
711 882 908 909 sententiarum
928 885 1022 916 patent
1035 881 1137 914 hiatus,
1154 882 1202 908 sed
1219 888 1273 908 non
1290 880 1466 914 intolerandi,
1482 889 1530 908 cen
1545 881 1591 916 qui
1609 890 1675 909 mss.
1695 882 1721 910 in
1735 890 1798 911 om-

160 925 242 952 nibus
267 929 394 955 exstent,
418 925 461 952 vel
485 925 583 953 mentis
606 925 728 960 judicio,
754 926 812 953 sive
838 925 933 954 labore
961 929 1063 961 queant
1085 924 1217 959 reparari.
1233 925 1260 952 5.
1276 923 1471 959 Repetitiones,
1497 924 1595 958 fateor,
1611 925 1733 960 ejusdem
1758 927 1799 955 rei

158 969 271 1003 penitus
295 969 417 1001 inutiles,
441 973 469 996 et
489 977 551 1004 qua:
575 969 662 997 semel
689 969 760 997 dicta
790 969 956 1002 suﬂlcerent,
973 969 1099 996 eumdem
1118 969 1146 996 in
1163 969 1255 996 locum
1280 968 1322 996 bis
1348 969 1453 1003 ingesta
1486 967 1646 996 illubentius
1679 970 1796 1004 perfero.

159 1012 188 1040 6.
202 1011 304 1040 Rerum
320 1018 458 1048 gestarum
476 1013 643 1041 metalheses
660 1021 715 1041 non
735 1013 952 1049 praetereundas,
968 1012 1171 1047 inl'requentius
1187 1011 1261 1044 licet,
1278 1011 1483 1039 animadverto:
1500 1016 1526 1039 et
1541 1019 1575 1039 ex
1591 1011 1722 1047 historiae
1735 1017 1797 1041 tart-

163 1060 222 1083 tum
241 1055 305 1087 ﬁde.
329 1063 384 1083 non
407 1064 440 1083 ex
463 1056 596 1092 temporis
622 1061 750 1084 accurata
775 1056 935 1084 recensione
955 1057 1033 1092 plura
1055 1056 1182 1084 narrari:
1201 1055 1275 1091 quod
1292 1060 1344 1090 est,
1372 1055 1533 1083 historicum
1557 1056 1667 1092 ubique,
1688 1061 1716 1084 at
1741 1065 1794 1085 non

162 1099 409 1135 chronographum
427 1107 536 1134 semper
557 1107 587 1127 se
602 1100 722 1135 gessisse
739 1099 945 1135 Theophanem.
962 1100 988 1127 7.
1005 1099 1149 1135 Temporis
1173 1099 1340 1132 Canonium,
1358 1104 1385 1127 et
1399 1107 1548 1135 expressas
1565 1100 1593 1127 in
1610 1108 1643 1128 eo
1664 1109 1797 1136 personas

161 1155 223 1175 cum
241 1147 358 1175 historia
373 1147 405 1174 ad
415 1147 568 1175 Canoniurn
586 1148 656 1175 idem
673 1148 809 1183 subjecta,
827 1156 881 1175 non
909 1148 1064 1176 consentire
1079 1147 1236 1183 frequenter
1256 1147 1403 1175 manifesto
1417 1147 1443 1175 in
1460 1148 1597 1176 annotatis
1615 1150 1653 1183 (α)
1671 1157 1677 1175 :
1696 1153 1723 1175 ut
1735 1156 1796 1176 cum

161 1191 196 1218 ad
221 1191 331 1218 Damasi
357 1198 460 1218 annum
484 1190 610 1225 quintum
638 1191 701 1218 Julii
729 1191 864 1226 pontificis
884 1191 1002 1223 obitum,
1021 1197 1048 1219 et
1074 1190 1176 1219 Liberli
1207 1191 1406 1231 promotionem
1433 1198 1487 1218 una
1512 1191 1629 1227 legimus
1656 1193 1794 1220 connecti.

161 1235 191 1263 8.
204 1234 275 1262 Anni
303 1235 387 1263 unius
403 1239 479 1269 gesta
502 1235 529 1262 in
555 1235 639 1262 alium
665 1236 830 1270 quandoque
845 1242 987 1271 reponere,
999 1242 1063 1262 cum
1079 1235 1216 1264 accuratis
1235 1235 1316 1263 etiant
1341 1235 1481 1263 historicis
1506 1234 1682 1270 Theophanis
1704 1237 1798 1272 lapsus

165 1278 322 1306 cor-munis
336 1281 388 1306 est.
403 1278 430 1305 9.
443 1277 511 1305 Cum
536 1277 598 1305 aliis
623 1279 727 1313 pariter
751 1286 908 1311 commune,
925 1282 955 1306 ut
970 1286 1025 1307 uno
1040 1287 1126 1312 more,
1144 1287 1253 1315 unoque
1273 1287 1343 1308 sono
1369 1280 1491 1307 virorum
1517 1283 1544 1307 et
1560 1280 1684 1308 locorum
1706 1281 1797 1316 profe-

165 1322 248 1349 renda
268 1322 392 1355 nomina,
407 1321 465 1357 ipse
487 1322 612 1349 nonnihil
636 1322 782 1350 immutata
803 1323 970 1357 pronuntiet,
987 1326 1017 1350 ut
1032 1323 1160 1356 Artaxer,
1179 1325 1343 1351 Artaxerxes
1359 1324 1428 1356 vice,
1444 1328 1510 1357 etc.,
1526 1323 1599 1351 hunc
1617 1323 1698 1351 modo
1725 1324 1798 1351 Con-

163 1365 309 1398 stantium,
336 1365 527 1398 Maximinum,
552 1366 633 1394 modo
656 1366 880 1399 Constantinum,
899 1365 1114 1401 Maximianutn;
1131 1367 1207 1394 illum
1235 1367 1280 1395 hic
1307 1366 1500 1402 Eupbernium,
1534 1367 1570 1394 ibi
1601 1367 1794 1402 Euthymiunt;

163 1411 292 1438 eumdem
318 1409 417 1438 Judam
445 1415 473 1438 et
496 1410 618 1438 Eaudam
636 1415 724 1442 vocet,
749 1412 783 1438 de
810 1418 865 1446 quo
893 1410 1026 1439 lectiones
1052 1411 1144 1445 variae,
1160 1416 1188 1438 et
1211 1412 1402 1439 annotationes
1426 1418 1635 1446 nonnunquam.
1665 1412 1706 1441 l0.
1729 1411 1798 1439 llinc

163 1462 227 1482 cum
249 1459 324 1482 textu
343 1453 437 1482 Gratco
452 1462 507 1481 non
522 1455 658 1482 consentit
672 1455 698 1482 in
714 1455 874 1483 nominibus
887 1454 1025 1491 plerisque
1040 1455 1141 1487 versio,
1154 1458 1181 1483 et
1196 1455 1254 1482 lucc
1265 1455 1340 1482 illum
1356 1455 1494 1490 corrigere
1510 1462 1564 1482 non
1577 1459 1696 1482 veretur.
1708 1455 1751 1482 ll.
1767 1455 1798 1482 Et

164 1499 211 1526 ubi
227 1499 333 1526 nullum
358 1499 401 1525 vel
421 1498 610 1533 perturbatum
623 1502 716 1527 textus
731 1499 843 1527 exhibet
858 1507 980 1532 sensum,
995 1499 1085 1526 versio
1099 1499 1235 1532 restituat,
1249 1503 1276 1526 et
1299 1499 1408 1533 planum
1426 1498 1539 1526 reddere
1553 1502 1679 1526 conetur.
1698 1499 1741 1526 12.
1758 1499 1798 1526 Ex

163 1542 283 1569 diversis
302 1546 329 1568 et
341 1541 464 1569 adversis
481 1541 642 1570 auctoribus
656 1542 691 1570 de
710 1542 818 1576 eodem,
837 1550 900 1570 raro
915 1542 988 1576 licet,
1000 1543 1078 1579 ponit
1090 1543 1247 1576 contraria;
1263 1546 1293 1570 ut
1308 1542 1342 1570 de
1356 1542 1415 1570 Elia
1429 1541 1611 1579 llierosolym.
1627 1547 1654 1570 et
1666 1542 1718 1570 ΟΡ.
1741 1542 1799 1570 Ma-

199 1615 238 1650 (a)
259 1615 402 1653 Annorum
430 1615 585 1653 notationes
608 1615 634 1642 in
663 1615 782 1643 editione
808 1608 1142 1653 ParisiensiAbabemus
1170 1625 1201 1645 ex
1227 1618 1373 1646 collatione
1397 1618 1520 1653 quinque
1553 1618 1679 1653 codicum
1718 1626 1798 1651 mss.,

163 1651 197 1678 ad
229 1650 357 1678 codicum
381 1650 521 1685 exemplar
538 1650 574 1677 ita
590 1654 754 1685 comparatae
771 1656 854 1680 sunt.
879 1655 909 1678 ut
931 1651 958 1678 in

162 1685 263 1720 quavis
288 1685 351 1712 novi
379 1686 453 1720 regis
476 1685 518 1712 vel
543 1687 663 1720 episcopi
689 1685 846 1721 accessione
860 1690 960 1721 praeter

163 1728 269 1748 annum
291 1721 387 1748 mundi
410 1725 436 1748 et
451 1721 551 1748 divinat
569 1720 766 1748 incarnationis
789 1720 871 1748 etiam
897 1721 960 1747 reli-

164 1763 284 1790 quorum
300 1763 393 1791 regum
403 1762 430 1782 et
440 1756 632 1791 episcoporum
649 1755 713 1783 anni
730 1755 830 1784 diserte
846 1756 959 1784 indicati

163 1792 232 1823 sint,
250 1790 297 1817 tali
317 1790 373 1818 fere
391 1791 530 1818 schemate
549 1799 555 1817 :

440 1850 446 2026 ἱ

872 1942 877 2069 Ι

199 1957 204 2099 l

655 2002 660 2097 l

765 2087 771 2170 ι

197 1847 331 1916 legis.
344 1848 407 1916 ἔρεξε·
440 1847 515 1916 me
528 1910 534 1916 ,
546 1849 741 1916 cassis:
885 1849 960 1916 ga’f'

197 1879 237 1916 βξ
253 1879 331 1909 μαίων
344 1880 395 1902 σῶν
440 1879 495 1941 ἱμης
546 1879 650 1904 ¹σταντι-
662 1879 737 1903 σπλύ-
763 1879 840 1910 ’χείας
885 1879 936 1916 Em:

169 1910 201 1939 ἔρ
214 1917 240 1941 9
254 1911 417 1941 βασι-[βασια
450 1910 542 1935 ἇσιιισκὸι
556 1911 641 1934 verme.
663 1918 714 1940 μων
773 1911 871 1935 ἐπισκὸι
883 1910 960 1941 δριιαις

162 1931 312 1981 ξίὲ“1ίὶως
335 1931 405 1967 lim;
442 1931 497 1981 Ιπου
549 1942 616 1969 ιὶιως
655 1931 758 1975 1ἔπισιιὸ-
776 1949 823 1965 που
874 1931 935 1981 ,ἐξείη

170 1975 187 1981 .-
212 1971 231 1981 o
259 1970 282 1981 ιι
306 1980 317 1981 η
336 1965 413 1981 ΙΙῙυΙΔ
452 1973 468 1981 ν
527 1971 533 1979 ο
562 1974 566 1980 .
636 1973 641 1979 ι
776 1972 820 1981 ,ικν
888 1979 905 1981 ,ν
921 1971 928 1981 3

169 1970 187 2003 ἒ
199 1970 232 2027 Ιέ
245 1970 429 2027 ΙἋνα-ἰΚοιὸάπ
442 1970 542 2026 ιΣυμμά-
558 1970 709 2009 ὶπισχὰἠον
774 1972 856 2008 τί)).α-,
873 1970 944 2027 laxo-

169 2016 196 2027 σ..
215 2014 232 2027 ιι
254 2010 316 2025 στα-
345 2002 388 2026 δω
451 2010 497 2027 νου
549 1999 603 2027 lnou
655 2002 756 2027 Ιὶαὶου-
775 2004 858 2026 ϐιανου
882 2009 930 2026 που

169 2016 196 2027 σ-
215 2010 232 2030 ςε
254 2010 316 2025 στα-
345 2010 388 2026 0w
443 2010 446 2026 l
469 2010 497 2026 συ
549 2010 603 2029 {non
663 2010 756 2028 241.00-
775 2010 858 2026 διανου
882 2010 930 2026 που

164 2028 187 2058 3
245 2010 309 2080 'g’iou
337 2010 398 2080 ὶέτος
406 2011 504 2080 ηπίξεως
513 2035 641 2071 β’ςΜππυ
655 2010 733 2080 Ιστὶου
744 2065 750 2074 1
766 2034 827 2077 Ἀίτος
837 2010 959 2069 6'.l’lmc’tv«

170 2073 196 2080 .-
234 2070 241 2075 -
255 2071 306 2080 ,ηρ
551 2066 638 2080 ..~m.:-..
666 2065 742 2080 ξηρ-
881 2072 922 2080 νη.

169 2071 203 2119 Ξ]
216 2071 241 2110 Ξ
255 2071 306 2091 ero;
550 2071 638 2115 Ιςξηνιου
657 2071 718 2097 Ιετος
729 2071 768 2090 α”.¹
872 2072 922 2116 va

169 2071 344 2149 mea-1
445 2071 450 2149 ι
765 2087 771 2149 l

170 2134 249 2149 'I“|
339 2134 344 2149 I
446 2134 450 2149 I
551 2134 555 2149 l
658 2134 661 2149 Ι
765 2134 770 2149 l
871 2134 910 2149 Il.

210 2170 770 2278 ξιιιιδι

658 2099 664 2282 ὶ

551 2119 558 2281 ὶ

198 2132 205 2284 Ι

204 2293 253 2321 His
270 2292 377 2320 labellis
393 2293 593 2327 chronologicis
619 2293 645 2320 iu
661 2294 781 2321 editione
800 2299 894 2320 nostra
910 2292 960 2320 ad-

167 2332 273 2356 haerere
285 2327 533 2359 constitueramus;
551 2327 597 2356 sed
613 2336 675 2355 cum
693 2329 793 2363 ubique
807 2328 960 2355 mendosis-

167 2364 247 2391 sima
265 2363 332 2394 sint,
354 2366 382 2390 et
407 2363 530 2397 subjecto
545 2364 629 2398 textui
659 2363 820 2398 pler-umque
844 2370 897 2390 non
920 2369 962 2389 re-

169 2399 335 2433 spondeant,
352 2402 382 2425 ut
398 2398 456 2432 ipse
483 2403 575 2425 rronet
596 2397 665 2426 Jac.’
678 2398 761 2428 Goar.
775 2397 856 2425 aliam
874 2405 962 2424 anno-

169 2441 230 2460 rum
250 2434 434 2461 notandorum
460 2434 592 2460 rationem
606 2433 801 2460 instituendam
821 2433 960 2460 duximus.

169 2467 247 2502 Quod
277 2469 338 2496 sine
361 2468 416 2494 ullo
445 2469 648 2502 perspicuitatis
673 2468 838 2495 detrimento
859 2467 960 2495 factum

169 2511 230 2531 esse
247 2504 365 2536 videtur,
378 2503 466 2538 inquit
476 2502 569 2531 Editur
585 2503 749 2537 Bonnensis,
767 2510 848 2538 quem
868 2503 962 2539 sequi:

168 2546 242 2571 mur,
252 2546 314 2566 nam
329 2539 436 2565 tabellis
448 2540 505 2566 istis
517 2539 641 2573 abjectis,
650 2539 776 2566 mundiet
787 2538 888 2566 Christi
897 2538 961 2565 anni

168 2574 272 2609 ubique
281 2574 399 2609 appositi
408 2579 435 2600 et
445 2575 551 2608 primus
562 2581 638 2601 nova:
649 2574 781 2608 cujusque
796 2573 962 2601 accassionis

170 2617 260 2636 anuus
284 2609 419 2636 indicatus
436 2609 600 2643 cursivoque
624 2609 782 2637 charactere
804 2609 961 2641 distinctus,

171 2649 275 2670 attento
293 2645 388 2671 lectori
402 2644 527 2671 idoneam
554 2644 660 2678 copiam
681 2644 961 2679 faciuntreliquornm

170 2679 382 2714 magistratuum
396 2686 483 2706 annos
497 2679 626 2706 facillimo
649 2684 776 2714 computo
797 2679 960 2706 inveniendi.

205 2713 259 2742 Sed
275 2721 412 2749 apponere
421 2715 499 2749 juvat
513 2714 635 2742 Godi'ridi
652 2713 816 2741 HetrSclreriii
828 2714 962 2746 judicium

171 2759 203 2779 ex
216 2752 277 2787 ejus
292 2751 400 2787 θηκᾳί
415 2750 590 2785 ντειξιίιιιίηειτί
607 2750 645 2785 (α)
660 2750 808 2787 praemissa
822 2754 896 2787 torno
903 2752 963 2787 ter-

171 2788 210 2814 tio
218 2783 528 2814 A'ctorum'San'ctorum
540 2783 643 2812 mensis
658 2784 746 2813 Martii
759 2785 833 2812 edito
842 2785 874 2811 Δ.
884 2783 962 2812 1684.

172 2818 200 2846 in
216 2826 270 2854 qua
286 2818 393 2845 tabulas
408 2817 554 2854 chronicas
569 2817 754 2854 Theophanis,
763 2818 858 2845 saltent
871 2819 963 2853 quoad

171 2853 261 2881 annos
284 2854 438 2888 seriemque
467 2853 657 2888 episcoporqu
679 2853 706 2880 irt
720 2854 840 2888 quinque
852 2853 962 2881 sedibus

171 2887 401 2924 patriarchalibus
427 2887 500 2924 nulla
525 2887 579 2924 aue
602 2888 702 2924 dignas
723 2887 785 2916 esse
797 2887 934 2917 ’observat
954 2898 960 2916 :

173 2921 186 2950 ἱ
203 2924 431 2959 Chronographia
447 2921 746 2959 Theophanisfinquit,
762 2924 870 2959 qualem
887 2931 961 2952 nunc

216 2973 257 3004 (α)
270 2973 395 3004 lutegram
406 2972 493 2998 damus
503 2972 533 2997 ad
545 2973 639 2997 calcem
652 2972 722 3002 hujus
737 2968 878 2995 volumlnis.

1013 1651 1087 1686 Regii
1117 1653 1231 1685 scilicet,
1251 1651 1414 1686 Peireaiani;
1435 1651 1593 1686 Barberini,
1626 1652 1748 1681 Vaticani
1772 1660 1800 1681 ct

1010 1685 1136 1721 Palatini,
1144 1688 1250 1716 duabus
1259 1692 1366 1716 constat
1375 1685 1508 1723 partibus,
1517 1695 1633 1723 quarum
1643 1696 1703 1723 quae
1710 1689 1800 1724 potior

1009 1725 1063 1758 est,
1074 1727 1103 1749 et
1117 1730 1181 1750 vere
1194 1731 1288 1756 aurea,
1307 1724 1439 1758 omnique
1455 1723 1612 1758 acceptione
1626 1723 1799 1758 dignissima.

1010 1756 1153 1793 historiam
1180 1759 1292 1786 exhibet
1317 1767 1365 1793 per
1385 1756 1472 1786 annos
1491 1756 1641 1793 di'gestam;
1656 1756 1740 1786 altera
1755 1759 1798 1786 vix

989 1801 993 1804 ·
1010 1791 1137 1826 plumbea
1154 1794 1207 1821 dici
1224 1791 1353 1826 meretur,
1369 1791 1549 1827 consistitque
1561 1793 1586 1820 iu
1604 1793 1703 1820 tabulis
1720 1794 1800 1821 chro-

1010 1827 1145 1864 nologicis
1159 1828 1292 1864 (Cononis
1322 1833 1401 1856 vocat
1422 1827 1505 1863 Goar)
1518 1827 1618 1862 quibus
1635 1836 1682 1864 per
1694 1828 1799 1856 loculos

1010 1861 1106 1901 divisis
1124 1861 1242 1901 primum
1258 1871 1347 1901 annus
1372 1861 1559 1901 mundi,_'tum
1577 1863 1678 1901 ilbi-isti
1698 1864 1799 1901 ducar-

1010 1897 1077 1930 nati,
1091 1897 1153 1926 dein
1176 1899 1348 1934 imperatoris
1371 1898 1498 1931 Romani,
1512 1897 1634 1932 proxinie
1649 1898 1720 1934 regis
1735 1898 1799 1925 Per-

1010 1940 1114 1967 sarum,
1141 1940 1188 1961 aut
1213 1932 1291 1961 ducis
1314 1934 1446 1966 Arabum,
1462 1940 1553 1960 rerum
1581 1938 1641 1967 post
1655 1932 1752 1960 Persas
1771 1934 1799 1960 in

1010 1965 1155 1996 Palaestina
1175 1969 1338 2003 potentium,
1357 1965 1476 2003 denique
1498 1975 1530 1995 ex
1549 1965 1655 2003 ordine,
1679 1968 1800 2003 quinque

1010 1976 1155 1996 ratzesuna
1175 1976 1338 2003 potentium,
1357 1976 1476 2003 dentque
1498 1976 1530 1995 ex
1549 1976 1655 1999 ururne,
1679 1976 1800 2030 qumque

1010 2003 1199 2038 episcoporum
1217 2004 1415 2038 przecipuorum
1429 2011 1476 2038 seu
1494 2002 1730 2038 patriarcharum,
1769 2012 1801 2030 a-

1009 2039 1093 2071 mrmr',
1109 2037 1407 2073 Conslaritinapblitani,
1419 2037 1654 2073 Hierosolymitaui
1664 2059 1671 2070 ,
1683 2037 1800 2065 Aleraul

1009 2073 1083 2100 ὠ·ὶηί
1104 2080 1128 2101 et
1148 2073 1305 2101 Antiocheni
1320 2074 1387 2101 ordo
1401 2078 1429 2101 et
1446 2074 1510 2100 anui
1539 2073 1727 2100 continentur.
1746 2073 1800 2100 Ta-

1010 2108 1088 2136 bulas
1095 2114 1185 2137 autem
1199 2110 1262 2136 istas
1273 2117 1370 2144 magna
1382 2117 1444 2136 cum
1457 2108 1617 2136 diversitate
1627 2115 1681 2135 non
1696 2113 1800 2144 tantum

1010 2145 1135 2178 practian
1155 2145 1235 2172 annis
1257 2152 1310 2172 non
1323 2143 1399 2176 suis,
1415 2144 1463 2172 sed
1488 2144 1570 2171 etiam
1590 2143 1801 2171 mendosissime

1010 2181 1181 2214 conscriptas
1196 2187 1268 2212 esse,
1284 2184 1311 2206 et
1326 2179 1454 2214 plurimis
1470 2179 1547 2206 hiare
1564 2178 1671 2210 loculis,
1689 2186 1721 2214 ac
1738 2186 1800 2213 por-

1011 2213 1129 2250 tentOsis
1144 2222 1258 2250 prorsus
1280 2213 1414 2242 annorum
1427 2234 1434 2247 ,
1453 2214 1605 2250 praesertim
1629 2213 1800 2250 patriarcha-

1011 2248 1078 2276 lium
1107 2248 1349 2313 supputationibus
1376 2248 1492 2290 scatere,
1508 2257 1569 2276 cum
1592 2249 1709 2289 ipsemet
1728 2248 1801 2276 Guar

1013 2290 1144 2313 attnosmt
1171 2289 1332 2313 aleaturnue
1348 2294 1354 2312 :
1371 2292 1470 2312 mtrunt
1488 2290 1540 2313 est.
1554 2288 1603 2311 aut
1625 2291 1725 2313 rosum.
1742 2289 1798 2313 aut.

976 2291 998 2318 Β
1013 2284 1332 2319 εικιιοεειιῐίειιεθιιιηιυο
1348 2294 1354 2312 :
1371 2284 1470 2312 mirum
1488 2290 1540 2316 est,
1554 2288 1603 2311 aut
1625 2284 1725 2318 ipsum,
1742 2289 1798 2316 aut,

1012 2322 1058 2354 qui
1076 2321 1196 2348 defuncti
1215 2320 1313 2348 Goaris
1329 2320 1448 2347 laborem
1462 2319 1557 2347 eduxit
1570 2320 1596 2346 in
1609 2319 1708 2351 lucem,
1720 2319 1801 2347 Cont~

1012 2355 1135 2383 belisium
1152 2356 1272 2391 potuisse
1290 2355 1341 2382 sibi
1359 2356 1534 2390 persuadere,
1544 2354 1578 2382 ab
1588 2358 1698 2382 auctOre
1713 2354 1801 2383 Theo-

1011 2391 1102 2425 phane
1119 2390 1180 2418 esbe
1195 2400 1202 2418 :
1215 2390 1263 2425 qui
1281 2391 1420 2417 variorum
1444 2394 1588 2417 auctorum
1610 2390 1762 2417 sententias
1775 2395 1800 2416 ct

1012 2433 1144 2454 numeros
1164 2432 1277 2454 secutus
1293 2426 1329 2453 sit
1343 2425 1444 2458 varios,
1456 2432 1581 2460 opusque
1599 2425 1738 2460 proprium
1755 2432 1801 2452 ur-

1012 2461 1319 2500 gentepcrsecutiouis
1345 2461 1509 2500 necessitate
1536 2467 1588 2487 non
1623 2462 1800 2500 recensum-it,

1013 2496 1182 2532 proimleque
1206 2496 1315 2532 exigere
1335 2503 1351 2523 a
1369 2496 1471 2523 lectore
1495 2500 1543 2532 suo
1567 2496 1662 2532 possit,
1687 2500 1727 2527 ut,
1753 2503 1800 2528 t|tlt

1012 2529 1204 2569 dormitantem
1224 2529 1370 2569 Homerum
1393 2532 1506 2569 patitur,
1524 2529 1717 2569 Theophanem
1730 2537 1801 2568 _quo-

1013 2575 1067 2602 que
1098 2567 1204 2602 lapsum
1230 2567 1317 2601 erigat
1344 2567 1516 2603 corrigatque
1541 2574 1548 2593 :
1580 2572 1641 2593 cum
1669 2567 1799 2603 nimirum

1013 2601 1192 2630 succedentes
1209 2607 1236 2629 et
1250 2604 1283 2628 ad
1302 2602 1418 2639 invicem
1434 2601 1602 2639 come-rentes
1623 2601 1800 2639 numerosi"

1013 2638 1156 2672 sequiores
1178 2637 1333 2672 transponit
1354 2644 1457 2669 annos,
1471 2635 1622 2672 seureliam
1638 2635 1800 2672 conjunctos

1013 2668 1100 2701 annos
1112 2673 1139 2700 in
1157 2668 1382 2700 dissita'canonia
1402 2668 1551 2699 desult0rie
1567 2668 1697 2696 transfert
1722 2677 1730 2696 :
1753 2675 1802 2697 aut

1012 2709 1099 2736 eidem
1113 2709 1171 2735 viro
1185 2716 1257 2735 nunc
1265 2707 1417 2743 pauciores,
1427 2713 1489 2743 mox
1499 2705 1590 2743 plures
1598 2704 1713 2743 diversis
1719 2711 1801 2743 cano-

1013 2743 1200 2780 niisrassignat
1219 2738 1306 2770 annos
1317 2751 1324 2769 :
1335 2742 1375 2769 vel
1386 2748 1447 2768 cum
1457 2738 1580 2780 ejusdem
1593 2738 1644 2766 viri
1660 2741 1801 2774 pauciores

1013 2779 1090 2810 anni,
1107 2780 1184 2814 plura
1208 2781 1355 2814 occurrant
1379 2778 1495 2814 canonia
1511 2784 1520 2814 :_
1535 2778 1583 2801 aut
1607 2782 1669 2814 cum
1692 2782 1801 2814 summa

1013 2811 1147 2850 quaepiam
1158 2814 1247 2841 atratis
1258 2812 1376 2850 aequales
1388 2811 1492 2850 laculos
1499 2811 1557 2844 sive
1564 2811 1681 2837 eanonia
1687 2811 1802 2845 quibus-

1013 2845 1083 2878 datu
1092 2850 1204 2878 omissis
1215 2855 1268 2876 non
1284 2845 1388 2882 accepit
1401 2855 1408 2874 :
1420 2845 1462 2882 vel
1475 2845 1593 2882 denique
1609 2852 1671 2873 cum
1688 2852 1802 2872 numero

1012 2885 1135 2922 ejusdem
1164 2884 1227 2911 anni
1247 2880 1371 2918 repetito.
1391 2880 1516 2910 confusio
1541 2880 1656 2910 infertur
1669 2887 1725 2908 non
1745 2887 1802 2906 nie-

1012 2921 1127 2949 diocris.
1146 2929 1155 2946 ι
