2041 3154
209 178 243 210 19
335 186 338 187 '
841 180 1087 212 THEOPHANIS
1107 181 1207 211 VITA.
1460 202 1473 207 ς
1810 177 1847 211 20

210 232 283 261 enim
301 232 483 260 tentationum
493 235 560 260 testu
573 231 1008 270 laborantibus,densissimisque

1071 235 1119 262 ltou
1144 233 1310 270 διεκπερῶσι
1327 233 1473 266 Θάλατταν,
1488 234 1536 261 καὶ
1551 234 1618 269 πρὶς
1630 236 1693 267 τοὺς
1708 235 1847 270 ἀκύμονος

207 287 324 307 casuum
346 278 513 306 damoniaca
537 274 605 311 arte,
627 278 776 307 ac-invidia
798 287 841 308 res
866 280 1003 308 humanas

208 325 402 361 excipientium
418 324 536 353 tenebris
547 325 732 357 circumfusis,
741 333 783 353 res
795 333 810 353 a
822 326 926 354 sanctis
939 327 1004 354 viris

209 376 291 406 gesta:
312 371 363 399 sub
388 375 527 406 aspectum
549 371 621 399 velut
646 372 758 407 positae,
785 372 930 408 splendore
953 380 1006 401 suo

210 417 338 445 nebulam
355 424 415 445 eam
439 417 589 445 discutiunt
606 427 614 451 ;
634 417 780 453 divinaque
801 417 924 446 doctrina
942 426 1005 454 per-

211 463 399 491 turbationum
421 462 494 491 feros
514 464 653 498 sopientes
675 463 784 495 fluctus.
804 463 1005 499 iucundissima

211 509 327 545 implent
346 510 563 543 tranquillitate;
589 517 621 537 ac
639 510 766 544 pretiosis
782 510 918 538 mercibus
936 518 1006 538 onu-

213 561 270 585 stos
288 560 370 591 atque
394 556 526 587 laetantes,
553 556 586 584 ad
609 561 728 592 optatatn
750 557 828 585 facile
854 558 1008 592 provehunt

214 603 411 630 hatreditatem.
426 603 503 631 Alios
517 603 600 638 igitur
611 603 671 631 aliis
683 608 796 631 ornatos
807 603 953 631 virtutibus
965 604 1008 631 in~

214 649 307 677 venies
325 658 332 677 :
352 649 397 676 hic
416 649 587 677 abstinentiae
603 650 721 685 rigorem
737 649 819 677 rebus
835 650 901 684 ipsis
917 650 1007 684 palam

215 693 280 722 facit
296 702 304 721 :
323 695 368 722 ille
379 695 513 723 castitatis
525 696 697 730 splendorem
713 716 720 729 ,
736 700 821 731 utque
836 696 1008 724 incontinen-

215 740 260 768 tiae
271 740 313 768 vis
333 746 488 775 superetur,
516 746 627 769 strenue
647 741 793 769 admodum
814 741 914 769 docet:
940 742 1008 770 alter

217 786 332 814 virtutes
344 787 419 814 velut
433 786 549 822 principi
569 787 675 814 tabellae
696 788 821 815 humana:
840 787 902 815 vitae
914 788 1009 823 appin-

216 831 256 867 git
272 841 278 860 :
293 832 363 860 allus
381 833 414 860 ad
432 832 525 860 saeculi
542 833 625 860 totius
641 837 826 868 contemptum
843 834 931 861 erudit
948 843 953 861 :
969 838 1011 861 est

1054 281 1101 308 τοῦ
1120 281 1264 316 μέλλοντος
1287 280 1386 312 αἰῶνος
1414 281 1609 316 ἑνορμισθῆναι
1636 281 1751 316 λιμένας
1778 291 1846 309 κατ-

1055 328 1248 363 επειγομένοις
1269 327 1480 362 ἐπισυμσαίνειν
1498 327 1604 354 εἴωθεν.
1625 327 1770 364 Ἀφράστῳ
1793 329 1848 364 γὰρ

1055 375 1110 401 τῶν
1136 373 1301 409 πειρασμῶν
1329 373 1575 408 καταντλουμένοις
1601 372 1727 405 κλύδωνι,
1742 374 1790 401 καὶ
1802 375 1850 410 βα-

1056 420 1277 456 θυτάτῳ¹σκότει
1295 419 1350 446 τῶν
1378 419 1544 455 δαιμονικῶν
1560 420 1776 455 κατεσχημένοις
1798 429 1849 448 πε-

1058 466 1220 502 ριστάσεων,
1233 465 1262 492 αἱ
1275 465 1329 492 τῶν
1343 465 1475 500 θεοφιλῶν
1493 465 1598 500 ἀνδρῶν
1615 465 1710 501 ὥσπερ
1726 467 1772 493 ὑπ’
1789 466 1850 502 ὄψιν

1057 512 1172 548 πράξεις
1199 511 1354 547 τιθέμεναι,
1377 513 1410 547 τῇ
1441 511 1490 546 μὲν
1517 512 1607 547 οἰκείᾳ
1627 512 1780 548 λαμπηδόνι
1804 513 1850 540 τὸν

1058 558 1171 585 ἐκείνων
1185 557 1280 584 σκότον
1297 556 1524 589 ἀποσκεδάζουσι,
1541 557 1727 589 διδασκαλίαις
1745 558 1773 584 δὲ
1790 559 1851 590 ταῖς

1059 603 1248 635 θεοπνεύστοις
1267 602 1297 629 τὸ
1309 602 1363 629 τῶν
1378 602 1473 629 παθῶν
1488 603 1725 638 καταστορέσασαι
1746 603 1850 630 κλυδώ-

1058 657 1126 683 νιον,
1141 649 1254 684 ἡδίστης
1282 648 1403 683 γαλήνης
1429 648 1677 684 κατεμπιμπλῶσι,
1704 649 1750 676 καὶ
1781 649 1851 685 πρὸς

1058 695 1109 731 τὴν
1127 695 1300 731 ποθουμένην
1317 696 1404 731 ῥᾷστα
1429 696 1647 732 παραπέμπουσι
1668 695 1850 731 κληρουχίαν,

1059 741 1098 777 τῷ
1119 741 1211 776 φόρτῳ
1226 741 1281 767 τῶν
1308 741 1460 776 ἀγωγίμων
1489 741 1706 777 ἀγαλλομένους.
1737 740 1853 773 ’Ἄλλους

1061 788 1112 823 μὲν
1134 788 1224 819 ἄλλοις
1252 789 1448 824 ἐμπρέποντας
1475 787 1509 815 ἃν
1533 787 1625 824 εὕροις
1641 788 1697 818 τοῖς
1712 787 1853 823 κατορθώ-

1062 843 1141 870 μασι,
1157 835 1261 862 καὶτὸν
1281 835 1330 870 μὲν
1345 834 1376 861 τὸ
1392 835 1440 869 τῆς
1451 833 1617 870 ἐγκρατείας
1631 833 1745 869 στερρὺν
1763 833 1856 865 αὐτοῖς

217 879 335 915 denique
357 879 403 915 qui
417 879 451 907 ad
471 880 580 907 inanem
596 880 709 915 gloriam
724 880 905 915 spernendam
921 880 1010 908 valide

1071 881 1154 916 ἔργοις
1169 881 1264 916 σαφῶς
1289 880 1494 916 ὑπογράφοντα,
1511 881 1558 907 τὸν
1584 879 1612 907 δὲ
1633 880 1663 906 τὸ
1684 880 1734 914 τῆς
1750 887 1858 915 σωφρο-

217 912 413 952 θεοειὶάειιξει
424 924 447 953 si
473 912 636 953 σίνίιιιεεὶῖηῑ
663 912 752 953 Patris
769 925 946 960 Theophanis
965 934 1010 954 res

1164 912 1301 963 λαμπρὸν,
1394 912 1468 959 ὅπως
1487 912 1511 963 νή
1532 927 1581 962 τῆς
1605 912 1753 957 ἀκολασίας
1779 912 1859 962 περι-

218 976 308 1005 gestas
319 970 545 1003 consideraveris,
564 976 694 1006 tanquam
706 971 732 998 in
752 972 830 998 horto
844 970 941 999 florido
955 973 1010 999 vir-

217 1020 308 1044 tutum
331 1024 412 1044 omne
435 1025 520 1052 genus
541 1017 603 1044 altis
627 1017 654 1044 in
674 1024 708 1044 eo
727 1017 865 1045 radicibus
885 1017 1009 1046 adultum

219 1063 367 1091 inveneris.

1064 972 1169 1008 γίνεται
1197 973 1342 1000 δεσποτεία
1358 993 1366 1006 ,
1389 973 1462 1009 μάλα
1490 972 1623 1004 νεανικῶς
1644 972 1858 999 ἔκδιδάσκοντα²

1065 1018 1160 1054 ἕτερον
1173 1019 1228 1046 τῶν
1251 1020 1358 1056 ἀρετῶν
1376 1019 1415 1051 ὡς
1427 1019 1575 1055 ἀρχετύπῳ
1591 1018 1685 1045 πίνακι
1700 1018 1749 1054 τὴν
1763 1018 1860 1053 κτῆσιν

1063 1065 1310 1102 διαζωγραφοῦντα
1328 1067 1368 1102 τῷ
1388 1066 1448 1102 βίῳ·
1467 1066 1545 1093 ἄλλον
1561 1065 1630 1102 πρὸς
1656 1065 1706 1101 τὴν
1731 1065 1777 1092 τοῦ
1801 1064 1859 1100 βίου

218 1113 319 1146 παντὸς
333 1112 560 1148 παιδοτριδοῦντα
572 1112 786 1148 καταφρόνησιν,
797 1113 844 1140 καὶ
853 1113 932 1140 ἄλλον
940 1112 1008 1148 πρὸς
1021 1111 1070 1148 τὴν
1082 1113 1130 1145 τῆς
1143 1114 1239 1148 καινῆς
1252 1112 1331 1149 δόξης
1341 1114 1494 1150 ὑπεροψίαν
1509 1113 1650 1150 κραταιῶς
1663 1113 1859 1148 ὑπαλείφοντα.

218 1162 372 1197 Θεοφάνους
386 1162 414 1189 δὲ
430 1161 477 1189 τοῦ
490 1162 628 1189 θειοτάτου
640 1161 747 1198 Πατρδς
755 1161 962 1198 προσομιλήσας
971 1161 1032 1193 ταῖς
1043 1160 1170 1197 πράξεσι,
1186 1162 1278 1189 πᾶσαν
1290 1161 1324 1189 ἂν
1333 1161 1405 1189 ἰδέαν
1415 1161 1536 1194 κατίδοις
1551 1154 1644 1188 καλῶν
1655 1160 1693 1192 ὡς
1707 1161 1736 1187 ὲν
1751 1159 1861 1188 εὐθαλεῖ

219 1209 377 1244 παραδείσῳ
392 1209 643 1245 φυτουργουμένην.

257 1254 312 1283 Has
335 1263 385 1292 ego
411 1260 440 1283 ut
462 1256 619 1284 laudatione
643 1263 841 1292 prosequerer,
865 1255 1013 1284 multorum
1039 1248 1042 1251 λ

221 1296 412 1329 adhortatione
428 1301 575 1334 adductus,
596 1306 723 1337 prompto
734 1302 827 1329 animo
844 1301 1013 1336 provinciam

222 1347 341 1382 suscepi,
363 1347 436 1375 illius
460 1355 570 1382 precum
586 1347 689 1375 auxilio
711 1347 798 1375 fretus
814 1355 822 1374 :
839 1354 894 1374 non
913 1353 941 1374 ut
956 1347 1016 1374 viro

223 1392 317 1420 divino
343 1400 375 1420 ac
405 1392 569 1420 admirando
596 1393 712 1428 gloriam
741 1392 928 1423 conciliarem,
944 1391 1017 1427 (quae

223 1438 296 1465 enim
311 1437 348 1465 illi
358 1437 443 1473 gloria
457 1445 491 1465 cx
503 1438 628 1466 oratione
642 1445 712 1470 mea,
722 1446 784 1473 qua:
796 1436 944 1465 virtutibus
956 1436 1018 1470 ejus

224 1483 304 1520 longe
326 1489 369 1512 est
396 1483 520 1517 inferior,
546 1484 651 1520 acquiri
675 1484 785 1519 potest?
802 1484 820 1518 ).
851 1483 898 1510 sed
924 1487 1020 1510 contra

225 1531 328 1565 potius,
343 1535 371 1558 ul
387 1531 470 1559 rebus
483 1531 517 1559 ab
531 1530 592 1566 ipso
609 1529 692 1565 gestis
705 1528 954 1557 commemorandis
966 1528 1019 1555 vim

225 1577 314 1611 ipsam
333 1577 441 1605 dicendi
459 1585 631 1610 exornarem,
652 1581 679 1604 et
699 1585 746 1604 eas
762 1576 863 1603 imitari
888 1576 1018 1605 studenti-

227 1622 278 1650 bus
291 1622 478 1658 adiumentum
495 1623 643 1650 maximum
658 1622 795 1650 olIerrem.
811 1621 973 1657 Quanquam
990 1624 1016 1649 in

227 1668 288 1704 ipso
303 1669 397 1696 statim
413 1669 558 1705 principio,
574 1673 721 1704 antequam
737 1669 763 1696 in
776 1669 865 1704 ipsum
885 1668 1020 1696 laudatio-

228 1716 272 1743 nis
293 1715 411 1742 stadium
437 1715 586 1750 ingrediar,
608 1718 685 1742 tanto
708 1722 752 1742 me
777 1714 855 1742 oneri
886 1714 1017 1749 imparem

228 1761 326 1789 sentio.
351 1760 438 1789 Simul
456 1761 528 1789 enim
550 1765 578 1789 et
594 1761 691 1796 patria,
714 1766 740 1789 et
757 1769 852 1797 genus,
873 1765 900 1788 et
922 1765 1020 1788 natura

229 1807 412 1842 praestantior,
442 1811 470 1834 et
493 1816 545 1842 qua
564 1807 749 1843 magnitudine
761 1812 886 1834 naturam
911 1810 1021 1841 superat

229 1853 336 1886 virtus,
363 1853 451 1881 virum
475 1854 640 1882 laudationis
666 1857 827 1888 argumento
852 1852 1021 1887 propositum

229 1899 336 1935 egregie
354 1898 500 1927 honestam
517 1908 524 1933 ;
553 1904 583 1927 ut
600 1899 707 1927 cunctis
722 1899 835 1927 exordio
853 1898 1022 1926 occurrenti-

230 1945 293 1978 bus,
309 1945 374 1980 quid
390 1945 489 1973 horum
510 1945 597 1982 magis
617 1949 760 1981 congruat,
783 1945 856 1973 haud
869 1944 948 1973 facile
960 1943 1023 1980 quis

231 1990 363 2018 inveniat.
388 1991 479 2018 Patria
503 1992 575 2019 enim
605 1995 663 2019 tum
693 1991 882 2019 laudationum
906 1991 1022 2026 legibus,

232 2041 291 2064 tum
312 2037 435 2071 parentis
455 2037 534 2065 titulo
549 2037 698 2070 instructu,
715 2038 818 2072 primas
838 2038 890 2065 sibi
905 2037 1025 2064 vindicat

233 2085 347 2117 partes:
365 2087 478 2117 oratque
496 2090 558 2115 nos,
574 2087 656 2117 atque
676 2083 837 2116 obtestatur,
854 2090 888 2109 ne
906 2081 1025 2116 propriis

234 2128 404 2156 ornamentis
426 2129 569 2163 spolietur.
593 2129 723 2156 Parentes
740 2133 830 2156 autem
849 2129 921 2156 hanc
934 2127 1026 2155 cubito

234 2175 360 2209 opposito
370 2174 536 2210 propellunt,
553 2175 717 2202 educatione
733 2182 765 2202 ac
779 2173 1026 2214 disciplinaipsius

234 2220 392 2255 gloriantes.
409 2219 530 2249 Virtutes
541 2228 617 2253 vero,
631 2220 771 2256 proposito
783 2220 843 2256 ejus
861 2228 894 2248 ac
915 2227 1025 2255 posses-

1104 1256 1212 1289 Ταύτας
1237 1257 1386 1292 ἐγκωμίοις
1413 1257 1559 1284 ὑποϐαλεῖν
1586 1255 1773 1291 προτραπεὶς,
1789 1252 1860 1281 ἑτοί-

1071 1311 1129 1338 μως
1144 1300 1204 1335 εἶξα
1230 1304 1263 1339 τῇ
1283 1304 1459 1339 παραινέσει,
1476 1303 1526 1338 τὴν
1543 1303 1575 1329 ἐκ
1599 1302 1650 1336 τῆς
1673 1301 1779 1327 ἐκείνου
1795 1307 1862 1334 πρε-

1071 1349 1164 1381 σσείας
1186 1349 1349 1385 ἐπικουρίαν
1374 1347 1587 1376 καταπιστεὺων
1610 1345 1804 1382 θηράσασθαυ
1828 1343 1860 1371 οὺ

1072 1395 1142 1430 πρὸς
1167 1396 1247 1429 δόξαν
1263 1396 1310 1422 τοῦ
1327 1395 1481 1430 Θαυμασίου
1497 1393 1589 1427 (ποίαν
1603 1393 1613 1409 ³
1625 1392 1680 1428 γὰρ
1697 1392 1766 1419 οἴσει
1781 1391 1861 1423 δόξαν

1070 1440 1150 1474 λόγος
1175 1440 1275 1476 μακρῷ
1290 1440 1329 1466 τῶ
1347 1441 1423 1476 μέσῳ
1444 1439 1500 1466 τῶν
1514 1438 1619 1465 ἐκείνου
1637 1437 1860 1472 κατορθωμάτων

1069 1485 1286 1522 ἀπολειπόμενος
1296 1486 1327 1521 ;),
1346 1486 1507 1513 τουναντίον
1523 1485 1552 1512 δὲ
1571 1485 1682 1521 μᾶλλον,
1709 1485 1741 1519 τῇ
1764 1481 1861 1509 τούτου

1072 1532 1168 1568 μνήμῃ
1185 1532 1233 1558 καὶ
1248 1531 1345 1566 λόγους
1370 1532 1470 1563 αὐτοὺς
1494 1531 1646 1566 κοσμῆσαι,
1663 1530 1711 1557 καὶ
1729 1528 1861 1565 μεγίστην

1072 1577 1201 1604 ὑπόθεσιν
1217 1577 1352 1611 ὠφελείας
1372 1578 1428 1609 τοῖς
1445 1577 1456 1593 ι
1475 1576 1655 1612 ὲκμιμεῖσθαι
1678 1573 1863 1610 πειρωμένοις

1075 1622 1260 1658 πρυτανεῦσαι
1291 1622 1462 1658 γλιχόμενος.
1488 1622 1568 1649 Ἀλλὰ
1599 1621 1653 1657 πρὸ
1674 1619 1722 1647 τοῦ
1744 1619 1864 1655 κρηπῖδα

1073 1669 1111 1704 τῷ
1126 1668 1199 1705 λόγῳ
1213 1670 1430 1704 προστήσασθαι,
1446 1669 1494 1696 καὶ
1508 1669 1564 1700 τοῖς
1583 1667 1695 1707 ἱδρῶσιν
1715 1665 1864 1700 ὲναθλῆσαι

1073 1717 1127 1743 τῶν
1142 1716 1300 1751 ἐγκωμίων,
1320 1717 1369 1752 τῆς
1395 1716 1513 1751 ἀπορίας
1535 1714 1712 1749 αἰσθάνομαι.
1741 1712 1794 1748 Βοᾷ
1809 1712 1864 1747 γὰρ

1073 1761 1120 1789 τδν
1138 1763 1178 1794 είς
1195 1762 1336 1797 εὐφημίαν
1364 1761 1546 1797 προκείμενον
1575 1759 1675 1795 πατρὶς
1702 1758 1750 1786 καὶ
1774 1758 1864 1794 γένος,

1075 1809 1124 1835 καὶ
1133 1807 1236 1836 νικῶσα
1252 1809 1263 1824 ⁸
1278 1808 1370 1843 φύσις,
1391 1808 1438 1835 καὶ
1455 1807 1558 1843 ταύτην
1576 1808 1608 1833 ὲκ
1625 1805 1758 1842 μεγέθους
1781 1803 1865 1839 ἀρετὴ

1076 1855 1297 1891 παρατρέχουσα,
1309 1855 1357 1881 καὶ
1369 1854 1480 1881 πάντων
1499 1854 1539 1884 εἰς
1553 1853 1640 1888 ἀρχὴν
1654 1852 1807 1887 ἀγομένων,
1816 1850 1866 1884 τὴν

1077 1901 1272 1936 προσήκουσαν
1291 1899 1389 1936 ῥᾳδίως
1406 1899 1457 1926 οὐκ
1472 1899 1546 1925 ἔστιν
1571 1898 1672 1934 εὑρεῖν.
1694 1896 1800 1930 Πατρὶς
1817 1895 1866 1931 μὲν

1077 1949 1132 1983 γὰρ
1149 1947 1243 1982 νόμοις
1262 1946 1419 1982 ἐγκωμίων,
1449 1946 1497 1973 καὶ
1517 1945 1551 1980 τῇ
1574 1944 1669 1971 τούτου
1696 1943 1773 1978 αἰτίᾳ.
1799 1942 1867 1969 καθ-

1077 1993 1248 2026 οπλισθεῖσα,
1262 1993 1298 2020 τὰ
1310 1993 1431 2028 πρωτεῖα
1442 1992 1496 2019 τῶν
1507 1991 1595 2019 ἄλλων
1606 1989 1812 2024 ἀπενέγκασθαι
1825 1997 1869 2022 ιρι-

1078 2040 1206 2072 λονεικεϊ,
1221 2039 1258 2074 μὴ
1272 2038 1320 2066 τοῦ
1337 2039 1439 2066 οἰκείου
1461 2038 1512 2074 τὴν
1529 2037 1658 2073 στέρησιν
1672 2036 1870 2070 καλλωπίσμα-

1079 2093 1125 2116 τος
1143 2085 1290 2118 ὑπομεῖναι
1305 2083 1354 2110 σὺν
1375 2084 1467 2119 ὅρκοις
1482 2082 1697 2110 καθικετεύουσα
1711 2090 1718 2097 ”
1740 2082 1868 2117 γεννήτο-

1081 2137 1127 2165 ρες
1148 2130 1178 2156 δὲ
1194 2129 1263 2165 πρὸς
1280 2129 1397 2161 τούτοις,
1415 2129 1526 2164 παιδεία
1542 2137 1571 2155 τε
1582 2130 1617 2164 τῇ
1629 2128 1724 2154 τούτου
1741 2128 1788 2154 καὶ
1804 2136 1870 2162 τρο-

1081 2177 1169 2212 φείοις
1188 2176 1399 2212 ὲναῦρυνόμενοι
1411 2197 1419 2208 ,
1442 2175 1558 2202 κατόπιν
1571 2174 1674 2209 ταύτην
1690 2173 1869 2209 παραγκωνί-

1082 2221 1185 2255 ζονται·
1199 2221 1296 2257 ἀρεταὶ
1308 2221 1337 2248 δὲ
1353 2222 1384 2256 τῇ
1399 2220 1505 2247 ἐκείνου
1525 2219 1655 2255 προθέσει
1668 2227 1697 2245 τε
1713 2218 1761 2245 καὶ
1775 2219 1871 2254 κτήσει

235 2265 313 2294 sione
327 2265 448 2300 confisae,
469 2267 616 2302 gloriosam
636 2267 770 2295 cervicem
790 2267 927 2298 attollunt,
965 2273 1018 2293 ma-

1083 2267 1352 2304 μεγαλαυχούμεναι,
1377 2267 1479 2302 αὐχένα
1489 2275 1519 2293 τε
1542 2266 1645 2301 γαῦρον
1664 2266 1809 2302 ἐπαίρουσι
1825 2265 1870 2292 καὶ

237 2318 344 2348 gnaque
357 2319 423 2340 voce
433 2313 546 2348 reliquis
563 2313 691 2345 clamant,
716 2313 804 2340 solum
819 2312 892 2340 illius
907 2311 1027 2339 studium

236 2362 320 2393 atque
343 2358 464 2386 animum
479 2363 652 2394 spectantes,
669 2358 801 2387 facillime
818 2358 903 2386 victas
921 2366 950 2386 se
976 2358 1029 2385 illae

238 2409 400 2442 agnoscant.
417 2405 474 2441 Ego
495 2406 587 2441 itaque
602 2406 673 2435 inter
686 2414 742 2439 res,
757 2414 818 2441 qum
834 2413 863 2434 se
879 2405 952 2433 vinci
974 2411 1028 2432 non

238 2451 392 2487 patiuntur,
406 2452 490 2487 judcx
506 2452 672 2481 constitutus
686 2453 751 2488 quid
768 2452 867 2480 faciam
882 2452 894 2480 ?
913 2451 1029 2480 Parum-

239 2504 289 2532 per
302 2497 407 2525 scilicet
425 2498 451 2525 in
467 2497 605 2533 prioribus
622 2498 809 2531 immorabor,
830 2502 860 2526 ut
874 2499 1027 2531 ostendam,

239 2551 366 2578 quaenam
381 2544 440 2580 ipse
451 2544 589 2573 Creatoris
603 2552 696 2572 amore
708 2544 893 2573 inﬂammatus
907 2549 1031 2572 contem-

239 2589 336 2624 pserit,
343 2593 371 2618 et
378 2597 427 2624 pro
434 2589 521 2617 nihilo
527 2590 637 2618 duxerit
644 2600 651 2618 :
659 2590 755 2618 deinde
764 2591 892 2626 proillius
899 2591 1030 2626 propositi

241 2633 349 2662 ratione
372 2635 518 2664 virtutibus
533 2635 593 2671 ejus
612 2637 779 2672 exponendis
802 2641 874 2665 totus
895 2637 1031 2666 insistam.

278 2677 352 2706 Tulit
368 2679 457 2709 virum
481 2682 555 2709 hunc
575 2682 763 2710 admirabilem
785 2682 829 2710 illa
847 2683 947 2718 patria,
972 2691 1034 2720 qua:

244 2723 352 2760 imperii
368 2725 496 2761 dignitate
508 2727 648 2761 decorata,
669 2728 775 2757 caeteris
785 2729 914 2758 omnibus
927 2734 1032 2758 tantum

245 2770 397 2805 antecellit,
412 2778 552 2808 quantum
568 2775 689 2810 reginam
707 2775 823 2803 subditis
838 2781 968 2811 praestare
983 2785 1032 2813 par

1083 2315 1155 2351 μέγα
1183 2315 1240 2347 τοῖς
1263 2314 1354 2346 ἄλλοις
1383 2313 1476 2348 βοῶσι.
1493 2313 1562 2349 προς
1588 2312 1637 2348 τὴν
1653 2312 1761 2340 ἐκείνου
1786 2313 1870 2348 μόνην

1081 2360 1223 2391 ἀπιδόντες
1239 2359 1342 2394 ἔφεσιν·
1365 2359 1467 2394 Ῥᾷστα
1498 2359 1548 2393 τὴν
1568 2355 1653 2394 ἧτταν
1680 2357 1872 2392 έπίγνωτε.Τί

1081 2407 1151 2442 δῆτα
1163 2407 1254 2442 δράσω
1269 2406 1366 2442 κριτὴς
1378 2405 1551 2441 πραγμάτων
1565 2402 1652 2441 ἧτταν
1666 2405 1696 2431 οὑ
1715 2404 1872 2439 δυναμένων

1083 2452 1234 2488 ὑποστῆναι
1257 2452 1419 2487 γενόμενος;
1445 2452 1481 2478 Ἦ
1511 2451 1610 2487 δῆλον,
1635 2451 1674 2482 ὡς
1697 2450 1785 2486 μικρά
1816 2451 1872 2482 τοῖς

1084 2499 1230 2536 προτέροις
1246 2499 1427 2535 ένομιλήσας,
1443 2498 1491 2526 τοῦ
1509 2498 1651 2534 δειχθῆναι
1668 2497 1749 2533 χάριν
1771 2497 1873 2524 όποίιυν

1085 2545 1243 2580 ὑπερόπτης
1258 2543 1406 2579 γεγένηται
1429 2542 1468 2576 τῷ
1493 2542 1598 2578 φίλτρῳ
1614 2542 1803 2578 πεπεδημένος
1824 2540 1872 2568 τοῦ

1085 2591 1247 2622 Κτίσαντος,
1264 2590 1332 2621 ὅλως
1358 2588 1413 2616 τῶν
1433 2588 1540 2623 ἀρετῶν
1553 2587 1625 2615 κατὰ
1639 2588 1691 2623 τὴν
1707 2588 1811 2615 ἐκείνου
1828 2595 1872 2622 γε·

1084 2639 1203 2674 νήσομαι
1217 2637 1357 2673 πρόθεσιν.

1123 2686 1223 2720 Ἤνεγε
1238 2685 1283 2712 τὸν
1299 2684 1449 2721 θαυμάσιον
1460 2684 1570 2720 Πατέρα
1587 2682 1687 2719 πατρὶς
1703 2683 1719 2718 ἡ
1733 2680 1873 2718 βασιλείας

1085 2731 1347 2767 ὲγκαλλωπιζομένη
1363 2730 1402 2766 τῷ
1415 2729 1550 2766 ἀξιώματι
1566 2731 1614 2757 καὶ
1627 2730 1682 2757 τῶν
1700 2728 1788 2756 ἄλλων
1800 2727 1871 2754 ἀπα-

1087 2777 1141 2805 σῶν
1152 2777 1199 2805 ἐπὶ
1217 2777 1344 2805 τοσοῦτον
1366 2775 1553 2813 ἀνῳκισμένη,
1578 2776 1642 2804 ὅσον
1664 2774 1739 2806 είκδς
1757 2773 1808 2800 τῶν
1823 2773 1869 2807 ἀρ-

908 2844 1025 2874 ΥΔΒΙιΕ
1047 2845 1252 2877 LECTIONES.

281 2899 294 2919 ³
307 2900 385 2928 ποϊαν
398 2899 460 2928 Par.
499 2899 509 2917 ⁸
523 2900 592 2938 τοῖς]
604 2901 694 2934 αὐτοῖς
710 2901 772 2931 Par.
810 2904 819 2919 ⁸
837 2904 941 2930 νικεῖσα
952 2902 1014 2932 Par.
