2041 3154
146 205 179 237 21
780 209 989 240 THEOPHAN
996 211 1028 240 lS
1050 211 1145 240 Vle.
1749 211 1785 243 22

146 261 270 296 χομένων
285 262 336 298 τὴν
361 262 588 290 δισποτεύουσαν.
616 264 685 299 Περὶ
700 261 734 299 ἧς
751 264 836 291 πολλὰ
852 264 942 299 λέγειν

997 269 1035 292 est
1049 274 1055 291 :
1072 265 1106 292 de
1117 271 1171 300 qua
1187 265 1270 292 multa
1284 272 1326 292 me
1339 264 1431 293 dicere
1443 265 1578 293 volentem
1593 265 1714 300 impedit.
1725 272 1784 294 tum

146 308 249 335 ὲθέλων
271 309 313 345 τῷ
332 317 361 336 τε
382 310 473 337 πάντα
490 310 536 336 τὸν
553 310 620 345 περὶ
638 310 724 346 αὐτῆς
743 310 822 345 λόγον
843 311 943 346 μακρῷ

147 354 187 390 τῷ
201 355 279 391 μέσῳ
294 356 481 392 παρατρέχειν
499 357 550 391 τὴν
576 356 703 392 αίσθησιν
713 377 720 388 ,
747 357 796 384 καὶ
811 357 850 392 τῷ
873 357 943 392 δῆλα

107 408 113 418 ι
148 401 216 427 πᾶσι
233 400 403 428 καθεστάναι
417 401 452 428 τὰ
472 401 539 436 περὶ
550 401 653 436 ταύτης
667 402 803 437 λεγόμενα
818 403 874 433 τοῇς
890 401 943 428 ἀνὰ

148 447 239 473 πᾶσαν
255 446 377 473 οἰκοῦσιν
401 446 469 482 ὅσην
492 447 579 483 ἐφορᾷ
600 447 691 483 ἥλιος,
713 448 941 483 ἀνακάμπτομαι.

153 494 318 529 Γεννήτορες
333 492 361 520 δὲ
381 494 407 520 ei.
429 493 582 530 τηλικαύτῃ
598 496 664 530 γονῇ
681 494 729 521 καὶ
749 495 860 530 πατρίδι
877 503 943 521 κστ-

149 539 226 572 αξίαν
238 539 467 575 ἐπιγραφόμενοι,
486 539 595 575 πλούτῳ
616 540 757 575 κομῶντες
767 560 775 572 ,
788 540 944 576 στρατηγίᾳ

148 584 337 620 λαμπόμενοι,
363 585 475 619 ἀρεταῖς
493 585 615 616 άπάσαις
638 585 888 622 δορυφορούμενοι,
903 586 944 623 τῷ

150 631 255 666 φίλτρῳ
281 630 393 658 πάντων
422 631 541 666 μάλιστα
564 632 758 666 κατεστίφοντο
781 633 803 666 ⁸,
831 633 863 660 ού
888 633 943 660 τῶν

151 677 285 710 θεοφιλῶν
302 677 394 712 μόνον,
411 678 460 704 καὶ
474 676 516 710 οἷς
531 678 547 714 ἡ
567 678 758 713 καλοκαγαθία
780 679 831 715 τὴν
853 680 944 714 φιλίαν

151 722 304 759 προύξένει,
321 723 382 750 οὐδὲ
396 723 452 750 τῶν
468 722 536 756 ἴσοις
551 723 774 759 φαιδρυνομένων
787 725 844 757 τοῖς
860 724 943 758 ἀξιώ-

153 777 246 803 μασιν,
258 769 282 795 εί
293 768 343 794 καὶ
354 768 481 804 χειρίστη
492 769 651 796 συνδεθείσα
661 769 734 805 ψυχὴ
747 770 768 801 ⁷,
780 767 822 802 οἷς
834 771 850 806 ὴ
863 771 943 806 χρεία

153 814 191 849 τῷ
209 815 313 851 φίλτρῳ
330 814 490 850 παρείχετο.
506 815 574 855 ἀλλὰ
590 815 732 851 τυράννων
748 816 796 843 καὶ
809 816 944 852 βασιλέων

151 861 251 893 αὐτῶν,
266 861 292 888 οἳ
309 861 339 888 τδ
352 861 522 896 ὑπερϐάλλον
538 862 588 896 τῆς
607 861 708 897 ἀρετῆς
723 862 837 890 ἐκείνων
851 863 942 891 αίδού-

152 915 238 942 μενοι,
255 907 440 942 διαφερόντως
452 907 502 943 τὴν
517 907 608 942 φιλίαν
621 908 787 943 ἠσπάζοντο.
809 909 944 942 ’Ῑσαάκιος

151 953 196 979 καὶ
211 953 329 988 Θεοδότη
344 953 451 985 τούτοις
464 953 587 989 ὀνόματα
598 975 606 987 ,
634 953 663 981 εί
684 962 716 988 γε
741 955 789 982 καὶ
812 954 945 991 ὀνόματος

150 999 214 1033 ὑμῖν
228 998 318 1033 μέλει.
335 998 441 1026 Γίνεται
450 999 558 1032 τούτοις
569 998 617 1026 τοῦ
635 1000 737 1028 πολλοῦ
749 1001 797 1028 καὶ
814 1001 946 1037 μεγίστου

151 1045 253 1080 κλήρου
268 1045 391 1081 διάδοχος
403 1046 418 1073 ὸ
428 1047 477 1073 νῦν
494 1046 561 1082 ἡμῖν
582 1047 622 1079 είς
638 1047 779 1082 εὐφημίαν
795 1049 945 1084 προκείμε-

151 1098 206 1122 νος,
231 1090 280 1117 καὶ
311 1090 362 1126 τῆς
387 1090 519 1127 μητρῴας
538 1091 635 1126 νηδύος
658 1092 820 1120 έκσάλλεται
849 1094 946 1130 ἀστέρι

151 1136 280 1172 ὀπωρινῷ
302 1136 468 1170 ἐναλίγκιος,
484 1135 535 1172 τὴν
556 1137 606 1172 τῆς
620 1137 712 1172 ψυχῆς
733 1138 891 1174 ὡραιότητα
911 1141 945 1176 τῇ

153 1182 306 1218 εὐπρεπείᾳ
331 1182 545 1217 καθυποφαίνων
574 1183 621 1210 τοῦ
653 1182 794 1218 σώματος.
825 1185 863 1211 Οὐ
889 1186 945 1221 γὰρ

153 1229 234 1264 ἐῴκει
258 1229 358 1265 ἀνδρὸς
375 1228 507 1264 γεννητοῦ
530 1230 596 1261 παῖς
613 1229 744 1264 ἔμμεναι,
771 1230 840 1258 ἀλλὰ
856 1231 945 1264 Θεοῖο,

154 1275 187 1300 ὲκ
204 1275 312 1310 μήτρας
334 1274 516 1310 ἡγιασμένος,
541 1275 614 1302 κατὰ
637 1275 683 1302 τὸν
698 1276 843 1312 προφήτην
863 1276 943 1312 Ἰερε-

157 1320 222 1355 μίαν
232 1342 239 1353 ,
257 1321 306 1348 καὶ
324 1322 394 1348 πᾶσι
417 1321 511 1354 καλοῖς
531 1321 650 1357 ἀρχῆθεν
665 1321 747 1358 μέχρι
762 1322 820 1358 βίου
836 1323 948 1359 δυσμῶν

155 1367 371 1403 ἑλλαμπόμενος.

194 1413 267 1440 Ἀλλ’
286 1415 301 1440 ὁ
316 1413 368 1449 μὲν
386 1413 481 1440 τούτου
497 1413 611 1450 γενέτης
623 1414 662 1450 τῷ
675 1415 769 1451 χωρίῳ
785 1416 839 1443 τῶν
854 1416 948 1443 κακῶν

155 1459 242 1495 βραχὺ
266 1459 439 1495 προσσιοὺς,
480 1460 577 1492 αὐταῖς
612 1461 737 1496 φροντίσι
768 1461 815 1488 καὶ
850 1470 948 1496 στρατ-

155 1503 221 1539 ηγίᾳ
242 1503 324 1530 τοῦτο
350 1503 449 1536 λιπὼν,
479 1504 530 1540 τὴν
554 1504 712 1540 ὡρισμένην
737 1505 840 1541 ὑπῆλθε
863 1507 948 1533 πᾶσιν

154 1548 320 1585 ἀποδημίαν,
346 1549 471 1586 τριετοῦς
486 1550 546 1586 ⁵ήδη
572 1550 622 1578 τοῦ
643 1550 740 1584 παιδὸς
754 1551 945 1587 τυγχάνοντος.

159 1596 191 1622 Ἦ
201 1595 290 1624 δέη...
299 1596 322 1623 ³.

188 1641 291 1669 Τοῦτον
301 1641 411 1678 ἐκείνην
428 1642 592 1675 ἑξεικόνιξον
607 1643 758 1679 ἁρμονίαν,
773 1644 804 1670 ὲν
851 1645 949 1678 παῖδες

152 1690 180 1716 oi.
199 1690 276 1725 τρεῖς
302 1689 372 1725 μετὰ
399 1690 448 1724 τῆς
459 1689 594 1725 ἁρμονίας
620 1689 668 1716 τοῦ
685 1691 849 1725 τυραννικοῦ
865 1700 949 1727 προσ-

153 1737 296 1772 τάγματος
310 1735 549 1768 καταπτύσαντες,
571 1737 601 1763 ὲν
627 1736 703 1772 μέσῳ
716 1737 834 1773 καμίνου
849 1738 948 1773 φλογὸς

152 1782 200 1808 τὸν
227 1783 400 1817 παγκόσμιον
430 1782 504 1810 αἶνον
531 1783 571 1819 τῷ
600 1784 733 1811 σεσωκότι
761 1785 946 1820 προσήγαγον.

155 1829 260 1861 Πάντες
283 1829 312 1856 δὲ
332 1829 401 1863 πρὸς
420 1829 452 1856 τὸ
467 1829 589 1866 θυμῆρες
612 1830 659 1856 καὶ
674 1831 785 1865 φαιδρὸν
798 1831 947 1866 ἀνειμένοι,

153 1873 204 1908 τὴν
221 1874 404 1910 ἐπιθαλάμιον
428 1875 537 1911 ἔκείνην
564 1876 769 1912 ὲπανηγύριζον
785 1876 905 1913 εὐωχίαν
924 1878 947 1911 ’,

153 1919 212 1946 ἀλλ’
232 1920 283 1947 οὐκ
298 1920 419 1955 ἧμῦλυνε
444 1921 532 1948 ταῦτα
557 1921 621 1948 νοῦν
643 1922 700 1954 τοῖς
726 1922 808 1954 θείοις
827 1923 948 1959 ἐμμελε-

153 1966 246 1993 τῶντα
270 1968 319 1993 καὶ
341 1967 393 2003 τὴν
413 1967 570 2003 προσοῦσαν
591 1968 723 2004 πρόθεσιν
738 1968 870 2001 ὲξανῦσαι
889 1970 947 1996 δια-

154 2013 353 2046 σπσυδάζοντα.
371 2014 478 2046 Νυκτὸς
494 2015 527 2050 δὴ
538 2014 578 2050 τῷ
591 2015 702 2042 κοιτῶνι
719 2016 752 2050 τῇ
767 2015 876 2051 συμδίῳ
889 2015 948 2051 ἅμα

154 2059 372 2094 προσορμισθεὶς
402 2059 448 2086 επὶ
474 2059 525 2094 τῆς
553 2059 648 2095 κλίνης
671 2059 947 2095 παρακαθισάμενος,

151 2103 217 2135 ὅλος
234 2111 265 2129 τε
287 2103 342 2129 τῶν
365 2103 445 2130 οείων
462 2104 619 2139 γενόμενος,
635 2104 783 2140 στεναγμῷ
800 2104 831 2131 τὸ
844 2105 948 2140 προσὸν

153 2151 188 2185 τῇ
203 2149 279 2185 ψυχῇ
298 2150 383 2182 πάθος
400 2150 607 2186 ὑποσημαίνων,
625 2151 737 2177 τοιῶνδε
751 2150 842 2185 λόγων
855 2151 947 2187 ἀπάρ-

153 2204 244 2230 χεται·
265 2195 297 2222 '0
314 2195 364 2231 μὲν
391 2195 487 2232 παρὼν
519 2195 592 2231 βίος,
607 2193 630 2223 ὦ
649 2195 742 2231 γύναι,
772 2196 887 2232 βραχὺς,
911 2196 950 2228 ὡς

994 311 1067 346 quod
1086 311 1158 338 nulla
1175 311 1311 339 sermonis
1330 310 1356 338 vi
1373 311 1503 347 explicari
1527 315 1651 347 possunt,
1674 320 1734 348 quat
1750 313 1785 342 de

994 356 1039 383 illa
1053 363 1151 384 sensus
1165 357 1323 391 renuntiat;
1340 361 1398 384 turn
1410 357 1485 392 quod
1500 358 1637 390 omnibus,
1647 366 1786 393 quascunc

993 409 1048 437 que
1064 402 1105 430 sol
1120 402 1228 437 aspicit,
1243 407 1323 431 terra:
1336 408 1428 439 partes
1449 403 1635 431 habitantibus
1649 408 1713 432 stmt
1737 411 1786 433 co-

993 448 1086 484 gnita.
1114 447 1278 477 Parentibus
1303 453 1381 477 ortus
1396 453 1438 477 est
1458 449 1504 477 tali
1528 449 1631 481 sobole.
1646 450 1786 485 patriaque

993 493 1094 529 dignis,
1112 493 1159 529 qui
1181 494 1283 522 divitiis
1306 494 1457 527 atlluentes,
1473 495 1584 522 militari
1605 495 1691 531 gloria
1705 496 1784 528 clari,

993 539 1069 566 omni
1080 540 1210 567 virtutum
1227 541 1310 568 choro
1324 540 1425 573 ornati,
1441 541 1565 568 omnium
1578 541 1605 568 in
1620 549 1649 569 se
1662 549 1784 570 amorem

993 586 1210 620 propensissimo
1237 586 1334 614 alectu
1362 591 1555 615 converterant
1578 596 1585 614 :
1609 595 1663 615 non
1688 595 1784 616 eorum

993 631 1126 658 duntaxat
1148 632 1194 667 qui
1214 631 1349 667 religiosis
1364 632 1488 660 moribus
1501 632 1636 660 cniterent
1647 653 1654 666 ,
1672 640 1705 660 ac
1721 633 1785 668 qni-

994 676 1045 703 bns
1057 676 1245 712 probitasipsa
1253 677 1401 705 amicitiam
1419 677 1538 711 faceret;
1555 678 1659 714 autqui
1673 679 1784 714 paribus

995 727 1073 749 erant
1094 722 1274 757 dignitatibus
1295 716 1436 759 insignes,
1461 723 1525 751 licet
1550 725 1670 759 pessimo
1692 729 1785 753 essent

995 769 1088 797 animo
1103 770 1219 804 praediti,
1234 775 1315 806 atque
1331 771 1478 799 amicitiam
1493 771 1614 806 propriis
1631 772 1785 799 commodis

996 815 1156 843 metirentur
1169 824 1177 844 :
1197 824 1291 844 verum
1301 817 1383 844 etiam
1398 822 1588 852 tyrannorum.
1606 818 1785 853 ipsorumque

996 860 1203 895 imperatorum,
1220 861 1267 895 qui
1284 861 1336 896 ipsi
1352 861 1462 890 virtutis
1481 869 1576 889 eorum
1599 862 1783 896 praestantiam

996 905 1116 938 rereriti,
1141 905 1221 941 longe
1242 906 1423 934 charissimos
1444 907 1592 935 habebant.
1617 907 1737 936 lsaacius
1758 913 1785 936 et

996 951 1146 985 Theodota,
1161 952 1184 979 si
1199 952 1264 987 quid
1279 952 1357 980 vobis
1371 952 1452 980 etiam
1469 960 1568 980 nomen
1580 958 1623 980 est
1635 961 1718 985 curre,
1735 962 1785 981 vo-

995 997 1139 1025 cabantur.
1166 996 1215 1025 His
1239 997 1418 1032 amplissimae
1440 997 1608 1025 htereditatis
1636 1002 1717 1026 natus
1744 1003 1787 1026 est

997 1043 1083 1072 heres
1094 1043 1149 1076 ille,
1166 1044 1212 1079 qui
1232 1043 1312 1072 nobis
1334 1043 1362 1071 in
1379 1044 1521 1078 praesentia
1544 1043 1698 1072 laudandus
1718 1049 1761 1072 est
1778 1054 1784 1071 :

996 1094 1173 1125 maternaque
1183 1089 1288 1118 eﬂusus
1303 1089 1364 1117 alvo
1374 1090 1525 1117 autumnali
1538 1090 1621 1118 stellae
1630 1090 1787 1125 persimilis.

996 1135 1096 1163 eximia
1115 1136 1240 1170 corporis
1259 1134 1472 1170 pulchritudine,
1493 1143 1586 1170 parent
1601 1136 1684 1164 animl
1701 1144 1788 1164 venus

997 1186 1094 1209 atatem
1113 1181 1166 1209 sub
1180 1181 1306 1209 obscuris
1320 1181 1429 1209 indiciis
1443 1182 1584 1216 prodebat.
1606 1182 1699 1218 Neque
1714 1183 1786 1210 enint

997 1226 1121 1254 mortalis
1140 1227 1270 1258 hominis,
1293 1227 1340 1254 sed
1355 1226 1402 1254 Dei
1418 1226 1491 1254 tilius
1505 1235 1565 1254 esse
1585 1227 1738 1261 videbatur,
1754 1236 1787 1256 ex

997 1272 1093 1300 matris
1102 1277 1179 1300 utero
1194 1273 1221 1300 in
1232 1272 1358 1300 Ieremia:
1366 1273 1504 1308 propheta!
1514 1280 1618 1300 morem
1632 1274 1787 1302 sanctiﬁca-

998 1323 1053 1350 lus.
1066 1323 1092 1346 et
1105 1318 1160 1353 jam
1179 1318 1243 1346 inde
1260 1319 1295 1345 ab
1309 1319 1370 1353 ipso
1385 1324 1445 1346 ortu
1464 1320 1497 1346 ad
1522 1324 1674 1347 extremum
1701 1327 1788 1354 usque

997 1365 1059 1392 vita:
1071 1364 1152 1391 tinem
1168 1364 1317 1392 virtutibus
1334 1364 1464 1392 omnibus
1481 1365 1597 1392 illustris
1613 1372 1646 1393 ac
1661 1366 1761 1394 clarus.

1032 1411 1067 1438 At
1084 1415 1161 1445 pater
1181 1411 1279 1445 ipsius,
1299 1418 1362 1438 cum
1375 1411 1475 1446 exiguo
1497 1411 1629 1445 temporis
1651 1412 1741 1447 spatio
1762 1412 1788 1438 in

997 1458 1132 1485 malorum
1152 1457 1204 1485 hac
1229 1457 1339 1491 regione
1356 1457 1439 1484 vitam
1459 1457 1648 1492 produxisset,
1672 1465 1703 1485 ea
1724 1465 1788 1485 cum

997 1503 1072 1531 curis
1092 1507 1175 1538 atque
1197 1502 1358 1537 praefectura
1381 1502 1476 1530 relicta
1490 1523 1498 1534 ,
1522 1502 1660 1537 praeﬁnita:
1683 1504 1790 1531 cunctis

998 1549 1226 1586 peregrinationis
1244 1548 1392 1576 terminum
1413 1548 1541 1580 absolvit,
1561 1556 1623 1577 cum
1645 1549 1701 1584 jam
1722 1556 1790 1585 puer

961 1602 984 1632 ο
1001 1596 1128 1624 tritnulus
1142 1599 1227 1624 esset.
1244 1595 1332 1622 Mater
1343 1599 1495 1623 autem.....

1035 1642 1103 1670 Illud
1117 1642 1256 1669 canticum
1267 1646 1472 1676 expresserunt,
1487 1649 1542 1676 quo
1557 1646 1612 1669 tres
1627 1641 1715 1676 pueri,
1725 1649 1790 1669 con-

1000 1693 1101 1724 tempto
1127 1687 1237 1724 tyranni
1255 1687 1346 1722 jussu,
1369 1687 1398 1714 in
1423 1687 1514 1715 medio
1538 1687 1638 1714 camini
1667 1687 1790 1715 ardentis

999 1739 1165 1761 servatorem
1184 1733 1386 1760 eollaudarunt.
1406 1732 1459 1760 Sed
1475 1740 1538 1760 cum
1555 1740 1650 1761 omnes
1665 1733 1699 1760 ad
1718 1733 1788 1760 hila-

998 1780 1107 1808 ritatem
1131 1779 1309 1813 laetitiamque
1328 1778 1445 1813 profusi,
1462 1778 1619 1813 nuptiarum
1633 1778 1790 1806 convivium

999 1825 1179 1858 celebrarent,
1195 1832 1271 1852 mens
1284 1829 1375 1852 tamen
1387 1824 1460 1852 illius
1477 1823 1545 1851 nihil
1560 1823 1604 1852 his
1624 1824 1722 1851 obtusa
1737 1829 1790 1856 est,

998 1881 1060 1908 quae
1075 1872 1165 1900 divina
1181 1871 1371 1904 tneditaretur,
1393 1870 1535 1905 animique
1553 1871 1728 1905 propositum
1743 1877 1792 1896 ex-

999 1919 1074 1954 plere
1087 1922 1209 1953 cuperet.
1223 1916 1292 1944 Cum
1305 1917 1361 1951 jam
1374 1916 1465 1951 itaque
1474 1920 1619 1951 appetente
1635 1920 1714 1943 noete
1729 1922 1791 1943 cum

999 1971 1100 1999 sponsa
1112 1962 1231 1991 cubiculi
1247 1966 1352 1990 secreta
1368 1962 1502 1997 petiisset,
1514 1968 1546 1988 ac
1562 1961 1631 1988 lecto
1646 1961 1790 1994 assiderct,

1000 2014 1113 2045 totoque
1122 2009 1215 2036 animo
1227 2016 1272 2035 res
1282 2007 1388 2035 divinas
1398 2007 1524 2043 agitaret,
1536 2006 1656 2042 suspirio
1666 2006 1792 2034 indicans

999 2055 1164 2087 desiderium
1183 2063 1275 2088 suum,
1294 2055 1335 2082 sic
1356 2061 1417 2081 eam
1437 2053 1539 2088 alloqui
1565 2061 1710 2089 aggressus
1727 2057 1770 2081 est

1000 2103 1068 2131 Vitae
1078 2101 1256 2133 curriculum,
1264 2100 1375 2135 coujux,
1387 2104 1418 2127 ut
1426 2099 1554 2128 omnibus
1569 2104 1651 2134 patet.
1663 2100 1792 2134 exiguum

999 2154 1053 2182 est,
1073 2154 1242 2187 prorsusque
1266 2146 1413 2174 incertum.
1435 2144 1522 2173 Nemo
1538 2145 1612 2173 enim
1636 2145 1793 2172 mortalium

1001 2195 1087 2227 novit,
1111 2193 1218 2228 quando
1238 2200 1312 2220 mors
1326 2199 1470 2219 accessura
1494 2191 1539 2223 sit,
1555 2198 1662 2226 nosque
1682 2191 1746 2218 hinc
1759 2192 1793 2218 ad

153 2242 241 2268 πᾶσιν
264 2241 387 2276 εὔδηλον,
413 2242 461 2268 καὶ
484 2242 583 2278 άδηλίᾳ
605 2242 653 2269 τοῦ
683 2243 828 2277 μέλλοντος
857 2243 946 2269 τέλεον

1002 2240 1123 2268 futurum
1137 2238 1203 2265 illud
1214 2258 1222 2270 ,
1237 2237 1312 2272 quod
1325 2236 1455 2263 omnibus
1465 2240 1507 2264 est
1522 2242 1679 2266 commune,
1697 2242 1793 2262 antan-

153 2275 380 2323 κεκρατημένος·
406 2288 437 2315 οὑ
459 2288 515 2324 γὰρ
530 2275 666 2323 ⁷ἐμφανές
684 2275 743 2316 -τινι
768 2288 823 2315 τῶν
838 2288 946 2316 πάντων

1001 2286 1097 2314 datura
1119 2284 1265 2319 judicium,
1282 2284 1309 2310 in
1323 2290 1378 2317 quo
1401 2289 1492 2309 rerum
1508 2285 1646 2316 gestarum
1663 2281 1733 2308 ratio
1748 2288 1793 2308 se-

154 2332 322 2369 καθέστηκε,
340 2333 406 2359 πότε
425 2333 540 2365 θάνατος
554 2333 689 2366 ἐπελθὼν,
709 2333 757 2359 καὶ
781 2332 876 2359 τούτου
894 2341 949 2368 χω-

156 2379 238 2411 ρίσας
255 2379 324 2415 πρὸς
337 2379 368 2406 τὸ
384 2379 482 2414 μέλλον
500 2378 680 2415 παραπέμψει
705 2380 752 2406 καὶ
768 2380 857 2406 κοινὸν
874 2379 950 2406 δικα-

156 2426 280 2461 στήριον,
299 2426 432 2460 ὶτασμοῖς
447 2425 575 2461 ἀκριϐέσι
591 2425 646 2452 τῶν
666 2425 872 2461 πεπραγμένων
884 2425 951 2451 ὐπο-

155 2470 373 2506 ιληθησὸμενον.
411 2471 553 2498 Ἐντεῦθεν
582 2471 726 2506 ἀνέτοιμον
750 2471 835 2498 ἐνίοτε
859 2471 951 2497 λαὸὼν

155 2516 205 2543 καὶ
219 2516 358 2549 πλείστοις
382 2517 504 2552 φορτίοις
531 2517 739 2552 ἁμαρτημάτων
752 2516 949 2552 βαρυνόμενον,

153 2564 207 2597 τῆς
229 2563 277 2589 τοῦ
300 2563 419 2590 κτίστου
445 2564 591 2591 καλοποιοῦ
608 2564 630 2580 ⁸⁸
643 2563 811 2598 ὡραιότητος
824 2564 864 2595 εἰς
877 2562 951 2590 ἅπαν

154 2608 355 2643 ἀλλοτριώσας,
369 2609 459 2644 οἶμοιί
468 2609 570 2644 αἰωνίῳ
586 2609 764 2646 καταδικάζει
775 2608 852 2644 πυρί·
864 2609 951 2643 μικρὰ

154 2654 185 2680 δὲ
203 2655 250 2681 καὶ
262 2655 374 2690 δοκήσει
397 2655 465 2690 μόνῃ
480 2655 515 2682 τὰ
539 2655 611 2683 καλὰ
625 2655 806 2690 κεκτημένος,
825 2655 951 2691 ἀπείροις

157 2700 286 2736 ἀνιαροῖς
317 2701 532 2737 περιτειχίζεται
563 2701 722 2729 ἰδιοποιοῦσι
744 2701 794 2736 τὴν
807 2701 949 2737 τελευτήν.

1001 2330 1073 2358 reris
1095 2328 1292 2364 quaestionibus
1307 2327 1444 2355 reddenda
1463 2327 1525 2354 erit.
1547 2326 1618 2354 llinc
1628 2326 1795 2362 quandoque

1002 2377 1163 2412 imparatos,
1180 2374 1341 2410 magnisque
1361 2378 1537 2408 peccatorum
1562 2373 1679 2401 cumulis
1695 2381 1794 2400 onera-

1003 2428 1055 2456 tos,
1073 2431 1088 2450 a
1104 2421 1241 2450 Creatoris
1255 2420 1470 2456 pulchritudine,
1491 2427 1525 2447 ex
1541 2427 1594 2454 qua
1614 2423 1707 2447 manat
1720 2419 1794 2453 quod

1002 2471 1145 2506 pulchrum
1160 2473 1213 2503 est,
1228 2468 1337 2504 penitus
1352 2472 1486 2499 extorres,
1502 2466 1611 2494 aeternis
1626 2467 1678 2494 heu
1692 2467 1698 2493 !
1714 2465 1794 2493 ﬂant-

1003 2518 1055 2545 mis
1071 2516 1193 2544 addicit:
1222 2521 1304 2550 atque
1318 2515 1360 2548 is,
1379 2514 1424 2550 qui
1441 2514 1538 2549 exigua
1556 2513 1638 2545 bona,
1659 2513 1681 2539 si
1703 2517 1792 2538 tamen

1002 2562 1116 2590 dicenda
1132 2567 1196 2589 sunt
1213 2561 1298 2593 bona;
1312 2568 1373 2596 qua:
1390 2559 1481 2594 specie
1498 2562 1604 2585 tantum
1620 2562 1646 2584 et
1665 2556 1794 2591 opinione

1003 2614 1067 2638 sunt
1090 2607 1246 2644 ejusmodi,
1273 2606 1443 2642 possederit,
1462 2604 1613 2632 innumeris
1640 2601 1794 2636 implicatur

1004 2654 1149 2686 molestiis,
1159 2654 1257 2688 quibus
1268 2653 1330 2680 vita:
1341 2652 1403 2679 linis
1415 2659 1487 2686 aegre
1501 2649 1631 2677 immunis
1642 2648 1690 2675 sit.
1707 2647 1793 2681 Quid~

1004 2708 1067 2729 nam
1078 2708 1143 2728 vero
1154 2707 1187 2727 ex
1196 2699 1230 2727 iis
1238 2706 1298 2735 qua:
1309 2698 1373 2726 huic
1383 2699 1531 2732 suppetunt
1539 2694 1629 2727 bonis,
1642 2694 1751 2722 ﬁrmum
1761 2702 1793 2721 ac

813 2779 930 2808 νΑιιιΑε
951 2779 1097 2808 LECTION
1103 2779 1153 2807 ES.

195 2852 206 2867 ‘
221 2851 288 2879 fort.
307 2852 516 2888 κατεστέφοντο.
554 2853 564 2868 ⁷
579 2852 642 2880 fort.
658 2853 782 2888 χειρίστη
794 2851 1039 2887 συνδεθεῖσιψυχῇ.
1078 2851 1087 2866 ⁸
1106 2850 1205 2888 Desunt
1226 2848 1320 2888 malui.
1340 2851 1370 2888 ut
1383 2846 1460 2888 t'thitt-
1475 2844 1615 2888 Lipont'otti
1639 2844 1697 2888 cond.
1717 2852 1790 2888 (Ipsm

159 2888 250 2923 ipsum
264 2887 332 2914 hunc
353 2879 478 2915 Venet-um
497 2879 641 2921 arltitrurp
657 2879 732 2922 Eujits
760 2879 941 2923 ri'pographum
962 2879 1130 2921 'rr'p'iwscnto
1144 2884 1216 2921 (Not.
1234 2883 1278 2912 ed.
1296 2882 1373 2918 Par.)
1412 2882 1421 2897 ⁹
1436 2881 1551 2916 ὲνωχίαν
1564 2879 1625 2908 Par.
1658 2880 1680 2896 "’
1697 2879 1791 2906 καλλο-

161 2922 243 2949 ποιοῦ
258 2923 318 2950 Par.
