2041 3154
238 165 273 197 2'7
877 157 1124 188 THEOPHANIS
1141 158 1240 188 Vl'l‘A.
1837 155 1872 189 28

238 223 311 252 illum
326 217 460 247 miraculo
470 214 619 243 decoravit.
640 212 691 247 Qui
706 212 778 239 enim
799 211 906 247 ingrato
921 211 1020 247 populo
1036 214 1043 240 Α

1094 211 1182 237 ιανίαν
1204 210 1286 245 ὁρῶν,
1309 209 1485 245 μεγαλοτίμῳ
1504 209 1746 244 τερατουργήματι
1768 210 1796 245 (ὁ
1817 211 1872 246 γὰρ

234 274 268 293 ex
286 263 435 292 durissima
449 266 525 296 petra
542 260 636 287 latices
647 257 754 290 eil'udit.
770 265 820 285 cur
837 256 1026 292 probojnvenl

236 309 394 339 necessaria
415 317 469 336 non
482 305 729 336 subministraret?
743 303 831 332 Probe
846 304 928 340 igitur
943 303 988 330 ubi
1004 302 1028 331 is

237 362 324 385 strato
339 360 428 390 tapete
442 353 562 388 iacebat.
584 352 677 380 divino
689 351 769 385 jussu
783 349 845 377 fons
855 349 966 384 quidam
982 349 1029 376 ad-

239 402 364 430 miranda
379 400 546 433 scaturigine
557 398 643 433 proﬂu
649 398 688 424 xit
699 407 706 424 :
719 401 847 431 tactuque
859 403 909 423 suo
919 403 1028 423 servum

241 449 287 476 Dei
301 447 433 479 excitans,
447 453 507 473 sese
521 445 558 472 illi
574 443 702 478 patefecit
715 450 724 470 τ
737 443 782 478 qui
799 443 882 471 sociis
892 449 1027 470 convoca-

241 495 288 526 tis,
302 493 362 520 sitis
376 491 525 519 remedium
539 498 554 518 a
571 490 625 517 Deo
636 489 728 517 datum
741 488 870 516 ostendit.
883 488 965 516 Cavis
982 489 1033 523 igi-

242 544 287 566 tur
302 537 427 565 manibns
441 544 538 571 aquam
553 535 720 567 haurientes,
739 541 836 562 suaves
847 534 907 562 illos
924 534 1032 561 divino-

242 593 296 618 «μισ
320 591 431 611 munero
455 590 601 610 concessus
629 582 734 614 latices,
756 581 862 609 debitas
894 582 1033 609 bonorum

243 631 366 658 omnium
383 628 505 663 largitori
523 628 577 655 Deo
591 627 739 662 gratiarum
766 627 890 654 actiones
917 627 1034 654 redden-

245 680 298 708 tes,
310 682 360 709 pro
375 682 408 702 eo
421 681 454 701 ac
467 673 547 700 oliicii
562 673 633 700 ratio
655 673 776 708 petebat,
791 678 982 707 perceperunt.
1000 674 1034 700 At

246 728 281 748 ne
293 721 357 756 quis
370 724 464 756 posset
475 719 624 754 suspicari.
639 719 742 746 fontem
759 719 835 746 illum
852 727 913 746 cum
928 720 1035 747 occulte

247 766 353 798 lateret.
374 770 483 801 repente
505 766 532 792 in
558 770 683 799 apertum
712 765 874 799 productum
899 765 1035 799 erupisse.

247 815 328 838 nocte
341 811 380 838 sic
395 810 516 841 evanuit,
534 814 564 837 ut
580 818 613 836 ne
624 809 769 844 vestigium
794 810 904 844 quidem
922 809 982 844 ejus
995 810 1036 836 ul-

1080 257 1218 292 ἀγνώμονι
1231 257 1289 292 λαῷ
1302 258 1331 291 ἐξ
1351 257 1506 293 ἀκροτόμου
1530 257 1631 293 βλύσας
1644 257 1678 285 τὰ
1694 258 1802 293 νάματα
1814 259 1873 290 πῶς

1079 305 1130 332 οὐκ
1145 303 1258 340 ἔμελλεν
1272 304 1295 320 ’⁷
1309 304 1461 339 εὐγνώμονι
1476 304 1571 340 νεανίᾳ
1586 304 1621 330 τὰ
1633 305 1681 340 τῆς
1694 305 1790 340 χρείας
1802 314 1874 341 παρ-

1082 350 1191 383 έξεσθαι
1206 353 1225 383 ;)
1238 358 1244 365 ·
1263 350 1376 386 πλησίον
1402 350 1466 384 γοῦν
1481 347 1567 385 οὗπερ
1590 350 1715 377 ἐπέκειτο
1736 351 1874 386 τάπητος,

1082 397 1158 431 πηγή
1177 404 1219 427 τις
1237 396 1302 431 θείῳ
1322 396 1515 432 προστάγματι
1536 396 1697 431 παραδόξως
1730 397 1873 428 ἀνέὁλυσε,

1083 443 1131 470 καὶ
1155 442 1222 475 θίξει
1249 442 1288 477 τῷ
1308 442 1454 478 θεράποντι
1478 442 1528 478 τὴν
1543 442 1669 476 αίσθησιν
1689 443 1876 478 ἐμποιήσασα,

1083 488 1152 524 πρὸς
1170 489 1319 521 ἐπίγνωσιν
1343 488 1427 523 αὐτῆς
1448 488 1595 523 διήγειρεν
1609 487 1656 514 καὶ
1670 488 1734 519 τοὺς
1748 488 1877 520 συνόντας

1085 535 1343 571 προσκαλεσάμενος
1359 534 1390 561 τδ
1406 533 1572 570 θεοδὼρητον
1594 534 1750 561 ἐπεδείκνυε
1769 536 1817 562 τοῦ
1837 534 1877 561 δί-

1084 581 1152 616 ψους
1168 581 1246 616 ἴαμα·
1264 582 1310 608 καὶ
1324 581 1426 613 κοίλαις
1440 581 1533 616 χερσὶν
1549 581 1716 616 ἀρυσάμενοι
1732 581 1779 608 τοῦ
1793 588 1874 616 προσ-

1086 628 1167 662 ηνοῦς
1182 628 1287 654 ἐκείνου
1307 628 1357 654 καὶ
1382 627 1523 654 θεοσδότου
1541 627 1737 661 καταπήλαυον
1747 628 1770 644 ⁸⁸
1790 628 1878 662 νάμαι

1086 682 1143 706 τος,
1160 674 1210 709 τὴν
1229 673 1424 709 προσήκουσαν
1441 673 1618 709 εὐχαριστίαν
1640 673 1679 709 τῷ
1696 673 1790 708 δοτῆρι
1813 674 1879 700 πάν-

1087 729 1141 746 των
1157 720 1257 753 καλῶν,
1270 719 1307 752 ὡς
1322 720 1352 746 τὸ
1370 719 1453 753 είκδς,
1466 720 1686 755 ἀναπέμποντες.
1697 720 1751 747 Τοῦ
1769 721 1807 755 μή
1827 729 1878 747 ¹τινι

1088 766 1116 792 δὲ
1131 765 1242 800 δόκησιν
1270 765 1434 800 ἐμποιῆσαι,
1456 765 1494 798 ὤς
1515 765 1614 800 ἀφανεῖ
1639 767 1661 782 ¹⁹
1685 766 1879 801 καλυπτομένη

1089 810 1157 846 τύχῃ
1171 811 1240 845 πρὸς
1254 811 1409 846 τούμφανὲς
1430 811 1494 846 ἥκει
1519 810 1618 847 ἁθρόον
1635 811 1813 845 ἀναφανεῖσα,
1836 811 1881 838 διᾶι

249 857 304 883 lunt
322 864 401 883 mane
419 856 629 890 relinqueretur.
647 855 704 883 Hoc
717 855 832 887 amoris,
847 864 903 890 quo
925 861 1037 884 sanctus

1094 857 1186 888 νυκτδς
1204 857 1340 892 ἀπῴχετο,
1366 857 1403 888 ὡς
1420 857 1487 892 μηδὲ
1511 857 1584 892 ίχνος
1602 857 1630 889 ὲς
1646 857 1677 883 τὸ
1692 856 1765 892 πρωῒ
1779 856 1880 891 ταύτης

248 903 294 929 hic
306 902 363 938 jam
388 902 451 929 inde.
463 909 478 928 τι
492 909 561 936 puro
578 903 659 929 Deum
678 902 906 936 prosequebatur.
929 902 1038 937 signum

1094 902 1304 938 ἐμφανισθῆναι.
1322 902 1408 929 Τοῦτο
1421 891 1474 938 τῆς
1486 891 1537 930 τού
1545 902 1618 929 θείου
1636 891 1802 938 θεράποντος
1819 910 1878 929 -ιιται⁵

250 948 300 975 l'uit
314 956 321 975 :
341 953 416 975 tanto
433 948 523 982 majus
540 948 597 979 illo.
610 948 687 982 quod
703 947 810 983 Moyses
834 948 883 975 Dei
900 948 1039 983 inspector

249 994 343 1025 edidit,
360 994 434 1030 quod
453 994 510 1029 ipse
525 994 653 1029 precibus
666 1001 723 1021 rem
736 994 907 1029 impetravit;
925 995 970 1023 hic
989 1003 1040 1023 an-

251 1045 306 1068 tem
323 1049 356 1068 ne
368 1041 394 1068 id
415 1041 557 1074 postulans
572 1040 694 1075 quidem.
710 1040 845 1068 Praeterea
861 1041 906 1069 ille
918 1049 1040 1069 murmu-

252 1086 374 1113 rantium
396 1093 510 1113 suorum
535 1086 697 1113 necessitate
728 1086 873 1116 adductus.
895 1086 1039 1115 Dominum

252 1131 287 1158 ad
316 1132 488 1167 largiendum
517 1131 646 1166 impulit:
665 1131 710 1159 hic
741 1137 830 1160 autem
857 1133 996 1167 patientia,
1015 1139 1042 1161 et

251 1178 399 1211 gratiarum
417 1177 524 1204 actione
536 1181 617 1204 utens
632 1184 694 1206 cum
715 1178 797 1205 sociis
812 1179 881 1211 suis.
899 1180 1040 1214 proprium

255 1223 400 1251 Dominum
415 1224 498 1252 movit
511 1232 518 1257 ;
539 1224 573 1251 ad
588 1225 646 1252 haec
658 1223 745 1252 Judaei
760 1225 810 1259 (tte
821 1226 910 1253 dicam
926 1226 1041 1263 Mosem)

254 1269 442 1297 incredulitate
458 1277 558 1298 munus
583 1269 778 1305 inquinat-unt;
808 1272 836 1299 hi
866 1278 957 1300 autem
975 1281 1042 1301 con-

253 1323 363 1344 cessum
392 1316 494 1343 donum
530 1316 685 1345 honestatis
718 1318 880 1346 accessione
912 1320 1042 1348 honesta-

254 1367 328 1389 I'lllll.

288 1407 413 1436 Nondum
432 1411 495 1437 anni
512 1415 568 1439 tres
580 1413 778 1448 pumex-ierant,
796 1420 859 1440 cum
877 1420 957 1441 socer
972 1413 1044 1449 ejus.

253 1459 281 1481 ct
300 1455 449 1491 imperator
464 1466 478 1485 a
495 1460 592 1487 mundi
608 1460 694 1496 gloria
712 1460 809 1494 excisi,
825 1460 858 1488 ad
874 1461 1044 1488 domicilium

255 1501 330 1535 quod
343 1509 392 1530 eos
411 1503 530 1536 deceret.
546 1506 671 1533 translati
687 1511 763 1534 sunt.
779 1505 856 1534 lrcne
873 1511 965 1533 autem
984 1514 1045 1533 Illu-

1089 947 1165 974 δόθιν
1176 948 1249 984 πρὸς
1262 947 1329 974 Θεὸν
1349 948 1461 983 ἀγάπης
1478 948 1546 983 πρὸς
1560 948 1716 984 ὑπόδειγμα
1735 948 1769 980 ³⁸,
1784 947 1882 974 τοσοῦ-

1090 1002 1136 1020 τον
1150 993 1200 1029 τὴν
1220 992 1268 1020 τοῦ
1291 993 1405 1020 θεόπτου
1432 993 1574 1025 Μωῦσέως
1594 992 1768 1029 παρατρέχον
1781 993 1801 1009 ³¹
1817 993 1881 1020 θαυ-

1093 1038 1272 1074 ματουργίαν,
1286 1038 1348 1065 ὅσον
1358 1039 1372 1065 ό
1387 1038 1435 1073 μὲν
1449 1038 1576 1074 αἰτήσας,
1593 1038 1606 1064 ὁ
1617 1038 1646 1065 δὲ
1662 1038 1700 1074 μὴ
1715 1038 1794 1065 τοῦτο
1809 1038 1882 1073 πρά-

1091 1085 1141 1119 ξας
1157 1084 1247 1111 ἔλασε·
1264 1085 1310 1111 καὶ
1323 1085 1337 1111 ὁ
1353 1085 1402 1120 μὲν
1415 1085 1523 1121 ἀνάγκῃ
1536 1084 1591 1111 τῶν
1612 1084 1776 1119 γογγυσμῶν
1788 1085 1810 1101 ³¹
1828 1085 1883 1111 τῶν

1092 1131 1202 1159 οἰκείων
1215 1131 1371 1164 ὲξεδιάζετο
1385 1131 1478 1159 δοῦναι
1503 1131 1655 1167 Δεσπότην’
1678 1133 1692 1158 ό
1703 1131 1730 1158 δὲ
1748 1132 1882 1168 καρτερίᾳ.

1092 1178 1140 1206 καὶ
1152 1180 1186 1214 τῇ
1196 1178 1249 1205 τῶν
1262 1179 1395 1205 συνόντων
1407 1178 1569 1214 εὐχαριστίᾳ
1583 1179 1630 1205 τδν
1641 1179 1704 1205 ῐδιον
1716 1177 1855 1212 ἐφείλκετο
1861 1176 1882 1193 ³³

1093 1224 1183 1251 δοῦναι
1197 1225 1345 1259 Δεσπότην·
1358 1225 1405 1251 καὶ
1417 1225 1442 1251 οἱ
1459 1225 1508 1260 μὲν
1515 1224 1545 1251 τὸ
1556 1224 1677 1260 δωρηθὲν
1693 1224 1749 1260 (ἴνα
1766 1224 1802 1259 μὴ
1812 1223 1884 1257 λέγω

1094 1271 1228 1307 Μωῦσέα)
1245 1271 1465 1308 κατερρύπωσαν
1479 1271 1640 1307 ἀμφιὸολίᾳ·
1657 1272 1682 1298 οἱ
1696 1272 1725 1298 δὲ
1747 1271 1778 1298 τὺ
1795 1271 1828 1286 ³³⁸
1841 1271 1884 1297 δο-

1095 1317 1140 1344 θὲν
1154 1318 1187 1353 τῇ
1202 1316 1250 1344 τοῦ
1272 1317 1356 1344 καλοῦ
1375 1319 1502 1353 προκοπῇ
1521 1317 1744 1351 κατεκόσμησαν.

1132 1418 1214 1446 Οὔπω
1228 1418 1282 1454 γὰρ
1296 1418 1379 1453 τριῶν
1391 1417 1642 1453 παριππευσάντων
1655 1417 1735 1449 ἐτῶν,
1746 1416 1882 1452 κηδευτὴς

1095 1466 1110 1493 ό
1124 1465 1218 1492 τούτου
1238 1465 1296 1500 ἅμα
1311 1464 1350 1500 τῷ
1361 1464 1531 1500 βασιλεύοντι
1541 1463 1591 1498 τῆς
1608 1463 1751 1500 παρούσης
1776 1463 1883 1498 ἐκτμη-

1097 1512 1189 1543 οέντες
1205 1511 1342 1543 εὐκλείας,
1371 1510 1439 1546 πρὸς
1457 1510 1507 1546 τὴν
1533 1509 1713 1546 ὀφειλομένην
1741 1509 1887 1545 παρεπέμα

256 1547 308 1574 licr
326 1548 372 1575 illa
387 1548 468 1577 l'ot-tis
485 1551 581 1584 animi,
601 1559 633 1579 ac
643 1552 738 1580 divino
751 1560 831 1580 sensu
844 1552 967 1587 prtedita,
983 1560 1043 1580 cunt

1099 1556 1206 1592 φθησαν
1231 1555 1360 1582 ἑνοικίαν.
1375 1555 1480 1591 Εἰρήνη
1501 1556 1530 1582 δὲ
1545 1555 1576 1582 τὸ
1596 1554 1783 1590 κραταιόφρον
1799 1555 1888 1581 ἐκεῖνο

257 1594 314 1621 tilio
333 1594 441 1630 imperii
457 1597 643 1632 gubernacula
656 1599 778 1634 suscepit
790 1599 824 1635 (si
839 1604 931 1626 tamen
948 1598 1047 1626 mulier

256 1640 373 1668 dicenda
395 1647 447 1675 est.
466 1651 538 1678 quae
554 1644 699 1672 adversum
724 1645 818 1673 hostes
850 1653 883 1673 ac
903 1646 1047 1680 perturba-

258 1687 347 1715 tiones
363 1688 471 1716 virilem
488 1690 609 1717 animum
626 1691 732 1726 gessit).
755 1691 880 1726 Tumque
897 1692 1047 1719 humanum

258 1741 355 1768 genus,
372 1735 444 1769 quod
459 1735 591 1763 diuturno
601 1736 672 1764 bello
683 1737 864 1770 laboraverat,
875 1745 937 1765 cum
954 1744 1047 1764 secum

259 1780 360 1814 ipsum.
377 1785 433 1808 tum
448 1789 510 1809 cum
525 1781 580 1810 Deo
602 1783 765 1810 conciliatur
784 1791 791 1810 :
814 1791 984 1818 prorsusqne
999 1783 1049 1811 de-

261 1827 347 1862 pulsis
362 1828 493 1862 tenebris,
509 1829 640 1857 laatioretn
662 1830 755 1857 omnia
773 1829 870 1858 faciem
887 1830 1047 1857 induebant.

259 1872 338 1902 Tunc
349 1882 459 1909 quoque
474 1875 525 1908 sol,
542 1875 588 1910 qui
606 1880 703 1902 cuncta
719 1875 827 1908 lustrat,
839 1874 910 1902 diem
927 1882 959 1901 ex
974 1874 1048 1901 omni

260 1923 337 1953 parte
349 1919 447 1946 librum
464 1920 573 1952 extulit,
589 1925 617 1948 et
633 1928 780 1948 maerorem
804 1925 885 1956 atque
898 1920 1048 1952 tristitiam,

261 1972 322 1998 quae
346 1964 393 1992 diu
420 1965 510 2000 ipsum
537 1971 739 2000 occupaverat,
773 1974 899 1999 exuens,
936 1966 1051 1994 nitidius

261 2010 355 2036 t-luxit.
377 2010 456 2038 Tunc
474 2011 557 2046 igitur
582 2019 597 2038 a
619 2012 672 2039 Deo
691 2012 839 2044 ornatum,
858 2020 891 2039 ac
915 2012 1051 2040 castitatis

262 2063 358 2083 amans
372 2063 421 2090 par
431 2056 508 2087 illud.
520 2056 581 2091 ejus
597 2057 670 2091 quod
684 2057 776 2084 animo
788 2057 968 2085 constitutum
981 2063 1049 2091 erat,

263 2104 374 2128 nactum
394 2105 568 2135 potestatem,
593 2102 690 2129 uberes
714 2102 796 2129 domo
823 2101 932 2131 divitias
958 2102 1052 2137 profe-

263 2150 368 2179 rentcs,
381 2146 408 2173 in
423 2154 520 2174 omnes
535 2147 609 2183 large
623 2155 724 2182 egenos
738 2149 899 2184 erogabant.
918 2149 1050 2184 Adeoque

264 2200 318 2219 una
330 2192 375 2220 Dei
387 2194 537 2221 amantium
550 2194 660 2228 domus,
673 2194 778 2227 multis,
805 2203 867 2230 quae
879 2195 963 2223 victui
975 2200 1053 2223 erant

1099 1601 1146 1629 καὶ
1166 1600 1330 1636 θεοφόρητον
1343 1599 1454 1634 γύναιον
1463 1601 1513 1636 τῆς
1531 1599 1672 1635 βασιλείας
1687 1600 1736 1627 σὺν
1749 1599 1801 1635 υἱῷ
1822 1600 1887 1631 τοὺς

1099 1647 1196 1679 οἴακας
1208 1647 1407 1682 ἐγχειρίζεται·
1423 1646 1503 1683 εἴπερ
1518 1646 1571 1682 χρὴ
1600 1647 1712 1682 γύναιον
1728 1645 1822 1673 καλεῖν
1838 1646 1887 1681 τὴν

1099 1694 1160 1721 κατ’
1185 1693 1291 1729 ἐχθρῶν
1316 1693 1364 1720 καὶ
1379 1692 1475 1733 παθῶν
1490 1693 1643 1729 ἀρῤενωπῷ
1656 1692 1886 1728 καθωπλισμένην

1100 1739 1271 1775 φρονήματι·
1287 1738 1335 1765 καὶ
1349 1739 1493 1766 σπένδεται
1509 1738 1589 1774 φύσις
1601 1737 1706 1774 βροτῶν
1719 1737 1844 1773 ἀλλήλοις
1856 1746 1886 1764 τε

1100 1785 1146 1812 καὶ
1171 1784 1240 1820 Θεῷ,
1257 1784 1433 1820 πολυχρόνιον
1453 1784 1611 1820 κεκτημένη
1630 1783 1675 1810 τδν
1691 1783 1809 1818 πόλεμον
1820 1791 1827 1798 ·
1843 1783 1888 1809 καλ

1099 1832 1140 1863 εἰς
1156 1831 1229 1858 ἆπαν
1256 1830 1502 1866 ἑκκαθαρισθείσης
1515 1830 1549 1862 ἰ,
1570 1830 1658 1857 πάντα
1688 1829 1757 1865 πρὸς
1774 1829 1804 1856 τὺ
1824 1838 1890 1863 φαι-

1099 1876 1162 1911 δρὺν
1185 1875 1378 1911 μετεϐάλλετο.
1405 1875 1473 1902 Τότε
1488 1875 1535 1901 καὶ
1556 1875 1631 1910 ἣλιος
1644 1876 1658 1902 ὁ
1683 1874 1765 1902 πάντ’
1783 1874 1891 1909 ἐφορῶν

1101 1922 1208 1957 ἡμέραν
1223 1921 1315 1948 ἐπίδεν
1329 1921 1359 1937 ³⁸·
1371 1921 1525 1957 ὁλοσχερῶς
1540 1921 1706 1956 ἐλευθέριον,
1722 1919 1770 1947 καὶ
1784 1920 1814 1946 τὸ
1828 1928 1891 1946 στυ-

1102 1969 1165 2002 γνὸν
1183 1967 1234 2003 τῆς
1249 1967 1402 2004 κατηφείας
1414 1967 1428 1994 ὃ
1447 1967 1554 1998 πολλοῖς
1573 1966 1769 2002 περιεόέόλητο
1785 1966 1891 2001 χρόνοις

1102 2015 1308 2049 ἀποδυσάμενος
1335 2014 1536 2050 σταθερώτερον
1553 2013 1701 2048 ἐξέλαμπε.
1714 2012 1780 2039 Τότε
1801 2012 1892 2039 τοίνυν

1103 2059 1158 2087 τῶν
1173 2060 1282 2087 οἰκείων
1301 2058 1492 2094 βουλευμάτων
1505 2058 1521 2092 ὴ
1534 2058 1718 2092 θεοκόσμητος
1732 2056 1779 2083 καὶ
1795 2055 1892 2091 φίλαγ-

1102 2114 1147 2137 νος
1163 2104 1277 2140 ξυνωρὶς
1290 2105 1319 2130 ὲν
1333 2103 1441 2138 ἐξουσίᾳ
1453 2101 1597 2136 γενομένη,
1615 2101 1661 2127 τὸν
1673 2099 1810 2135 προσόντα
1830 2109 1891 2126 ποι-

1102 2150 1177 2178 κίλον
1194 2149 1308 2175 πλοῦτον
1322 2148 1373 2183 τῆς
1386 2148 1475 2179 οἰκίας
1488 2147 1510 2162 ³⁵
1527 2144 1720 2182 ἐκφοροῦντες,
1739 2145 1806 2171 πᾶσι
1835 2145 1893 2176 τοῖς

1104 2196 1133 2222 ὲν
1152 2194 1232 2231 χρείᾳ
1258 2194 1438 2229 καθεστηκόσι
1460 2192 1602 2227 διένεμον·
1627 2191 1675 2218 καὶ
1693 2191 1742 2227 μία
1762 2190 1893 2226 φιλοθέων

264 2238 419 2266 necessaria
435 2239 660 2273 subministrans,
677 2245 705 2268 et
725 2249 818 2269 eorum
830 2241 876 2277 qui
890 2249 920 2269 se
936 2241 990 2269 Deo
1005 2241 1043 2269 de-

1104 2241 1177 2268 οἰκία
1193 2240 1299 2271 πολλοῖς
1315 2239 1548 2275 ὑπηρετησαμὲνη
1562 2238 1597 2266 τὰ
1612 2239 1766 2274 πρόσφορα,
1784 2237 1894 2264 καὶτῶν

264 2283 404 2318 dideront,
429 2286 588 2321 pauperiem
617 2287 734 2322 vitaeque
761 2287 934 2315 incommoda
953 2288 1054 2316 eximie

265 2327 429 2362 snblcvans,
454 2329 537 2358 Deum
567 2331 676 2367 ipsum,
704 2333 752 2368 qui
779 2332 837 2361 haec
862 2339 913 2361 sua
941 2332 1052 2367 fecerat,

266 2373 443 2403 vehementer
456 2368 622 2405 oblectabat.

302 2424 371 2451 Cum
395 2423 478 2458 igitur
503 2422 561 2450 hac
581 2428 608 2451 et
625 2423 678 2452 alia
692 2425 777 2452 multa
799 2425 989 2460 perfecissent,
1008 2426 1055 2453 illa

265 2468 377 2504 quidem
406 2468 434 2496 in
455 2469 623 2497 monasterio
653 2471 726 2505 quod
760 2471 787 2498 in
815 2472 904 2500 insula
928 2472 1054 2507 Principe

267 2514 351 2542 situm
365 2519 417 2548 est,
434 2515 542 2544 collatis
565 2523 600 2543 eo
625 2515 803 2546 facultatibus
827 2518 885 2546 suis
904 2519 1030 2546 consedit
1046 2527 1053 2545 :

268 2559 313 2588 hic
329 2565 420 2588 autem
439 2561 472 2589 ad
491 2569 617 2597 magnum
638 2562 803 2598 Strategium
819 2565 968 2592 revertitur
983 2566 1054 2600 apud

269 2604 425 2639 Sigrianam
447 2606 590 2642 degentem
618 2607 646 2634 in
674 2609 860 2641 monasterio,
885 2610 930 2636 cui
956 2618 1056 2638 nomen

270 2649 485 2686 I‘olychronius;
497 2653 569 2690 quod
585 2654 608 2681 is
622 2654 657 2681 ab
669 2655 728 2689 ipso
741 2655 790 2682 otil
805 2656 961 2691 quietisque
971 2658 1057 2689 gratia

270 2696 401 2726 donatum
419 2704 562 2735 acceperat
579 2710 586 2728 :
608 2700 717 2737 illicque
731 2702 857 2730 manibus
871 2703 944 2731 illius
960 2704 1057 2731 deton-

1102 2287 1141 2322 τῷ
1152 2287 1212 2322 Θεῷ
1227 2286 1448 2322 προσανεχόντων
1465 2286 1499 2313 τὰ
1513 2285 1603 2321 φαῦλα
1616 2284 1801 2320 διαφερόντως
1813 2283 1894 2319 θεραι

1103 2334 1239 2364 πεύσασα,
1263 2332 1309 2359 τὸν
1327 2332 1362 2358 τὰ
1385 2332 1498 2359 ἐκείνων
1525 2330 1741 2366 ίδιοποιούμενον
1769 2329 1894 2366 μεγάλως

1103 2379 1268 2414 κατέτερπε.
1543 2413 1545 2416 Ι

1139 2425 1233 2453 Ταῦτα
1246 2424 1292 2451 οὖν
1306 2424 1354 2451 καὶ
1366 2423 1399 2451 τὰ
1411 2423 1478 2451 ἄλλα
1500 2424 1550 2451 ὅσα
1564 2423 1689 2459 προσῆκε
1703 2422 1895 2458 διαπραξάμμ

1102 2481 1153 2506 νοι,
1168 2473 1185 2508 ἡ
1203 2471 1253 2507 μὲν
1267 2471 1307 2506 τῷ
1325 2470 1397 2497 κατὰ
1415 2470 1568 2506 Πρίγκιπον
1580 2469 1699 2505 σεμνῖίῳ
1715 2470 1808 2501 αὐτοῖς
1829 2469 1881 2504 κτὴ

1105 2525 1172 2554 μασι
1199 2515 1431 2551 ὲγκατοικίζεται,
1445 2515 1459 2541 ὸ
1486 2515 1514 2541 δὲ
1540 2514 1609 2550 πρὸς
1623 2514 1668 2540 τὸν
1685 2514 1773 2549 μέγαν
1791 2514 1894 2540 ἐπανα-

1103 2563 1196 2600 τρέχει
1210 2563 1390 2598 Στρατήγιον,
1407 2562 1435 2588 ὲν
1450 2561 1489 2596 τῷ
1500 2561 1571 2589 κατὰ
1581 2561 1632 2597 τὴν
1647 2560 1796 2596 Σιγριανὴν
1812 2559 1895 2586 Πολυ-

1105 2610 1204 2646 χρονίῳ
1218 2608 1421 2645 τυγχάνοντα,ὂ
1433 2608 1516 2636 πάλαι
1533 2608 1621 2644 τούτῳ
1632 2607 1698 2644 παρ’
1713 2606 1796 2634 αὑτοῦ
1812 2605 1893 2633 δεδώ-

1107 2666 1174 2693 ρητο
1189 2657 1331 2692 ῥᾳστώνης
1345 2655 1426 2691 χάριν
1441 2656 1487 2682 καὶ
1503 2654 1695 2687 ἀναπαύσεως,
1714 2654 1825 2681 κάκεῖσε
1836 2654 1895 2684 ταῖς

1111 2703 1215 2729 ἐκείνου
1228 2702 1321 2737 χερσὶν
1338 2701 1532 2736 ἀποκείρεται·
1549 2700 1649 2736 μᾶλλον
1662 2700 1712 2736 μὲν
1726 2698 1773 2727 οὖν
1791 2699 1893 2735 ἱερουρ-

899 2772 1014 2800 νΑΒΙΕ
1039 2771 1240 2801 LECTIONES.

318 2828 339 2843 "
356 2828 452 2865 ἔμελεν
469 2827 529 2865 Par.
573 2829 595 2845 ’θ
609 2830 797 2865 κατεπήλαυον
811 2830 872 2858 Par.

919 2831 941 2846 ¹⁹
954 2830 1071 2863 ἀφανείᾳ
1083 2829 1145 2856 Par.

1202 2829 1224 2845 ³⁸
1239 2829 1303 2857 l'ort.
1316 2828 1554 2864 προσυπόδειγμα.
1592 2828 1612 2844 ³·
1629 2825 1814 2864 παρατρέχων.
1824 2824 1894 2864 νΙξκΓ.

274 2861 296 2876 ⁸·
313 2859 474 2902 γογγυστῶν
489 2863 552 2902 [τεν-τ
590 2859 769 2902 “anagniae
780 2866 842 2894 Par.
887 2866 918 2902 ξδ’
936 2859 985 2902 eo].
993 2865 1031 2900 τῷ
1047 2859 1114 2902 Par,
1147 2864 1169 2880 ”
1189 2864 1288 2902 ἀχλύος
1301 2859 1344 2902 vel
1358 2864 1474 2902 ὁμίχλης
1490 2859 1627 2892 ὲὶυὶιίίεδο
1641 2859 1770 2891 videtnr:
1797 2861 1828 2877 “'
1843 2859 1895 2887 [ιυ-

273 2899 394 2932 εριηιιυτ
406 2898 518 2933 ὲπῇθεν.
536 2899 598 2926 Par.
613 2900 717 2933 ἐπεθεν,
735 2906 761 2929 ct
772 2901 799 2929 in
813 2901 934 2937 margine
948 2910 954 2928 :
971 2898 1041 2929 forte
1054 2900 1193 2936 ἐποίησεν.
1219 2898 1253 2916 ⁷³⁸
1267 2900 1367 2931 οἰκείας
1383 2898 1445 2926 Par.
