2041 3154
123 205 141 236 2
151 205 160 235 )
755 201 1000 234 THEOPHANIS
1020 203 1117 234 VlTA.
1723 204 1759 235 30

125 261 214 294 γείτειι
232 258 323 294 πολλῷ
335 258 385 294 τῆς
397 258 443 285 τοῦ
456 258 575 294 μεγάλου
594 258 687 285 Ἰσαὰκ
699 258 793 291 Θυσίας
810 259 916 296 ἱερουρ-

969 260 1064 291 detur;
1090 261 1144 287 imo
1160 266 1224 287 vero
1243 259 1410 293 immolatur,
1431 258 1521 287 hostia
1539 267 1620 294 quam
1642 267 1759 295 magnus

124 306 187 340 γίαν
208 305 368 340 ἱερωτέραν,
394 305 457 331 ὅσον
478 305 526 331 τοῦ
544 305 673 332 ἀκουσίου
698 305 861 341 σεμνότερον
886 306 917 332 τὸ

125 351 262 384 ικούσιον,
279 352 327 378 καὶ
339 350 386 378 τοῦ
398 350 436 387 μὴ
448 352 641 386 τετελεσμένου
656 351 687 378 τὸ
703 352 790 386 πέρας
817 352 898 378 λαῦόν
909 359 915 366 ·

125 398 246 432 κάκείνῳ
259 396 309 432 τὴν
333 397 416 432 μονὴν
433 397 526 428 αὐτοῖς
545 398 682 431 κτήμασιν
697 396 805 428 ἀναθεὶς
819 396 917 432 (πολλὰ

125 444 181 478 γὰρ
203 440 250 478 ἦν,
270 443 289 470 ἃ
302 441 389 478 ταύτῃ
413 442 658 477 συγκαθιέρωσεν),
678 442 804 477 βουλήσει
818 441 915 469 τούτου

126 488 175 514 καὶ
200 487 298 523 γνώμῃ
323 487 392 522 πρὸς
408 488 459 523 τὴν
486 487 568 522 νῆσον
592 488 800 522 διαπεραιοῦται
817 487 851 504 ³⁸⁴
880 487 916 522 ἢν

127 533 297 568 Καλώνυμον
317 533 522 568 κικλήσκουσιν,
537 533 585 559 καὶ
608 533 639 559 τὸ
662 533 764 568 προσὸν
780 533 810 559 ἐν
829 533 917 569 ταύτῃ

126 578 261 615 πατρόθεν
270 578 421 613 κτημάτων
438 579 618 614 μοναστήριον
629 580 662 605 ὲκ
671 579 726 605 τῶν
737 578 917 612 ὑπολειφθέν-

124 634 179 652 των
205 624 371 659 δειμάμενος
384 625 418 657 ³⁸,
432 625 463 651 ὲκ
475 624 524 659 τῆς
537 624 676 659 Θεοδώρου
689 626 773 659 μονῆς
786 623 917 659 ἁθροίσας

129 673 305 708 μονάζοντας,
323 672 353 699 ὃν
366 672 568 708 Μονοχεράριον
591 673 616 699 οἱ
631 673 731 705 εἰδότες
747 674 767 689 ³⁷
782 673 917 708 ἐπονομά-

127 719 214 750 ζουσι.
228 719 316 755 Ὅσης
324 719 353 746 δὲ
364 720 465 755 ἀρετῆς
476 719 598 755 ὑπῆρχεν
612 716 689 750 οὗτος
704 719 858 751 ἀναπλεως,
869 719 917 746 καὶ

125 767 141 800 ή
154 765 281 800 δημώδης
289 766 312 781 ³⁵
324 765 419 799 σαφῶς
429 765 578 800 παρίστησι
591 765 735 801 παροιμία.
746 766 857 797 Τούτοις
866 766 916 800 τὴν

125 811 177 846 τῆς
190 811 272 846 μονῆς
284 811 448 838 δεσποτείαν
467 810 672 846 δωρησάμενος,
687 811 733 838 καὶ
745 811 791 837 τδν
806 810 916 838 πάντων

124 855 310 891 ὼκιμώτατον
322 856 464 889 ἀναδείξας
489 856 652 892 ἡγούμενον,
680 856 834 892 ἀρχέτυπον
864 857 916 883 ὺπ-

125 903 210 937 ακοῆς
223 903 281 934 τοῖς
297 902 400 934 λοιποῖς
418 902 590 937 ἔγνωρίζετο,
607 902 771 929 ταπεινώσει
787 902 836 938 μὲν
852 910 916 928 τοσ-

968 305 1045 333 Isaac
1056 305 1135 340 longe
1151 304 1312 337 saeratiore,
1328 312 1383 340 quo
1394 304 1568 340 priestantius
1582 305 1759 340 sanctiusque

968 350 1041 385 quod
1069 350 1142 377 ultro
1168 349 1219 382 fit,
1246 357 1328 384 quam
1359 349 1431 384 quod
1456 354 1555 384 praeter
1578 350 1758 383 voluntatem,

969 401 1055 430 alque
1074 395 1112 427 id,
1130 396 1203 430 quod
1221 400 1362 430 peractum
1378 401 1439 428 est,
1455 403 1488 423 eo
1510 396 1554 423 cui
1578 396 1640 423 linis
1666 396 1760 431 reique

969 442 1108 470 absolutio
1121 442 1218 470 defuit.
1233 441 1274 469 illi
1287 442 1380 477 itaque
1398 442 1565 470 monasterio
1581 450 1642 469 cum
1656 443 1760 477 praedio

968 492 1081 524 totaque
1100 489 1285 524 possessione,
1301 496 1362 524 qua:
1376 488 1546 523 amplissima
1563 493 1632 522 erat,
1645 489 1760 516 denario

967 533 1068 567 oblato,
1084 534 1144 568 ejus
1156 534 1296 561 voluntate
1309 541 1341 561 ac
1353 533 1470 561 consilio
1482 534 1514 561 ad
1530 533 1660 567 insulam,
1676 542 1758 570 quam
1780 533 1782 536 ’

966 579 1146 614 Calonyrnum
1163 584 1272 613 vocant,
1288 587 1318 607 se
1333 580 1465 613 contulit;
1483 587 1514 607 ac
1528 581 1671 615 praediolo,
1686 581 1758 616 quod

968 624 995 651 in
1011 632 1041 651 ea
1067 629 1211 659 paternum
1236 625 1353 653 habebat
1373 634 1406 653 ex
1435 627 1548 660 reliquis
1570 626 1758 661 facultatibus,

969 673 996 700 in
1015 672 1212 700 monasterium
1228 676 1378 706 exstructo,
1398 674 1535 701 monacho
1558 682 1591 701 ex
1609 672 1758 704 Theodori.

967 725 1047 752 quem
1064 717 1304 744 Monacherarium
1321 717 1452 750 vocitant,
1468 717 1567 744 accivit
1580 716 1758 744 monasterio.

967 763 1082 797 Quanta:
1099 768 1189 790 autem
1213 763 1235 790 is
1257 763 1368 790 virtutis
1385 767 1468 794 esset,
1492 763 1535 790 vel
1556 763 1628 798 vulgi
1647 770 1760 797 prover-

967 810 1042 837 bium
1058 808 1137 836 facile
1150 808 1262 836 indicat.
1280 806 1308 836 In
1321 809 1417 836 borum
1432 810 1496 844 jura
1512 809 1680 836 monasterio
1694 817 1760 836 con-

966 862 1068 886 cesso.
1091 854 1271 888 omniumque
1298 853 1497 888 probatissimo
1527 853 1657 888 przefeeto
1685 853 1760 881 illius

967 901 1129 932 constituto,
1140 900 1305 927 obedientia:
1319 900 1458 935 exemplar
1475 908 1504 927 se
1519 900 1610 935 ipsum
1622 899 1758 928 exhibuit.

125 948 193 983 αύτῃ
209 949 409 982 κοσμούμενος.
424 947 463 979 ὡς
479 947 573 982 μηδενὶ
595 947 650 973 τῶν
675 947 763 974 ἀλλων
776 947 918 983 οίκτρότη-

969 945 1056 972 1‘anta
1070 944 1218 980 praastabat
1231 944 1397 976 humilitate,
1410 949 1439 971 ut
1458 952 1539 979 supra
1559 951 1654 971 omnes
1677 945 1760 972 mise-

125 1002 166 1021 σιν
183 994 426 1029 παραϐάλλεσθαι·
442 995 557 1030 ἀσκήσει
573 994 601 1020 δὲ
616 995 663 1021 καὶ
677 993 815 1030 χαμευνίᾳ
839 994 917 1030 τηλι-

124 1040 213 1076 καύτῃ
231 1040 485 1075 περιλαμπόμενος,
505 1040 542 1072 ὡς
564 1040 748 1075 παρατρέχειν
770 1040 860 1075 πολλῷ
875 1039 916 1075 τῷ

126 1087 201 1122 μέσῳ
208 1087 274 1118 τοὺς
289 1086 426 1114 ἅπαντας.
443 1086 482 1120 Τῇ
499 1086 527 1112 δὲ
543 1085 598 1112 τῶν
609 1085 690 1112 θείων
704 1085 808 1112 Βίϐλων
821 1086 915 1121 γραφῇ

125 1132 265 1167 σχολάζων
277 1132 426 1167 ἀνημέρων
436 1132 470 1164 ³⁸,
483 1132 516 1167 ἢν
531 1131 581 1159 οὐκ
596 1132 628 1158 ὲκ
642 1131 767 1164 παιδείας
778 1131 918 1166 ἀνθρωπί-

124 1187 182 1214 νης,
193 1179 263 1206 ἀλλᾶ
278 1179 352 1214 πόνῳ
363 1179 485 1214 διηνεκεῖ
501 1178 547 1204 καὶ
558 1177 618 1213 θείᾳ
635 1177 808 1213 κτησάμενος
820 1177 915 1212 χάριτι

125 1225 248 1260 ἀκριϐῶς
263 1225 429 1260 μιτήρχετο.
442 1224 593 1259 Παννύχιον
603 1225 636 1259 τῇ
653 1224 762 1259 καθαρᾷ
775 1223 915 1258 προσευχῇ

126 1271 321 1308 πρδςΧρισ-τὺν
333 1270 461 1306 ἐκδημῶν
469 1270 514 1296 τὸν
527 1269 704 1304 ποθούμενον,
716 1270 765 1304 τὴν
774 1269 918 1305 εὐμένειαν

127 1315 267 1350 ἐφείλκετο
279 1313 375 1341 τούτου
386 1323 393 1330 ε
410 1315 457 1340 καὶ
472 1314 557 1349 Θυμὸν
566 1314 594 1340 δὲ
607 1314 679 1341 κατά
687 1314 821 1349 δαιμόνων
833 1322 917 1348 στρα-

125 1361 274 1396 τολογήσας
289 1361 337 1387 καὶ
356 1359 462 1391 παθῶν,
485 1360 560 1394 παρά
573 1362 630 1390 τοῖς
651 1361 735 1386 πᾶσιν
751 1359 825 1394 ἆπερ
841 1359 864 1375 ⁸ο
875 1367 918 1390 τις

125 1407 229 1441 Μωσῆς
251 1406 347 1440 ἔτερος
372 1406 394 1422 ⁵⁸
422 1406 579 1441 καθωρᾶτο.
610 1405 777 1441 Ἐπιθυμίαν
798 1405 827 1432 δὲ
861 1405 916 1432 τῶν

125 1453 227 1487 γηΐνων
238 1452 397 1486 ἀποστήσας
409 1453 449 1480 si:
462 1452 545 1483 ἅπαν,
564 1451 655 1486 μόνοις
670 1452 725 1483 τοῖς
738 1451 822 1483 θείοις
832 1459 918 1486 προσ-

127 1499 237 1533 έμενεν,
258 1498 372 1533 ἀνδρείᾳ
390 1498 418 1524 δὲ
451 1498 498 1524 καὶ
523 1497 656 1534 καρτερίᾳ
679 1497 726 1524 καί⁵
738 1499 771 1533 τῇ
791 1497 846 1524 τῶν
861 1497 918 1523 δει-

125 1544 178 1570 νῶν
191 1543 330 1578 ὑπεροψίᾳ
339 1543 390 1578 ὅσῃ
402 1543 610 1578 κατητλαῖζετο,
623 1544 648 1570 οἱ
662 1543 811 1570 τελευταῖοι
824 1542 919 1570 τούτου

127 1590 247 1625 μάλιστα
259 1588 425 1623 παρέδειξαν
439 1588 541 1625 χρόνοι.

161 1678 240 1705 οὕτω
251 1677 283 1713 δὴ
300 1677 394 1704 τούτου
417 1678 477 1709 ταῖς
493 1678 606 1712 ἀρεταῖς
634 1676 852 1713 ἐπακμάζοντος,
868 1679 920 1715 τὴν

124 1725 258 1760 ἐπίκηρον
279 1723 372 1759 βιοτὴν
385 1724 408 1739 ⁵⁸
428 1724 443 1750 ὁ
458 1724 508 1758 τῆς
535 1724 620 1759 μονῆς
645 1725 803 1760 προστάτης
820 1725 912 1760 ἀφεὶς.

122 1771 193 1806 ﬁgo;
205 1770 255 1806 τὴν
272 1771 385 1806 ἀγήρων
404 1770 617 1805 μετασιὸἀζεται
643 1770 730 1806 λῆξιν.
756 1771 869 1798 Πάντων
890 1771 920 1799 δὲ

124 1817 266 1854 συνδρομὴ
281 1818 325 1844 ἐπ’
336 1817 417 1844 αὑτὸν
429 1817 476 1844 καὶ
491 1818 594 1850 ἱκεσία,
608 1817 657 1844 σὺν
669 1817 786 1853 δάκρυσι
799 1817 920 1853 προστῆ-

123 1872 170 1891 ναι
183 1863 281 1890 τοῦτον
294 1863 473 1890 ἱκετευόντων
482 1863 529 1889 καὶ
542 1863 591 1898 τῆς
607 1864 742 1899 σωτηρίας
751 1863 918 1899 ἡγήσασθαι,

121 1906 162 1937 ὧν
173 1910 223 1937 καὶ
236 1909 286 1945 τὴν
301 1909 423 1944 ἐσχάτην
445 1909 523 1941 τάξιν
544 1909 657 1945 πληρῶν
670 1911 784 1945 ἀρεταῖς
809 1911 918 1944 ἐφωτα-

122 1956 212 1991 γὼγει
227 1955 339 1986 τούτους
356 1955 404 1982 καὶ
418 1955 546 1991 πράξεσι.
572 1955 642 1982 Ἀλλ’
658 1956 708 1982 οὐκ
725 1955 836 1982 ἔπειθον
850 1955 921 1990 γνώ-

125 2012 182 2038 μην
199 2003 258 2035 τοῖς
278 2003 419 2033 ταπεινοῖς
443 2001 576 2037 ἐμμένειν
598 2002 842 2037 ὲμμελετήσασαν,
872 2002 920 2029 καὶ

123 2053 188 2078 ὅσον
205 2051 292 2086 ἀρετὴ
306 2050 373 2086 προς
390 2050 456 2085 ὕψος
475 2048 527 2086 ἦγε
548 2050 698 2085 μετέωρον,
721 2050 768 2076 ἐπὶ
790 2049 920 2076 τοσοῦτον

123 2098 236 2129 τούτοις
273 2097 480 2132 φιλονεικοῦσιν
512 2095 778 2130 ἐγκαλλωπίζεσθαι.
811 2095 921 2130 Ἀμέλει

124 2145 219 2172 πάντα
236 2144 313 2180 παρά
328 2144 430 2178 φαῦλον
446 2143 571 2178 θέμενος,
586 2143 636 2177 τὴν
649 2143 747 2178 ῥάϐδον
762 2143 808 2169 ἐπὶ
825 2143 920 2178 χεῖρας

123 2191 228 2223 λαὸὼν,
245 2191 294 2218 καὶ
308 2191 340 2226 τῇ
358 2190 446 2217 ιλπίδι
463 2189 592 2224 Χριστὸν,
637 2188 681 2216 διὰ
698 2188 756 2224 βίον
779 2189 876 2223 συνέζη
896 2188 919 2204 ⁵³

125 2236 240 2268 παντὸς,
258 2236 402 2271 ἀραρότως
427 2233 664 2270 θωρακισάμενος,
682 2234 729 2260 ἐπὶ
752 2232 783 2260 τὸ
800 2233 850 2267 τῆς
873 2233 920 2259 Σι-

125 2281 244 2317 γριανῆς
259 2281 322 2316 ὅρος
340 2281 514 2314 ἀφικνεῖται·
536 2278 585 2306 καὶ
602 2279 679 2314 παρὰ
699 2286 772 2309 τινος
793 2277 919 2313 γεωργοῦ

125 2327 228 2363 χωρίον
238 2326 415 2361 ὠνησάμενος
425 2326 494 2360 ὅπερ
508 2325 642 2351 ἀνέκαθεν
660 2323 757 2358 ’Δγρὺς
765 2323 921 2356 ὠνομάζετο

126 2371 173 2408 (ἦν
187 2373 217 2399 δὲ
241 2371 319 2406 παρὰ
333 2371 465 2405 θεοφιλῶν
486 2370 687 2405 κεκομισμένος
702 2369 725 2385 ⁸⁸
748 2369 865 2402 δάνειον,
889 2369 920 2396 οὺ

125 2419 217 2455 γὰρ⁸³
233 2418 324 2453 ψυχῆς
336 2417 471 2452 ὲκέκτητό
484 2425 510 2443 τι
525 2419 573 2443 καὶ
595 2416 643 2442 τοῦ
660 2415 853 2451 περικειμένου
872 2416 922 2451 ρα-

126 2466 191 2493 κίου
200 2465 240 2500 τῷ
260 2463 391 2499 σώματι).
407 2464 495 2498 μύσας
511 2463 562 2494 τὰς
577 2462 728 2496 αἰσθήσεις,
747 2461 796 2488 καὶ
814 2461 916 2496 σαρκὸς

127 2510 185 2543 ἐξω
202 2510 249 2536 καὶ
272 2509 379 2543 κόσμου
402 2508 559 2543 γενόμενος,
575 2508 603 2533 ὲν
619 2507 694 2541 αὐτῷ
709 2506 756 2542 τὴν
773 2506 920 2541 παροικίαν

127 2558 249 2584 ὲποιείτο
261 2556 308 2583 τοῦ
325 2556 383 2591 βίου
394 2563 402 2571 ·
428 2556 461 2591 τῇ
478 2555 528 2589 μὲν
543 2553 676 2589 θεοσδότῳ
689 2554 744 2580 τῶν
758 2553 858 2588 χειρῶν
873 2553 920 2588 Ep-

126 2602 215 2637 γασίᾳ
234 2603 281 2628 ἐπὶ
297 2600 426 2628 τοσοῦτον
442 2600 652 2635 προσκείμενος,
667 2599 705 2630 ὡς
722 2598 800 2625 οὔπω
814 2607 919 2633 παριπ-

127 2649 285 2678 πεύσαντος
299 2648 397 2683 χρόνου
408 2646 555 2673 ἀποδοῦναι
576 2647 626 2681 μὲν
641 2647 697 2678 τοῖς
713 2645 879 2672 δεδανεικότι
891 2645 922 2671 τὸ

128 2694 254 2728 δφλημα,
271 2693 360 2728 ἑαυτῷ
374 2692 403 2719 δὲ
418 2693 452 2719 τὰ
466 2691 518 2725 τῆς
533 2692 628 2728 χρείας
646 2693 678 2718 ὲκ
694 2691 749 2718 τῶν
765 2691 866 2726 χειρῶν
875 2699 923 2718 πο-

130 2740 264 2776 ρίζεσῡαι.
280 2739 368 2770 Αὐτὸς
391 2738 418 2765 δὲ
445 2738 543 2765 ἑαυτοῦ
568 2738 699 2773 κρείττων
717 2737 835 2772 ἑκάστης
851 2737 926 2772 γινό-

969 991 1084 1020 rabilem
1097 998 1157 1018 sese
1169 990 1336 1025 deploraret.
1351 989 1397 1017 Sic
1413 994 1504 1017 autem
1520 990 1681 1017 austerioris
1696 991 1759 1016 vitm

966 1036 1107 1064 exercitiis
1122 1036 1240 1071 lectique
1262 1036 1364 1063 duritie
1375 1036 1508 1067 clarebat.
1520 1040 1549 1063 ut
1565 1036 1645 1070 longo
1662 1043 1758 1063 omnes

967 1088 1028 1119 post
1048 1090 1078 1110 se
1090 1083 1260 1118 relinqueret
1274 1082 1430 1110 intervallo.
1454 1081 1612 1109 Divinorum
1626 1082 1759 1109 librorum

967 1129 1110 1164 scriptioni
1133 1129 1244 1157 assidue
1266 1129 1457 1161 incumbebat,
1480 1136 1598 1164 quorum
1614 1128 1759 1156 scientiam

968 1183 1022 1202 non
1042 1175 1163 1202 humana
1187 1175 1351 1210 disciplina.
1375 1175 1423 1202 sed
1452 1174 1547 1202 labore
1570 1174 1703 1202 continuo
1733 1179 1760 1202 et

967 1221 1062 1249 divina
1075 1221 1161 1257 gratia
1176 1222 1256 1257 plene
1271 1222 1397 1249 callebat.
1412 1221 1524 1249 Noctem
1536 1222 1675 1256 precando
1690 1228 1759 1248 con-

968 1274 1091 1300 sumens,
1109 1274 1233 1302 puraque
1245 1267 1371 1294 oratione
1382 1267 1410 1294 in
1423 1267 1574 1299 Christum,
1590 1266 1671 1301 cujus
1685 1270 1760 1293 lene-

968 1312 1049 1340 batur
1064 1312 1211 1345 desiderio,
1226 1313 1372 1347 excedens,
1390 1313 1464 1341 illius
1478 1313 1530 1340 sibi
1544 1312 1759 1340 benevolentiam

969 1359 1145 1387 conciliabat.
1162 1359 1287 1393 Cumque
1303 1359 1435 1386 adversus
1466 1358 1604 1386 dmrnones
1620 1357 1761 1392 animique

969 1403 1145 1439 aegritudines
1170 1405 1305 1432 instructa
1328 1404 1369 1431 ira
1389 1408 1534 1439 pugnaret,
1560 1403 1668 1431 cunctis
1691 1403 1761 1430 lenis

970 1455 1100 1484 tanquam
1112 1450 1201 1478 Moses
1215 1451 1283 1477 alter
1299 1451 1458 1484 apparebat.
1475 1449 1576 1476 lterum
1589 1455 1760 1476 terrenarum

969 1497 1147 1532 cupiditatem
1169 1497 1210 1524 sic
1225 1496 1374 1530 abiecerat,
1394 1500 1424 1523 ut
1439 1495 1539 1523 divinis
1557 1499 1662 1522 tantum
1679 1502 1761 1521 vaca-

971 1547 1022 1570 ret.
1037 1542 1144 1576 Quanta
1165 1549 1247 1578 porro
1262 1541 1423 1569 fortitudine
1441 1541 1566 1574 eniteret,
1583 1541 1761 1574 laborumque

970 1595 1003 1615 ac
1017 1595 1203 1615 aerumnarum
1215 1586 1378 1614 sustinentia
1393 1591 1474 1620 atque
1487 1579 1657 1619 contemptu,
1670 1588 1761 1612 extre-

933 1631 954 1660 C
971 1640 1015 1660 ma
1033 1632 1121 1667 ipsius
1137 1637 1258 1666 tempora
1277 1631 1449 1666 potissimum
1466 1630 1632 1658 indicarunt.

977 1684 982 1689 ·
1008 1678 1054 1706 Sic
1082 1678 1165 1713 igitur
1192 1677 1239 1704 illo
1265 1677 1413 1704 virtutibus
1442 1676 1572 1708 florente,
1601 1674 1761 1702 monasterii

971 1724 1118 1761 praefectus
1135 1723 1170 1751 ab
1185 1724 1237 1750 hac
1252 1723 1362 1750 mortali
1384 1723 1438 1749 vita
1450 1722 1578 1750 discessit
1594 1721 1628 1749 ad
1646 1721 1762 1748 immor-

971 1771 1065 1798 talem.
1079 1769 1150 1797 Tum
1168 1770 1200 1797 ad
1227 1777 1290 1796 eum
1312 1769 1504 1796 universorum
1520 1775 1658 1795 concursu
1678 1767 1761 1799 facto,

971 1825 1033 1845 cum
1052 1816 1184 1851 lacrymis
1202 1815 1340 1850 supplices
1352 1819 1449 1850 rogant
1463 1815 1530 1849 ipsis
1547 1821 1665 1849 praeesse
1685 1813 1760 1844 velit.

970 1871 1003 1891 ac
1011 1863 1110 1891 salutis
1121 1862 1218 1889 ducem
1234 1869 1325 1896 agere.
1340 1861 1387 1895 qui
1401 1860 1442 1887 vel
1457 1865 1610 1887 extremum
1626 1858 1697 1893 apud
1714 1865 1762 1885 eos

971 1909 1062 1937 locum
1075 1912 1183 1939 tenens,
1199 1907 1350 1934 virtutibus
1360 1906 1470 1940 vitaque
1481 1905 1585 1939 agenda
1597 1904 1652 1931 illis
1665 1903 1763 1938 praelu-

971 1959 1055 1982 εει-οι.
1072 1953 1144 1980 Nihil
1161 1956 1251 1979 tamen
1268 1952 1328 1986 ejus
1339 1952 1461 1978 animum
1477 1957 1586 1978 movere
1604 1953 1761 1984 potuerunt,

971 2000 1050 2033 cujus
1071 2007 1157 2026 unum
1180 1998 1303 2026 studium
1329 2002 1404 2031 erat,
1428 2001 1459 2024 ut
1476 1996 1502 2024 in
1519 1995 1634 2031 abiectis
1651 1995 1763 2022 humilis

970 2049 1164 2081 permaneret:
1176 2053 1208 2072 ac
1221 2048 1325 2080 quanto
1337 2043 1482 2071 sublimior
1491 2043 1594 2069 virtute
1606 2041 1761 2073 lollobatur,

972 2097 1048 2119 tanto
1066 2092 1108 2119 his
1126 2091 1268 2119 honestari
1287 2090 1407 2125 amplius
1425 2089 1620 2117 contendebat.
1641 2087 1764 2122 Denique

972 2139 1071 2174 spretis
1087 2138 1232 2169 erunibus,
1248 2141 1445 2171 assumptoque
1469 2135 1497 2162 in
1518 2142 1629 2162 manum
1644 2134 1742 2162 baculo
1753 2154 1760 2166 ,

971 2192 1003 2211 ac
1015 2184 1071 2219 spei
1087 2183 1124 2216 vi,
1141 2183 1197 2215 cui,
1212 2182 1300 2217 quoad
1317 2181 1395 2215 vixit,
1411 2181 1493 2209 nixus
1509 2180 1608 2213 fuerat,
1623 2180 1762 2207 Christum

971 2238 1021 2265 pro
1037 2230 1148 2257 thorace
1173 2234 1237 2264 apte
1259 2228 1388 2260 induens,
1420 2227 1453 2254 ad
1481 2227 1615 2262 Sigrianaa
1641 2230 1762 2252 montem

971 2277 1046 2304 venit
1062 2284 1069 2303 :
1090 2279 1273 2311 coemptoque
1288 2275 1323 2302 ab
1336 2274 1457 2311 agricola
1480 2273 1621 2309 praediolo,
1637 2272 1681 2299 cui
1696 2273 1762 2299 olim

970 2325 1026 2361 jam
1040 2324 1097 2360 agri
1127 2331 1228 2352 nomen
1251 2327 1310 2351 erat
1325 2322 1342 2358 ι(
1352 2329 1449 2356 nempe
1470 2324 1565 2348 mutuo
1580 2327 1595 2346 a
1610 2318 1677 2346 viris
1695 2319 1763 2345 rell-

971 2369 1057 2405 giosis
1073 2372 1184 2403 aecepla
1202 2368 1329 2403 pecunia,
1347 2374 1409 2393 cum
1430 2370 1529 2401 praeter
1546 2365 1667 2391 animum
1683 2363 1750 2390 viles

971 2422 1026 2450 quo
1043 2421 1149 2449 pannos
1169 2413 1269 2448 quibus
1285 2412 1428 2447 tegebatur
1440 2417 1540 2445 corpus
1553 2409 1621 2436 nihil
1638 2408 1763 2444 posside-

971 2462 1036 2497 ret),
1048 2462 1150 2490 clausis
1161 2461 1432 2494 sensibua,acearne
1445 2457 1602 2493 mundoque
1617 2456 1762 2488 excedens,

970 2508 1027 2536 illic
1052 2507 1223 2535 domicilium
1247 2506 1300 2534 sibi
1325 2505 1432 2533 statuit.
1455 2505 1586 2531 Manuum
1605 2502 1709 2534 labore,
1730 2508 1763 2527 ac

969 2554 1102 2582 divinitus
1114 2560 1246 2581 concessa
1261 2552 1352 2588 operis
1368 2550 1501 2578 industria
1515 2553 1620 2576 tantum
1634 2545 1761 2582 profecit,

971 2606 999 2628 ut
1015 2601 1135 2628 nondum
1158 2600 1251 2635 elapso
1264 2606 1337 2627 anno
1350 2606 1412 2626 cum
1424 2601 1520 2624 mutuo
1532 2598 1667 2629 sumptam
1679 2598 1762 2628 pecn—

971 2648 1044 2674 niam
1066 2646 1203 2677 redderet,
1216 2649 1277 2672 tum
1295 2644 1379 2672 victui
1405 2641 1560 2671 necessaria
1577 2644 1760 2674 compararet.

971 2692 1000 2720 ln
1016 2693 1074 2720 dies
1086 2699 1178 2720 autem
1192 2699 1222 2719 se
1234 2691 1293 2726 ipso
1308 2690 1403 2718 melior
1416 2689 1545 2720 evadens,
1568 2691 1595 2713 et
1612 2693 1673 2721 qua:
1689 2689 1761 2712 retro

981 2743 1044 2766 sunt
1060 2739 1101 2773 (ut
1115 2737 1237 2773 Apostoli
1253 2737 1342 2764 verbis
1357 2734 1429 2770 utar)
1445 2733 1622 2766 obliviscens,
1638 2732 1671 2760 ad
1685 2737 1759 2760 antc-

766 2807 883 2835 VARIIE
911 2807 1118 2835 LECTIONES.

186 2864 442 2900 ³⁸’,διαπαιρεοῦται
454 2864 517 2892 Par.
556 2865 578 2881 ³⁸
590 2864 746 2900 δημάμενος
763 2864 825 2893 Par.
863 2865 884 2881 "’
903 2865 1004 2896 οἰδότες
1023 2866 1086 2892 Par.
1124 2865 1148 2881 ³⁸
1161 2863 1280 2900 amissa;
1295 2861 1417 2900 Par.__'f
1433 2860 1493 2900 καθ’
1507 2860 1682 2900 ὴμέραντιηι.
1698 2858 1756 2900 Ιζειΐ-

134 2900 200 2928 fort.
213 2901 261 2935 ὲνη

265 2894 377 2936 μέρεῖδε.
415 2900 437 2916 ⁸ο
448 2900 512 2927 fnrt.
522 2894 672 2935 Gatepnvt-l'
682 2894 819 2935 καθᾶπερ.
859 2900 880 2916 ⁸¹
894 2894 999 2936 ἓτεροςῖ
1009 2902 1090 2936 ἤπιος
1100 2908 1154 2936 mg.
1172 2894 1233 2936 Par.
1249 2894 1333 2936 male:
1368 2897 1390 2936 ξ’
1403 2894 1550 2936 βιώτηνιῖιι
1562 2895 1654 2936 statim
1663 2894 1761 2928 ἀγήρῳ

136 2936 197 2962 I’al‘.
236 2930 423 2971 ulegebatur
436 2936 554 2970 συνέρει.
593 2930 616 2952 ⁵³³
635 2930 835 2970 κεκομισμένον
852 2936 913 2963 Par.
941 2930 1056 2964 "fante
1068 2930 1167 2967 ιβιδ-(ἧς,
1186 2932 1254 2963 πλὴν
1268 2933 1309 2960 vel
1326 2930 1408 2965 me:
1422 2930 1558 2960 excidisse
1574 2930 1692 2958 videtur.
