2041 3154
274 171 310 203 35
935 166 1183 200 THEOPHANIS
1204 162 1302 195 VlTA.
1869 165 1906 197 35

274 233 328 255 tur.
349 225 388 254 Ac
401 232 467 254 sane
482 225 632 254 salutarem
646 225 963 261 accedentibusjmanum
978 226 1066 260 porri-

1120 221 1220 257 κιχρῶν
1238 221 1383 256 σωτήρων,
1408 220 1474 256 μησὶ
1493 220 1623 255 τέσσαρσι
1646 219 1691 247 τὸν
1713 221 1851 256 προσόντα
1870 225 1905 260 τῇ

275 281 352 308 gens.
378 277 476 307 quarto
499 279 593 299 mense
616 272 688 307 quod
713 272 880 300 monasterio
903 271 1064 306 suppetebat

275 318 454 349 frumentum,
471 318 610 345 modicum
627 317 704 350 illud,
725 323 755 344 ut
767 319 812 345 vix
830 318 942 346 familiae
968 317 1064 344 usibus

274 364 421 394 suilicaret,
438 363 513 398 large
528 362 697 390 eﬂ'undebat.
714 362 839 398 Cumque
863 362 991 390 minister
1007 369 1064 389 rem

274 418 345 445 aegre
360 409 463 441 ferret,
483 413 566 443 atque
595 409 661 437 illud
686 417 720 436 ne
741 409 850 436 familia:
871 409 980 444 quidem
998 408 1064 436 satis

273 463 335 483 esse
345 455 527 490 jurejurando
544 454 704 489 aﬂirmaret,
733 456 791 482 miti
810 463 877 482 voce
898 455 1063 482 frumentum

275 508 422 529 numerare
444 500 530 535 jubet.
552 500 629 533 Quod
656 501 700 528 ille
728 509 790 528 cum
812 501 939 533 fecisset,
960 500 1065 527 nullum

275 554 374 574 acervo
396 546 518 573 modium
541 547 637 574 deesse
663 547 806 582 corruperit.
832 546 934 574 Verum
958 546 1066 574 facilius

275 593 322 623 sit.
337 593 425 620 undas
436 592 521 620 maris
535 600 711 625 enumerare,
724 596 771 620 aut
784 601 849 620 cura
861 600 943 619 manu
958 592 1067 627 pelagus

275 638 406 669 dimetiri,
414 645 499 672 quam
509 645 552 664 res
560 638 650 665 abillo
659 642 750 673 gestas
759 638 934 666 admirabiles
943 638 1067 665 oratione

275 683 429 718 complecti.
444 683 628 715 Quamobrem
644 684 707 711 aliis
721 684 773 711 alia
789 684 975 719 relinquentes
989 691 1066 711 com-

277 730 455 758 memoranda
467 749 475 761 ,
493 738 554 765 qua:
570 731 609 757 rei
636 730 768 758 institutae
793 731 880 766 magis
900 732 1068 758 conveniunt

277 784 309 804 ac
327 776 463 811 praecipua
480 780 554 807 sunt,
567 783 779 810 prosequemur.

311 821 443 848 Ecclesia:
461 828 526 855 ager
543 820 624 847 bonis
640 820 768 848 omnibus
779 819 946 847 abundabat.
957 819 1024 847 Nam
1041 824 1068 847 et

278 868 360 894 rectis
376 866 508 894 institutis
524 873 647 900 sanaque
661 866 783 894 doctrina
798 866 948 894 instructus
959 870 1029 899 erat,
1043 869 1069 892 et

1118 269 1185 302 μονῇ
1211 268 1295 298 σῖτον,
1317 267 1385 302 μηδὲ
1410 267 1466 298 τοῖς
1491 265 1560 292 οἴκοι
1586 265 1735 300 δυνάμενον
1762 267 1905 301 ἐπαρκεῖν,

1116 312 1233 347 ἀφειδῶς
1261 312 1270 329 ³
1283 311 1417 346 ἐξεφόρει.
1435 310 1488 336 Τοῦ
1503 310 1531 336 δὲ
1550 310 1599 345 τὴν
1614 310 1752 337 διακονίαν
1766 310 1906 344 διέποντος

1116 359 1164 385 ἐπὶ
1174 357 1262 393 τούτῳ
1273 357 1506 392 δυσχεραίνοντος,
1523 357 1571 384 καὶ
1588 356 1655 392 μηδὲ
1669 358 1724 387 τοῖς
1741 356 1811 384 οἴκοι
1826 358 1908 385 δυνά-

1119 413 1198 439 μενον
1210 404 1334 439 διαρκεῖν
1346 402 1440 430 τοῦτον
1450 402 1654 437 ὲπομνυμένου,
1670 403 1774 438 πραείᾳ
1790 403 1813 418 ⁶⁰
1827 406 1906 439 φωνῇ

1116 449 1162 476 τὸν
1181 450 1254 476 σῖτον
1266 449 1419 484 ἀριθμῆσαι
1433 448 1632 476 διακελεύεται.
1657 448 1687 474 '0
1704 448 1733 475 δὲ
1755 448 1835 476 τοῦτο
1845 450 1908 476 δια-

1117 495 1303 531 πραξάμενος,
1321 491 1401 529 εὗρεν
1421 494 1459 525 ὡς
1477 493 1530 529 πρὸ
1551 494 1600 529 τῆς
1617 492 1776 526 διαδόσεως,
1795 495 1908 529 μηδενὸς

1118 541 1248 576 μεδίμνου
1275 540 1307 567 τὸ
1321 540 1432 567 σύνολον
1449 539 1649 574 ἐπιλείψοντος.
1670 539 1752 566 Ἀλλὰ
1772 540 1825 576 γὰρ
1843 542 1909 576 ῥᾷον

1116 585 1228 620 κύματα
1255 585 1393 620 θαλάττης
1419 584 1590 620 ἐξαριθμεῖν,
1612 584 1628 619 ἢ
1657 584 1759 620 κοτύλῃ
1792 585 1911 620 πέλαγος

1117 633 1273 668 ὲκμετρεῐν,
1290 632 1306 668 ἢ
1323 632 1373 664 τὰς
1387 632 1491 658 ἐκείνου
1507 631 1562 657 τῶν
1573 631 1720 664 θαυμάτων
1732 631 1847 666 νιφάδας
1864 633 1911 666 ἐτ-

1120 680 1234 714 κωμίων
1261 679 1350 713 λόγοις
1379 678 1550 713 περιλαῦετν.
1582 678 1682 713 Διόπερ
1707 677 1799 709 ἄλλοις
1826 678 1911 711 ἄλλας

1118 726 1265 760 ἔκφράζειν
1278 725 1368 760 ἀφεὶς,
1383 726 1430 752 ἐπὶ
1442 725 1476 752 τὰ
1494 725 1648 761 κυριώτερα
1668 725 1809 760 τοῦλόγου
1842 735 1910 761 μετ-

1119 770 1274 806 sle-500w“.

1155 818 1226 844 Πᾶσι
1249 817 1299 852 μὲν
1314 816 1360 843 οὖν
1372 816 1402 843 τὺ
1416 816 1465 850 τῆς
1486 816 1653 852 Ἐκκλησίας
1676 816 1752 852 λήϊον
1767 817 1843 853 ἤνθει
1859 827 1912 846 κα-

1120 864 1186 895 λοῖς,
1205 863 1321 898 δόγμασι
1339 863 1389 898 μὲν
1406 862 1563 897 ὀρθοδόξοις¹
1580 862 1618 894 ὡς
1634 862 1753 898 μάλιστα
1776 865 1912 899 καταρδό-

278 913 358 940 factis
371 913 584 947 congruentibus
597 911 734 939 allluebat.
749 912 790 939 Ac
800 913 908 947 quidem
919 912 1068 947 religiosis-

1122 918 1214 945 μενον,
1233 909 1378 942 ἀναλόγοις
1400 909 1427 935 δὲ
1451 908 1558 940 τούτοις
1581 909 1760 944 πιαινόμενον
1782 910 1911 946 πράξεσι.

278 960 342 987 simi
357 959 538 994 imperatores
563 959 673 994 pietatis
702 958 793 985 studio
811 958 901 992 potius
915 965 998 992 quam
1016 958 1067 984 im-

279 1006 347 1040 perii
384 1005 565 1039 amplitudine
598 1003 798 1039 gloriabantur.
834 1003 920 1030 Ροηό
955 1011 1069 1039 magnus

280 1050 401 1086 pontifex
417 1050 561 1078 sublimem
582 1050 740 1077 cathedram
764 1054 942 1083 consecutus,
960 1050 1069 1077 virtutis

278 1096 382 1123 lumina
395 1103 444 1130 per
463 1094 620 1122 universum
634 1094 729 1121 orbem
747 1099 880 1122 terrarum
892 1094 1067 1122 accendebat.

283 1141 336 1174 Qui
363 1145 455 1168 autem
482 1140 534 1167 sub
559 1147 591 1166 eo
617 1144 695 1167 erant
709 1140 855 1173 antistites,
882 1147 948 1167 suos
967 1140 1069 1175 quique

280 1194 376 1222 greges
403 1186 463 1213 sine
480 1180 695 1221 reprehensione
718 1191 793 1213 tutos
814 1186 841 1213 in
859 1191 954 1221 portus
971 1186 1070 1221 perdu-

282 1232 391 1260 cebant.
416 1231 646 1259 Monasterierum
669 1232 786 1267 denique
811 1232 950 1267 praesides,
970 1232 1069 1267 quibus

281 1282 413 1312 tanquam
429 1278 469 1305 sol
486 1277 668 1305 nitidissimus
690 1278 867 1305 admirandus
884 1278 928 1306 hic
944 1279 985 1306 \‘ir
1001 1286 1070 1314 prtu-

280 1323 400 1356 lucebat,
420 1324 491 1351 viam
511 1324 538 1351 in
565 1325 664 1351 cadum
678 1324 822 1352 ducentem
845 1325 974 1352 docentes
988 1324 1070 1352 disci-

282 1368 373 1402 pulos,
395 1368 498 1395 nudttm
515 1368 614 1403 opibus
628 1376 703 1402 eum,
724 1369 768 1404 qui
792 1369 862 1397 male
884 1370 960 1404 prius
982 1369 1070 1397 domi—

281 1418 363 1441 natus
395 1418 478 1445 esset,
512 1414 639 1448 religiosa
670 1408 843 1442 abdicatione
870 1415 1069 1443 monstrabant.

281 1458 335 1486 Sed
362 1459 470 1487 invidus
501 1467 614 1494 serpens
630 1459 782 1487 Ecclesiam
806 1466 860 1487 tam
878 1461 973 1488 multis
990 1460 1069 1489 bonis

282 1505 423 1532 florentem
446 1505 538 1532 videre
554 1513 608 1532 non
631 1510 746 1540 poterat,
766 1514 854 1540 exque
872 1507 959 1541 plebis
975 1514 1071 1540 pecca-

282 1551 317 1578 tis
337 1551 511 1578 occasionem
528 1551 673 1585 arripiens,
693 1551 728 1577 ita
744 1551 917 1585 permittente
936 1551 1002 1584 Deo,
1021 1550 1071 1578 Ec-

1120 956 1176 982 Καὶ
1189 955 1310 990 βασιλεῖς
1322 955 1371 991 μὲν
1385 954 1521 989 θεοφιλεῖς
1531 955 1638 987 τούτοις
1652 956 1685 988 ⁶¹,
1699 956 1715 990 ἢ
1729 955 1768 991 τῷ
1783 956 1912 991 προσόντι

1119 1001 1169 1037 τῆς
1184 1001 1326 1036 βασιλείας
1343 1001 1419 1036 ὄγκῳ
1435 1001 1687 1037 μεγαλαυχούμενοι
1710 1001 1892 1030 διεδείκνυντο
1902 1011 1912 1020 ο

1119 1047 1266 1082 ἀρχιερεὺς
1289 1047 1317 1073 δὲ
1333 1048 1346 1072 ὀ
1362 1046 1448 1082 μέγας
1468 1046 1490 1062 ⁹²
1509 1047 1560 1081 τῆς
1577 1045 1684 1081 ὑψηλῆς
1711 1046 1913 1082 ἐπειλημμένος

1120 1092 1264 1128 καθέδρας,
1279 1092 1329 1124 τὰς
1353 1092 1404 1126 τῆς
1417 1091 1519 1127 ἀρετῆς
1536 1091 1715 1127 λαμπηδόνας
1734 1094 1785 1128 γῆν
1798 1093 1845 1119 ὲπὶ
1862 1093 1913 1120 πᾶ-

1120 1146 1180 1167 σαν.
1192 1137 1260 1173 ὅσην
1272 1137 1349 1172 ἥλιος
1364 1138 1461 1173 ἐφορᾷ,
1476 1137 1656 1173 διεπύρσευεν
1669 1137 1707 1154 ³³η
1725 1139 1749 1165 οί
1766 1138 1788 1164 δ’
1804 1138 1849 1165 ὑπ’
1860 1139 1912 1165 αὖ·

1119 1183 1166 1210 τὸν
1180 1183 1324 1216 τελοῦντες
1339 1184 1480 1219 ἀρχιερεῖς
1498 1184 1652 1220 ἀμέμπτως
1668 1183 1719 1219 τὴν
1729 1184 1834 1211 οἰκείαν
1845 1184 1913 1210 ἔκα-

1120 1237 1182 1261 στος
1213 1230 1332 1265 ποίμνην
1360 1229 1442 1257 οίονεί
1460 1238 1521 1260 τινα
1547 1230 1648 1257 ὁλκάδα
1671 1230 1740 1266 πρὸς
1765 1230 1912 1266 γαληνίους

1119 1275 1234 1310 λιμᾶνας
1245 1275 1438 1311 ἐπηδαλιούχει
1449 1283 1456 1291 ’
1473 1277 1498 1303 οί
1523 1275 1553 1303 δὲ
1567 1276 1623 1302 τῶν
1645 1269 1779 1311 σεμνείων
1793 1276 1913 1312 προστά-

1119 1330 1177 1353 ται,
1193 1319 1232 1348 ὧν
1243 1322 1441 1357 πρωτοστάτης
1452 1321 1559 1358 ὑπῆρχε
1571 1323 1618 1348 καὶ
1628 1322 1824 1357 καθαρώτατος
1837 1322 1914 1357 ἥλιος

1120 1368 1135 1394 ὸ
1160 1367 1324 1404 θαυμάσιος,
1347 1367 1397 1402 τὴν
1418 1368 1448 1398 ἐς
1471 1367 1587 1402 οὐρανὸν
1609 1367 1746 1402 φέρουσαν
1773 1368 1837 1398 τοὺς
1865 1367 1913 1394 ὑπ’

1121 1414 1214 1445 αὐτοῖς
1243 1413 1448 1443 ἐκδιδάσκοντες
1479 1411 1593 1447 τρίϐον,
1627 1412 1731 1447 γυμνὸν
1765 1413 1914 1447 κτημάτων

1121 1460 1257 1487 ἐδείκνυον
1271 1459 1317 1485 τὸν
1332 1458 1466 1493 πρότερον
1483 1458 1576 1489 κακῶς
1590 1458 1820 1485 δυναστεύσαντα.
1844 1459 1913 1485 Ἀλλ’

1120 1505 1170 1532 οὐκ
1183 1506 1298 1540 ἡνεγκεν
1311 1506 1377 1541 ὁρᾷν
1394 1504 1455 1538 Βιεις
1467 1505 1482 1530 ὀ
1492 1503 1627 1539 βάσκανος
1648 1504 1817 1539 τηλικούττιις
1831 1506 1914 1532 ἐπαν-

1122 1551 1178 1578 θεῖν
1201 1551 1250 1587 τὴν
1281 1550 1444 1585 Ἐκκλησίαν
1466 1549 1571 1582 καλοῖς,
1604 1550 1654 1585 τὴν
1684 1550 1711 1577 δὲ
1725 1551 1780 1577 τῶν
1808 1551 1914 1578 πολλῶν

281 1596 373 1624 etesia:
407 1584 639 1630 pulchritudinem
669 1584 827 1631 pervertere
857 1604 1002 1631 aggressus
1016 1601 1068 1625 cst.

1123 1584 1263 1633 ἁμαρτίαν
1284 1584 1415 1632 συνερνὺν
1432 1584 1676 1632 προσκτησάμενος
1693 1597 1726 1627 ⁸⁸,
1743 1598 1916 1631 συγχωρήσει

283 1639 385 1668 Verum
409 1648 473 1668 cum
498 1642 613 1675 propria:
632 1641 819 1675 perversitatis
836 1642 991 1669 ministrum
1011 1641 1070 1669 ido-

283 1693 366 1713 neum
387 1690 534 1720 quaereret,
551 1688 682 1721 aptiorem
701 1687 816 1719 invenit,
832 1695 914 1722 quam
935 1688 1047 1722 optabat
1062 1695 1070 1714 :

283 1730 414 1763 Leonem,
439 1731 563 1766 inquam,
588 1732 814 1760 scelestissimutn
845 1733 995 1766 hominem,
1023 1733 1071 1768 qui

284 1777 320 1804 ab
349 1776 488 1804 Armeniis
508 1781 535 1804 et
556 1777 675 1813 Assyriis
703 1786 788 1813 genus
815 1778 929 1813 ducens,
957 1779 1071 1807 alterius

288 1822 378 1856 gentis
409 1821 488 1849 dolos
511 1829 543 1849 ac
568 1822 770 1855 morositatem,
797 1823 911 1851 alterius
936 1824 1071 1852 feritatem

287 1867 409 1895 numeris
426 1868 555 1895 omnibus
572 1868 698 1896 absoluta
712 1869 866 1897 imitatione
876 1874 1049 1904 expresserat
1063 1878 1069 1897 :

285 1913 342 1940 imo
366 1921 431 1941 vero
456 1913 537 1949 longo
562 1922 609 1942 eos
634 1914 780 1942 intervallo
802 1922 945 1950 superans,
965 1914 1073 1943 feritate

285 1959 375 1993 dolos,
408 1959 478 1987 dolis
503 1959 639 1988 feritatem
666 1961 793 1988 vincebat
810 1961 864 1989 :ad
886 1961 1072 1988 mentiendum

285 2011 438 2041 promptus,
464 2011 490 2033 et
514 2006 548 2033 ad
571 2007 791 2041 persuadendum
812 2015 855 2041 ea,
876 2015 938 2040 quae
961 2007 1074 2035 mentie-

285 2051 376 2083 batur,
399 2051 569 2085 aptissimus.
592 2051 699 2078 Fraude
715 2052 776 2079 loco
801 2052 910 2079 virtutis
935 2052 1071 2085 utebatur,

285 2104 402 2130 eamque
423 2097 556 2123 adversus
576 2097 818 2131 coniunctissimos
842 2098 996 2126 exercebat.
1023 2097 1072 2126 llic

286 2142 313 2168 in
342 2142 485 2174 blandum,
515 2149 548 2169 ac
570 2143 616 2177 qui
634 2143 750 2170 multum
769 2143 795 2170 ei
811 2143 924 2171 honoris
940 2144 1073 2171 habuerat

286 2187 476 2222 imperatorem
511 2196 692 2224 consurgens,
729 2189 934 2216 ornatissimum
964 2197 996 2218 ac
1026 2191 1072 2225 qui

1121 1643 1182 1678 θείᾳ
1196 1643 1228 1670 τὺ
1248 1642 1352 1677 ταύτης
1368 1643 1466 1673 κάλλος
1487 1642 1708 1677 ὲπιλυμήνασοαι
1730 1642 1914 1670 διανίσταται.

1123 1688 1226 1724 Ἀνδρα
1240 1687 1307 1722 γοῦν
1320 1687 1457 1723 ἐπιζητῶν
1475 1687 1526 1723 τῆς
1541 1687 1609 1719 ἰδίας
1629 1687 1790 1723 σκαιότητος
1805 1688 1916 1722 ἁπάσης

1122 1733 1287 1770 χωρητικὸν,
1302 1734 1460 1769 ἑφευρίσκει
1473 1732 1556 1760 πλέον
1572 1733 1588 1768 ἢ
1602 1732 1743 1759 ἐϐούλετο·
1755 1733 1857 1760 Λέοντα
1868 1733 1915 1760 τὸν

1118 1779 1276 1814 ¹ἐξάγιστον,
1297 1779 1327 1811 ὃς
1350 1779 1504 1815 Ἀρμενίοις
1518 1787 1549 1805 τε
1570 1779 1617 1806 καὶ
1642 1779 1794 1814 Ἀσσυρίοις
1813 1780 1916 1807 ἐπανα-

1122 1826 1214 1860 φέρων
1232 1825 1264 1852 τδ
1278 1826 1366 1860 γένος,
1391 1825 1446 1851 τῶν
1463 1825 1513 1861 μὲν
1536 1824 1662 1852 ἐπλούτει
1685 1825 1714 1852 τὸ
1733 1824 1847 1852 ὕπουλον
1868 1826 1916 1852 καὶ

1122 1871 1270 1907 κακόηθες,
1287 1871 1342 1898 τῶν
1358 1871 1387 1899 δὲ
1402 1871 1433 1897 τὸ
1447 1871 1580 1906 θηριῶδες
1596 1872 1636 1903 είς
1651 1871 1724 1898 ἅπαν
1740 1871 1915 1906 ἐκμιμούμε-

1122 1924 1179 1949 νος,
1201 1917 1301 1952 μᾶλλον
1319 1917 1368 1953 μὲν
1383 1916 1430 1943 οὖν
1449 1916 1546 1952 μακρῷ
1559 1916 1599 1951 τῷ
1617 1917 1690 1951 μέσῳ
1707 1916 1820 1948 τούτους
1833 1916 1916 1951 ὑπερ·

1123 1962 1304 1998 ϐαλλόμενος,
1335 1962 1467 1998 θηριωδίᾳ
1484 1961 1507 1978 ⁸⁸
1525 1962 1574 1997 μὲν
1597 1961 1706 1994 ἐξενίκα
1735 1962 1766 1988 τὺ
1787 1961 1915 1994 ὕπουλον,

1123 2008 1287 2044 ὑπουλότητι
1300 2009 1327 2036 δὲ
1343 2008 1374 2035 τὸ
1385 2008 1519 2044 θηριῶδες
1537 2007 1708 2044 παρέτρεχεν
1719 2015 1726 2022 '
1743 2007 1851 2042 ἕτοιμος
1865 2008 1914 2042 μὲν

1121 2054 1286 2089 ψεύσασθαι,
1298 2054 1385 2086 δεινὸς
1400 2054 1421 2081 δ⁴
1432 2054 1568 2081 ἐπιθεῖναι
1578 2055 1600 2070 ⁶⁶
1610 2054 1703 2080 πίστιν
1716 2055 1771 2084 τοῖς
1783 2053 1917 2088 ἐψευσμέ-

1121 2108 1189 2132 νοις,
1204 2100 1305 2136 ἀρετὴν
1317 2100 1471 2136 ἡγούμενος
1485 2100 1536 2134 τὴν
1545 2099 1665 2134 ἀπάτην,
1683 2099 1730 2126 καὶ
1745 2099 1830 2136 ταύτῃ
1845 2099 1918 2125 κατὰ

1120 2145 1178 2172 τῶν
1207 2145 1383 2172 οίκειοτάτων
1404 2144 1561 2180 χρώμενος·
1587 2143 1617 2175 ὃς
1640 2143 1692 2178 τῆς
1720 2143 1854 2178 μειλιχίου
1870 2144 1918 2170 καὶ

1123 2191 1209 2218 πολλὰ
1234 2191 1390 2227 τιμησάσης
1414 2189 1621 2223 κατεξαναστὰς
1646 2189 1795 2225 βασιλείας,
1820 2189 1917 2222 ἐξωθεῖ

287 2241 425 2268 nunquam
453 2235 560 2262 occidat
587 2235 715 2263 Ecclesiae
740 2236 827 2263 solem
848 2236 933 2271 ejicit,
959 2244 991 2264 ac
1008 2244 1069 2264 cum

1125 2238 1175 2273 μὲν
1184 2238 1233 2273 τῆς
1251 2237 1416 2272 Ἐκκλησίας
1426 2236 1471 2263 τὸν
1482 2235 1655 2271 παγκόσμιον
1667 2237 1715 2263 καὶ
1723 2236 1820 2263 άδυτον
1830 2235 1917 2271 ἥλιον,

287 2279 332 2306 illo
345 2287 441 2308 omnes
457 2279 514 2308 fere
532 2281 660 2308 exturbat
672 2282 818 2309 antistites.
836 2281 912 2310 Hanc
929 2283 1021 2318 itaque
1037 2283 1072 2310 ab

285 2327 418 2361 apostolis
443 2334 491 2361 per
514 2335 612 2355 manus
630 2329 758 2356 traditam
779 2328 978 2356 institutionem
995 2337 1072 2364 sper-

284 2378 364 2402 nens,
388 2370 486 2399 divinai
513 2373 605 2400 carnis
628 2373 729 2400 Christi
746 2375 892 2409 imaginem
909 2375 1046 2402 exscindit
1063 2383 1071 2408 ;

285 2417 413 2452 idemque
433 2418 459 2444 in
482 2417 577 2446 Matris
605 2419 666 2454 ejus
681 2427 714 2447 ac
728 2425 886 2447 sanctorum
903 2421 1072 2448 venerandas

286 2463 421 2498 imagines
446 2465 594 2492 committit
609 2474 616 2499 ;
637 2474 670 2493 ac
695 2465 823 2494 Ecclesia
838 2467 977 2501 graviores
992 2467 1071 2501 longe

283 2509 453 2546 Egyptiacis
466 2512 701 2548 densissimasque
722 2513 849 2540 tenebras
860 2513 986 2540 offundit.
1003 2513 1073 2540 Hinc

283 2559 463 2590 tyrannorum
479 2564 549 2590 quos
565 2557 626 2584 tulit
643 2557 782 2591 gentilitas
799 2558 933 2585 violentiae
953 2559 1070 2593 patrima

282 2604 371 2627 astam
387 2601 554 2634 admiscens,
567 2609 600 2630 ac
611 2606 730 2630 veterem
743 2603 818 2630 illurn
831 2602 980 2638 Rapsacem
995 2603 1008 2623 δ
1025 2611 1072 2631 su-

321 2675 334 2694 ¹ο
347 2675 399 2703 Isa.
416 2685 512 2710 xxxvr,
531 2676 559 2704 2.

1125 2283 1272 2317 συνεξωθεῖ
1285 2283 1313 2310 δὲ
1329 2283 1416 2319 toti-rip
1430 2283 1486 2310 τῶν
1501 2283 1653 2318 ἀρχιερέων
1669 2283 1769 2318 μικροῦ
1785 2282 1839 2309 δεῖν
1853 2282 1917 2314 τοὺς

1125 2330 1264 2361 ἅπαντας·
1289 2329 1336 2355 καὶ
1356 2328 1406 2365 τὴν
1421 2328 1552 2356 ἀνέκαθεν
1576 2328 1607 2362 ἐξ
1631 2329 1789 2356 ἀποστόλων
1815 2327 1918 2362 ταύτην

1124 2375 1277 2410 παράδοσιν
1301 2375 1368 2410 παρ’
1389 2375 1464 2402 οὐδὲν
1488 2376 1674 2411 ἡγησάμενος,
1703 2375 1841 2410 ἐξορύττει
1867 2375 1918 2409 μὲν

1123 2422 1244 2458 Χριστοῦ
1260 2422 1310 2458 τῆς
1332 2422 1408 2454 θείας
1426 2422 1528 2458 σαρκὸς
1544 2421 1575 2449 τὸ
1595 2422 1738 2457 ὁμοίωμα·
1757 2421 1918 2456 συνεξορύτ-

1123 2478 1166 2496 τει
1182 2470 1211 2496 δὲ
1225 2469 1275 2505 τῆς
1289 2469 1386 2496 τούτου
1406 2470 1518 2504 Μητρὸς
1533 2469 1580 2495 καὶ
1602 2470 1711 2496 πάντων
1725 2469 1780 2495 τῶν
1793 2468 1815 2484 ⁸⁷
1832 2467 1918 2502 ἁγίων

1125 2516 1159 2542 τὰ
1176 2515 1264 2541 σεπτὰ
1277 2515 1467 2551 είκονίσματα,
1480 2515 1526 2541 καὶ
1540 2515 1589 2549 τὴν
1608 2514 1772 2549 Ἐκκλησίαν
1793 2515 1917 2550 ψηλαφηο

1125 2561 1172 2587 τοῦ
1185 2555 1299 2593 σκύτους
1314 2561 1502 2597 ἐμπίμπλησι,
1519 2561 1610 2596 πολλῷ
1621 2561 1668 2588 τοῦ
1681 2561 1746 2596 παρ’
1760 2560 1918 2595 Δίγυπτίοις

1125 2606 1327 2642 χαλεπωτέρου.
1356 2607 1496 2633 Ἐντεῦθεν
1511 2607 1544 2642 τῇ
1561 2606 1704 2643 Ἑλληνικῇ
1723 2607 1767 2643 βίᾳ
1789 2607 1837 2636 τὴν
1854 2614 1917 2642 προ·

919 2746 1037 2774 νλιιιλε
1066 2747 1270 2777 LECTIONES.

333 2815 354 2830 "
372 2814 488 2849 ὰφοιδῶς
515 2815 578 2844 Par.

285 2848 380 2886 cabus.
398 2848 473 2878 'l’ar.
497 2859 551 2886 ing.

629 2816 859 2858 ἐπρετείᾳιΡιιτ.
897 2819 919 2834 ⁶¹
940 2825 1000 2858 ρίιδι
1015 2819 1124 2858 τούτοις
1143 2820 1381 2858 fortasseexcidit
1398 2823 1509 2858 μᾶλλον.

343 2857 380 2890 us.
397 2847 473 2893 Ἰξοτ.
497 2859 551 2886 ing.
645 2852 674 2879 8.
689 2847 864 2893 ἰνίσερΙιοι-ιη
890 2847 1043 2893 patriarcqu
1055 2863 1075 2893 _:
1100 2847 1151 2883 uin
1169 2847 1291 2893 Il
1553 2865 1580 2886 ut

285 2886 404 2912 bur-iam.
422 2886 482 2913 l'ar.
504 2894 558 2922 mg.
601 2886 895 2925 ’σπροστητῄσάμενοέ
915 2890 976 2918 l’ar.
1014 2892 1036 2906 ’⁵³
1053 2891 1184 2926 θηριωδία
1203 2892 1266 2920 Par.
1305 2886 1539 2930 ⁶⁸ὶπιοῖξναιιδιιίκ

1561 2824 1584 2840 ⁹¹
1594 2822 1696 2859 Nempe
1709 2822 1824 2851 Micharl
1844 2823 1917 2852 Ran-

1586 2895 1607 2911 "
1624 2891 1677 2921 τῶν
1692 2901 1747 2921 om.
1765 2891 1827 2920 Par.
