2041 3154
150 186 184 218 37
813 179 1057 211 'rnsommms
1072 179 1168 210 Vi'l‘A.
1749 160 1793 215 κε’

151 242 264 278 γονικὴν
278 241 415 277 ἀναμίξας
427 239 568 272 ἀπόνοιαν,
584 238 674 266 ὲλὰλει
689 237 738 273 μὲν
753 237 792 269 είς
807 237 874 273 ὕψος
885 237 945 263 ἀνο-

997 243 1107 268 perans,
1124 235 1297 270 Iniquitatem
1314 234 1341 262 in
1357 234 1475 263 sublime
1501 235 1663 271 loquebatur
1679 247 1687 271 ;
1702 243 1729 266 et
1743 239 1784 267 ci-

153 289 219 324 μΐαν
233 287 280 315 τδν
291 287 408 314 παλαιὸν
419 287 523 313 ἐκεῖνον
540 285 681 320 Ῥαψάκην
694 283 942 319 ὑπερὸαλλόμενος·

150 335 200 370 τὴν
215 334 294 361 πόλιν
318 333 347 360 δὲ
371 331 453 364 Θεοῦ,
467 332 519 367 τὴν
541 331 706 366 Ἐκκλησίαν
729 330 812 365 φημὶ,
837 330 946 362 πολλοῖς

152 380 311 407 κατασείειν
322 378 461 414 ἐπεχείρει
476 378 533 409 τοῖς
545 379 734 413 μηχανήμασι.
751 376 876 404 Πολιτεία
895 376 945 411 μὲν

150 422 198 452 οὗν
215 423 298 455 εὐθὺς
313 423 409 451 ἃπασα
423 422 463 457 τῷ
477 423 527 458 τῆς
539 423 644 449 ἐκείνου
657 421 718 457 βίας
737 421 866 456 ὲναυάγει
880 421 945 448 κλύ-

151 472 226 502 δωνι,
245 470 309 505 μηδ’
331 469 470 504 ἀντισχεῖν
493 468 698 504 ὲγχειρήσασα·
713 468 738 495 οἱ
760 467 789 494 δὲ
817 467 857 503 τῷ
883 467 944 502 ὕψει

151 516 207 544 τῶν
232 515 339 551 ἀρετῶν
358 513 595 551 χειραγωγοῦντες
612 514 676 545 τοὺς
699 513 797 545 ἄλλους
821 513 890 548 πρὸς
910 513 945 540 τὰ

152 563 278 598 ορράνια,
305 563 363 594 τοῖς
387 562 435 597 τῆς
460 560 595 596 πονηρίας
619 560 723 587 ἐκείνου
748 558 944 595 παρεσύρησαν

151 597 270 644 κύμασι,
288 609 313 635 εί
327 608 374 635 καὶ
387 607 556 643 μεταμελείᾳ
567 606 616 640 τὴν
630 604 715 642 ἧτταν
729 604 927 639 ἀνεκαλέσαντο
936 613 943 620 ·

151 655 178 681 οι
192 654 221 680 δὲ
236 654 291 680 τῶν
320 654 367 680 ἐπὶ
383 652 509 688 γῆς,καὶ
534 652 641 680 ἑαυτῶν
666 651 875 686 ἀφειδήσαντες,
899 649 945 677 καὶ

151 700 260 735 φρενῶν
273 699 402 734 ἀγχινοίᾳ
417 699 467 735 τὴν
484 699 618 734 πονηρίαν
636 697 842 732 ἐκνικήσαντες,
857 696 882 723 οἱ
895 695 945 731 μὲν

153 745 226 780 λιμῷ
249 744 501 780 προσεκαρτέρουν,
523 744 547 770 οί
562 743 589 770 δὲ
612 742 723 778 μάστιξι
744 741 865 777 ἀνηλεῶς
881 741 945 777 ᾐκί-

154 790 243 822 (om,
261 790 317 816 ἐσθ’
329 790 374 816 ὅτε
388 789 437 816 καὶ
449 790 527 816 νυκτὶ
547 788 668 824 Θαλάττῃ
681 786 945 823 παραπεμπόμενοι.

190 836 256 862 Τότε
273 836 317 871 δὴ,
342 835 405 862 τότε
420 835 488 871 πρὸς
509 835 587 861 πόλιν
603 833 726 861 καλεῖται
739 834 789 860 καὶ
810 833 824 859 ὸ
839 833 946 867 θαυμά-

154 890 222 913 σιος,
240 881 270 907 οὐ
295 882 444 916 τυραννικῇ
462 881 509 907 καὶ
530 880 607 915 βιαίᾳ
632 879 714 914 χειρὶ,
729 879 796 906 ἀλλὰ
812 879 945 910 θωπείαις

153 928 213 958 ταῖς
224 927 255 959 ἑξ
266 915 345 958 ἔθους
369 915 450 962 δῆθεν
467 925 718 962 ἑκμαλασσόμενος.
737 924 806 951 Κατ’
819 924 943 960 ⁴ἐχθρῶν,
960 915 981 943 Β

154 973 246 1008 φησιν,
269 972 432 1008 ἐκστρατεία
461 980 506 1007 μοι
538 971 664 1008 παρέστη
679 970 712 1005 ⁸⁸,
728 971 776 998 καὶ
801 971 861 998 δέον
882 973 943 1004 ταῖς

152 1020 246 1054 εὐχαῖς
262 1018 480 1046 καθοπλισθέντα
492 1018 637 1054 πρότερον,
650 1017 722 1044 οὑτω
739 1017 874 1053 συμμῖξαι
887 1020 943 1049 τοῖς

154 1063 307 1100 πολεμίοις.
331 1064 360 1090 '0
376 1064 404 1091 δὲ
419 1064 450 1090 τὸ
471 1064 528 1091 τῶν
546 1064 656 1098 ¹τρόπων
675 1062 811 1098 κακόηθες
831 1063 944 1090 ἐπιστά-

154 1118 245 1144 μενος,
258 1107 351 1145 νεφρῷ
371 1109 544 1144 πολυχρονίῳ
567 1109 616 1135 καὶ
631 1108 761 1144 δυσουρίᾳ
778 1108 944 1143 τρυχόμενος

153 1154 269 1190 (ὁργανα
292 1154 347 1190 γὰρ
373 1154 417 1182 διὰ
433 1154 481 1181 τοῦ
503 1153 621 1189 φυσικοῦ
643 1154 779 1189 ὑπονόμου
799 1155 832 1189 τῇ
856 1154 943 1190 κύστη

153 1202 415 1238 παραπεμπόμενα,
435 1202 484 1230 καὶ
508 1201 573 1233 τοὺς
600 1201 779 1236 ἐγκειμένους
802 1201 831 1227 ἐν
857 1200 943 1237 ταύτῃ

152 1247 354 1282 διαθρύπτοντα
368 1246 470 1279 λίθους,
490 1247 547 1278 τοῖς
559 1247 637 1278 ἐκτὸς
652 1246 875 1281 παρεπέμποντο,
893 1246 942 1281 τὴν

155 1293 244 1326 εξοδον
258 1293 298 1329 τῷ
321 1292 399 1328 ὑγρῷ
417 1291 617 1328 περιττώματι,
633 1291 671 1323 ὡς
691 1291 813 1324 δυνατὸν,
837 1291 944 1319 ἀκώλυ-

154 1347 201 1365 τον
226 1338 414 1375 μηχανώμενα
431 1339 465 1374 ")
478 1346 484 1353 '
507 1338 613 1370 τούτοις
633 1336 680 1365 οὖν
709 1338 874 1374 τρυχόμενος
896 1338 944 1366 καὶ

154 1385 286 1420 κλινήρης
301 1384 346 1411 διὰ
355 1384 414 1419 βίου
427 1384 560 1420 ὑπάρχων
571 1385 677 1420 ἀκατίῳ
697 1384 862 1419 περαιωθεὶς
875 1384 944 1420 πρὸς

153 1430 204 1466 τὴν
222 1430 348 1466 βασιλίδα
363 1430 441 1457 πόλιν
467 1430 709 1466 ὲγκαθορμίζεται.
723 1430 809 1457 Τοῦτο
829 1431 863 1465 δὴ
889 1439 943 1466 μοι·

154 1474 209 1502 θὼν
225 1475 240 1501 ὁ
250 1474 407 1508 ἐξάγιστος,
421 1475 511 1502 τοιάδε
524 1476 613 1512 τούτῳ
627 1477 672 1503 διὰ
685 1484 758 1508 τινος
774 1476 827 1502 τῶν
844 1476 943 1503 οἰκειο-

152 1521 242 1548 τάτων
252 1521 327 1556 δηλοῖ
335 1520 385 1557 (είς
398 1520 459 1556 ὂψιν
472 1521 526 1557 γὰρ
536 1522 661 1556 ἀγαγεῖν,
676 1522 706 1548 τὸ
716 1522 839 1557 στερρὸν,
852 1519 941 1556 οἶμαι,

152 1565 199 1592 τοῦ
211 1566 307 1600 ἀνδρὸς
323 1566 562 1602 διενθυμούμενος,
574 1567 705 1602 ἠρυθρία)
716 1575 724 1583 ο
741 1568 771 1594 Εἰ
784 1567 834 1602 μὲν
847 1567 943 1604 πειθή-
958 1591 980 1620 c

153 1619 209 1642 νιος
231 1611 311 1646 ἥκεις
325 1612 385 1642 ταῖς
407 1612 487 1646 ἐμαῖς
510 1612 627 1644 ἱκεσίαις
653 1612 786 1648 (χρηστὰς
809 1613 864 1648 γὰρ
880 1613 945 1648 ἡμῖν

153 1656 265 1688 ἐλπίδας
287 1658 317 1683 τὸ
335 1657 381 1683 σὺν
395 1657 530 1693 προσηνὲς
555 1657 714 1693 ἐντίθησιν),
735 1657 790 1684 ἴσθι
809 1658 945 1685 τοσούτων

153 1703 372 1729 καταπολαύσων
385 1703 408 1718 "°
423 1703 521 1736 καλῶν,
534 1704 596 1730 ὅσον
608 1703 681 1736 εἰκὸς
691 1703 874 1731 ἐπαπολαύειν
883 1705 945 1737 τοὺς

153 1748 201 1783 τῆς
211 1748 316 1779 οἰκείας
328 1748 492 1783 φιλονεικίας
509 1748 652 1784 βασιλικὴν
669 1748 822 1785 συμῦουλὴν
833 1750 879 1776 καὶ
893 1758 946 1777 πα-

154 1793 289 1829 ράκλησιν
299 1794 476 1828 ποιουμένους
488 1794 655 1830 ἐπίπροσθεν
667 1802 674 1810 ·
690 1794 740 1830 τῆς
756 1803 785 1821 τε
801 1795 850 1830 σῆς
860 1795 945 1830 μονῆς

154 1839 293 1871 παντοίοις
316 1839 497 1875 ὲξαιρομινης
521 1841 684 1875 χαρίσματι,
703 1841 750 1867 καὶ
771 1840 826 1867 τῶν
847 1849 945 1876 συγγε-

154 1883 208 1910 νῶν
222 1883 306 1918 τιμῆς
328 1884 461 1919 μεγίστης
477 1883 524 1911 καὶ
545 1884 704 1920 παρρησίας
720 1885 890 1920 ἠξιωμένων,
912 1887 945 1913 τὰ

153 1929 252 1964 πρῶτα
266 1928 317 1964 τῆς
341 1929 414 1966 ἐμῆς
435 1929 527 1965 φιλίας
550 1929 636 1962 οἴσεις
659 1930 707 1958 καὶ
730 1931 903 1967 παρῤησίας’
920 1932 945 1959 εί

153 1974 192 2008 δὲ,
205 1974 221 2001 ὃ
243 1975 311 2010 μηδὲ
329 1975 490 2010 λογίσασθαι
509 1975 599 2011 Θέμις,
623 1976 674 2012 τὴν
694 1977 798 2004 οἰκείαν
814 1978 872 2011 ἔριν
895 1978 945 2011 τῆς

153 2021 224 2056 ἐμῆς
244 2020 348 2053 ἱκεσίας
365 2021 616 2057 προτιμησάμενος,
643 2023 800 2059 ὑπερόπτης
820 2023 870 2058 μὲν
895 2023 945 2058 τῆς

154 2066 226 2102 ὲμῆς
243 2067 398 2103 συμϐουλῆς
414 2068 449 2100 τί,
466 2067 623 2104 ὑπερόπτης
646 2069 674 2095 δὲ
690 2069 743 2096 τῶν
767 2069 943 2105 προτεινομέ-

152 2121 208 2140 νων
225 2113 328 2149 γενήσῃ
342 2113 445 2145 καλῶν,
463 2113 537 2140 ἄκων
550 2114 771 2150 διαπραξάμενος
786 2116 858 2151 ειπερ
874 2115 944 2143 ἑκὼν

153 2158 184 2185 οὑ
193 2158 296 2193 βούλει,
307 2159 398 2195 σαυτῷ
408 2159 540 2196 μεγίστης
552 2160 684 2196 αἰσχύνης
698 2160 745 2187 καὶ
752 2161 912 2194 δυσϐουλίας
920 2162 944 2177 τ’

154 2203 204 2239 ἔσῃ
220 2203 378 2239 παραίτιος,

204 2308 225 2334 0
249 2307 278 2335 δὲ
302 2308 441 2341 θειότατος
467 2310 517 2345 τῆς
547 2309 675 2344 εὐηθείας
707 2309 761 2336 τῶν
788 2309 942 2344 λεγομένων

153 2352 362 2388 ἑκμυκτηρίσας
386 2354 432 2380 τὸν
447 2354 589 2389 εἰρηκότα,
615 2353 732 2381 τοιοῖσδε
755 2353 845 2388 λόγοις
862 2353 944 2389 ἀμεί-

153 2398 232 2425 ϐεται
244 2398 291 2425 τὸν
303 2400 482 2434 πεπομφότα”
496 2399 652 2436 Χρημάτων
663 2400 712 2435 μὲν
722 2400 770 2426 καὶ
783 2401 941 2435 κτημάτων,

153 2445 203 2472 καὶ
215 2445 267 2472 ὅσα
285 2445 336 2480 τῆς
351 2446 493 2481 παρούσης
508 2447 567 2473 ἐστὶ
589 2446 659 2472 καλὰ
677 2445 779 2481 βιοτῆς,
793 2445 898 2477 οὐδενὸς
913 2445 942 2472 ὲν

153 2489 234 2526 χρείᾳ.
258 2491 434 2527 καθέστηκα·
457 2491 475 2518 ἃ
490 2492 513 2508 ⁷³
542 2492 596 2528 γὰρ
626 2492 729 2524 νεάζων
752 2492 942 2526 ἁπεσεισάμην

152 2535 304 2570 δυνάμενος
336 2536 472 2571 χρῆσθαι,
508 2537 548 2572 τῷ
580 2537 699 2572 Χριστοῦ
735 2536 942 2572 κεκρατημένος

152 2581 246 2617 ἔρωτι,
265 2582 325 2614 πῶς
342 2581 375 2609 ἂν
389 2583 503 2618 γηραιὸς
516 2582 559 2610 ἐπ’
572 2583 698 2619 ἁθετήσει
711 2582 758 2610 τοῦ
774 2581 942 2618 ποθουμένου

152 2627 354 2664 προσδὲξομαι;
377 2628 426 2656 καὶ
438 2629 524 2656 ταῦτα
544 2629 600 2656 τῶν
621 2629 803 2665 ἐπικειμένων
819 2629 941 2665 νοσημά-

151 2682 207 2700 των
220 2674 261 2710 τῷ
289 2674 395 2710 σώματι
411 2676 521 2711 ταχεῖαν
540 2676 698 2712 μηνυόντων
717 2675 767 2712 τὴν
792 2675 881 2708 ἔξοδον
896 2675 943 2702 καὶ

151 2719 203 2753 τὴν
222 2719 321 2754 κτῆσιν
337 2720 440 2748 τούτων
460 2721 579 2756 ματαίαν
600 2722 839 2757 ὑπεμφαινόντωνι
858 2722 941 2757 μονῆς

151 2764 180 2790 εξ
194 2766 242 2791 καὶ
268 2766 408 2801 συγγενῶν
428 2766 487 2802 Θεῷ
508 2767 632 2803 μελήσει,
699 2768 744 2795 καὶ
768 2768 942 2803 παρατίθημι

995 282 1107 309 vitalem
1123 281 1182 314 Dei,
1198 290 1258 317 qua:
1271 289 1313 309 est
1329 281 1460 315 Ecclesia,
1473 283 1567 310 multis
1578 284 1783 312 machinamen-

995 328 1031 355 tis
1057 328 1184 363 dolisque
1216 333 1365 357 concutere
1387 330 1526 357 studebat.
1562 330 1662 358 Statim
1691 331 1784 366 itaque

995 375 1085 403 omnis
1108 383 1151 403 res
1165 375 1274 410 publica
1291 376 1364 404 illius
1379 376 1516 404 violentia:
1531 377 1651 412 procella
1667 378 1784 405 naufra-

995 422 1068 456 gium
1082 421 1182 453 facere.
1200 430 1261 450 cum
1275 430 1310 450 ne
1325 423 1411 450 obniti
1428 423 1538 458 quidem
1559 428 1713 451 conaretur.
1731 424 1784 457 Qui

995 467 1126 494 virtutum
1138 475 1194 502 quo
1207 469 1372 502 praestabant
1380 473 1478 497 mento
1491 469 1603 504 reliquis
1618 469 1652 497 ad
1663 462 1783 497 celestis

995 512 1078 541 duces
1104 518 1192 546 erant,
1219 513 1293 541 illius
1317 514 1446 549 nequitia:
1467 515 1596 543 ﬂuctibus
1623 522 1704 543 secus
1727 516 1788 550 agi,

995 562 1111 593 astuque
1126 558 1227 593 decipi.
1245 559 1352 586 tametsi
1368 559 1535 594 pmnitentias
1549 560 1669 588 remedio
1683 567 1787 587 noxanr

995 604 1173 632 resarcivere.
1199 603 1252 637 Qui
1274 608 1367 632 autem
1385 612 1431 633 res
1446 609 1578 637 terrenas,
1601 613 1683 640 seque
1709 607 1785 641 ipsos

995 655 1204 681 contemnentes
1224 651 1322 678 mentis
1338 651 1449 679 solertia
1469 651 1559 679 scelus
1573 651 1706 684 vicerant,
1726 659 1782 686 qua

996 695 1068 724 tame
1088 695 1312 729 conﬁciebantur,
1337 703 1389 730 qua
1415 696 1573 724 verberibus
1593 695 1652 723 dire
1683 697 1783 723 excrul

995 741 1141 769 ciabantur
1157 750 1164 768 :
1183 748 1380 776 nonnunquam
1397 741 1479 769 etiam
1496 746 1577 769 noctu
1595 731 1782 776 conjicieban—

996 792 1040 815 tur
1061 787 1087 814 in
1102 794 1188 815 mare.

1031 834 1108 861 Tunc
1120 834 1213 868 igitur,
1230 839 1294 861 tunc
1309 834 1343 861 ad
1354 840 1492 862 certamen
1512 839 1626 862 vocatur
1638 835 1719 862 etiam
1741 835 1783 862 vir

996 880 1186 912 admirandus,
1215 888 1270 907 non
1296 881 1404 915 quidem
1434 889 1514 908 manu
1544 881 1694 916 tyrannica,
1710 886 1783 909 etut

997 926 1071 952 illata
1087 926 1112 953 vi
1130 926 1282 953 adducatur
1297 934 1304 957 ;
1320 927 1366 953 sed
1384 929 1412 952 ut
1425 929 1540 961 tyranno
1553 928 1694 954 consuetis
1707 927 1783 954 blan-

997 971 1071 999 ditiis
1090 978 1121 998 ac
1134 971 1202 999 dolis
1218 971 1251 998 ad
1272 972 1323 998 iter
1341 971 1498 998 inducatur.
1511 971 1650 998 Adversus
1672 972 1779 1006 hostes,

997 1017 1098 1049 aiebat,
1115 1017 1178 1044 belli
1194 1017 1259 1044 mihi
1289 1017 1377 1044 moles
1393 1017 1528 1044 incumbit
1544 1026 1551 1045 :
1567 1017 1615 1045 sed
1635 1022 1781 1052 antequam

997 1070 1094 1090 manus
1103 1070 1164 1090 cum
1180 1062 1233 1090 illis
1247 1069 1400 1095 conseram,
1427 1070 1538 1097 precum
1560 1066 1668 1090 tuarum
1687 1063 1783 1098 praesi-

996 1106 1040 1134 dio
1056 1106 1163 1133 muniar
1175 1114 1287 1134 necesse
1298 1110 1350 1133 est.
1361 1105 1541 1141 Theophanes
1557 1112 1659 1140 autem,
1674 1107 1782 1142 cognita

997 1151 1116 1179 hominis
1133 1151 1248 1183 malitia,
1264 1151 1391 1186 quamvis
1411 1159 1508 1179 renum
1520 1156 1546 1179 et
1560 1153 1647 1180 urinae
1665 1153 1782 1180 diﬂicul-

997 1202 1053 1226 tate
1081 1198 1218 1225 laboraret
1234 1198 1444 1232 (instrumentis
1464 1198 1537 1226 enim
1555 1206 1603 1233 per
1629 1199 1782 1227 naturalem

996 1242 1151 1272 cuniculum
1168 1243 1194 1270 in
1207 1243 1326 1270 vesicam
1353 1242 1492 1277 admissis,
1506 1251 1566 1279 quae
1589 1245 1692 1278 lapides
1714 1245 1782 1273 insi-

997 1294 1038 1318 tos
1083 1289 1282 1323 commolirent,
1313 1290 1434 1317 humidis
1464 1291 1645 1319 excrementis
1678 1292 1781 1319 exitum

996 1335 1204 1372 prmbebat)ac
1228 1344 1289 1364 cum
1315 1336 1443 1364 maximis
1466 1336 1597 1364 molestiis
1625 1342 1780 1370 vexaretur,

996 1381 1079 1416 inque
1099 1381 1198 1409 lectulo
1217 1385 1339 1417 aegrotus
1356 1381 1465 1409 assidue
1480 1381 1665 1414 decumberet,
1680 1383 1781 1418 scapha

997 1431 1087 1454 tamen
1102 1427 1136 1453 ad
1152 1427 1248 1454 urbem
1270 1427 1373 1461 regiam
1400 1427 1519 1462 trajecit.
1539 1427 1616 1460 Quod
1639 1435 1701 1455 cum
1722 1436 1782 1456 sce-

995 1472 1162 1500 lestissimus
1178 1472 1223 1500 ille
1247 1472 1434 1505 intellexisset,
1451 1473 1540 1500 sancti
1569 1473 1621 1500 viri
1637 1478 1778 1508 aspectum

996 1518 1078 1554 (ejus
1099 1522 1165 1553 puto
1183 1517 1364 1546 constantiam
1386 1518 1479 1545 animo
1499 1519 1650 1554 reputans)
1667 1519 1780 1552 veritus,

997 1572 1045 1599 per
1060 1572 1144 1592 unum
1158 1564 1278 1599 aliquem
1295 1564 1422 1591 maxinne
1438 1564 1509 1592 inter
1525 1565 1597 1592 illius
1617 1565 1782 1593 domesticos

998 1610 1070 1642 fidei,
1090 1611 1148 1638 tunc
1166 1610 1204 1637 illi
1222 1610 1380 1645 signiﬁcat:
1400 1610 1429 1637 Si
1450 1610 1561 1643 venisti,
1579 1615 1609 1638 ut
1630 1611 1697 1638 mihi
1720 1619 1782 1639 tuo-

996 1665 1054 1684 rem
1073 1664 1153 1692 geras
1166 1657 1174 1692 (
1186 1665 1291 1683 morum
1304 1657 1378 1684 enim
1394 1665 1448 1691 qua
1468 1657 1599 1692 praeditus
1624 1665 1653 1685 es
1670 1658 1781 1691 lenitas,

998 1707 1026 1729 ut
1040 1702 1074 1729 de
1092 1709 1117 1729 te
1137 1701 1162 1729 id
1176 1710 1294 1737 sperem,
1311 1700 1391 1729 facile
1406 1702 1593 1738 suadet),scio
1610 1707 1666 1730 tam
1689 1703 1783 1731 multis

997 1753 1023 1775 te
1035 1748 1113 1775 bonis
1136 1748 1293 1779 fruiturum,
1310 1755 1393 1783 quam
1410 1748 1504 1776 multis
1521 1755 1569 1775 eos
1585 1748 1639 1775 frui
1664 1756 1712 1783 par
1727 1753 1780 1780 est,

996 1794 1042 1830 qui
1067 1793 1185 1829 propriae
1210 1794 1344 1821 voluntati
1366 1794 1540 1828 imperatoris
1566 1794 1731 1821 voluntatem
1755 1799 1783 1821 et

995 1840 1142 1868 consilium
1168 1845 1363 1874 anteponunt:
1388 1844 1501 1874 tumque
1532 1839 1701 1867 monasterio
1733 1844 1781 1867 tuo

995 1886 1086 1914 omnis
1104 1885 1211 1921 generis
1229 1885 1391 1912 muneribus
1412 1889 1504 1917 aucto,
1536 1889 1591 1912 tum
1619 1885 1782 1920 propinquis

995 1930 1051 1958 tuis
1074 1930 1201 1957 maximis
1225 1930 1404 1964 dignitatibus
1436 1930 1585 1964 tavoreque
1614 1931 1688 1964 regio
1715 1938 1782 1958 con-

994 1974 1142 2006 decoratis,
1168 1973 1271 2009 primas
1289 1973 1361 2009 apud
1378 1982 1421 2001 me
1438 1967 1566 2002 amici-tiae
1583 1982 1615 2002 ac
1629 1975 1780 2002 auctorita-

995 2020 1030 2048 tis
1043 2024 1135 2056 partes
1157 2020 1216 2056 ipse
1228 2020 1416 2056 consequeris.
1433 2019 1493 2052 Sin,
1512 2020 1585 2055 quod
1603 2020 1647 2048 vix
1662 2021 1782 2056 cogitare

997 2066 1038 2094 fas
1060 2071 1113 2098 est,
1132 2066 1268 2102 pervicaci
1290 2067 1384 2094 animo
1409 2072 1456 2094 tuo
1470 2074 1565 2102 preces
1577 2075 1652 2095 mens
1669 2067 1782 2102 postha-

995 2111 1098 2145 bueris,
1115 2116 1141 2139 et
1161 2112 1308 2140 consilium
1327 2119 1418 2139 meum
1433 2111 1597 2147 neglexeris,
1613 2120 1646 2140 ac
1658 2120 1719 2148 qua:
1731 2113 1784 2140 tibi

995 2162 1197 2194 proponuntur,
1217 2159 1289 2186 bona
1305 2157 1393 2186 fueris
1420 2162 1594 2194 aspernatus,
1622 2158 1724 2186 invitus
1741 2159 1782 2186 fa-

995 2203 1080 2236 ciens,
1096 2211 1158 2239 quae
1171 2204 1265 2231 volens
1281 2211 1404 2239 recusas,
1421 2204 1533 2231 maximi
1558 2204 1606 2232 tibi
1622 2204 1679 2240 ipse
1701 2205 1783 2233 dede—

957 2258 980 2287 n
994 2250 1067 2278 c0ris
1079 2257 1111 2277 ac
1124 2250 1288 2278 calamitatis
1304 2254 1400 2277 auctor
1417 2250 1542 2278 exsistes.

1028 2305 1068 2332 Ad
1084 2305 1143 2332 haec
1157 2305 1198 2331 vir
1211 2305 1332 2338 divinus,
1348 2310 1490 2340 perspecta
1505 2305 1640 2332 dictorum
1653 2306 1780 2337 stultitia,

993 2356 1188 2386 auctoremque
1207 2350 1337 2382 irridens,
1364 2350 1403 2377 ita
1430 2350 1527 2378 nuntio
1548 2351 1782 2385 respondetzEgo

995 2405 1046 2426 nec
1057 2397 1193 2432 pecuniis,
1205 2404 1255 2424 nec
1266 2397 1504 2431 possessionibus,
1518 2401 1565 2425 aut
1575 2397 1639 2426 ullis
1648 2398 1710 2425 aliis
1721 2398 1782 2425 vine

994 2444 1077 2480 hujus
1091 2443 1172 2472 bonis
1187 2443 1307 2478 indigeo.
1319 2443 1385 2476 Quae
1400 2443 1473 2471 enim
1486 2444 1658 2476 adolescens,
1670 2451 1732 2471 cum
1749 2444 1783 2471 iis

996 2490 1050 2518 l'rui
1068 2498 1188 2527 possem,
1201 2498 1295 2518 amore
1305 2491 1409 2519 Christi
1426 2491 1613 2520 inﬂammatus
1627 2491 1780 2526 repudiati,

996 2544 1027 2566 ea
1042 2538 1100 2573 jam
1115 2545 1198 2565 senex
1222 2537 1360 2572 quomodo
1381 2538 1560 2573 complectar,
1577 2545 1609 2565 ac
1627 2545 1689 2565 eum
1703 2536 1782 2571 cujus

995 2583 1134 2612 desiderio
1146 2588 1252 2616 tenear,
1264 2588 1437 2611 contemnam
1451 2583 1623 2618 tpraasertim
1640 2589 1702 2610 cum
1719 2589 1782 2609 cor-

996 2638 1047 2666 pus
1074 2631 1176 2658 morbis
1205 2629 1360 2658 conl'ectum
1382 2630 1427 2662 sit,
1455 2634 1486 2657 ut
1510 2629 1571 2656 vita:
1599 2628 1660 2655 linis
1688 2628 1782 2662 procul

995 2675 1092 2704 abesse
1113 2683 1168 2703 non
1195 2675 1295 2710 possit,
1318 2681 1345 2703 et
1374 2675 1432 2702 haec
1458 2673 1549 2701 inania
1576 2680 1638 2700 esse
1662 2677 1781 2701 constet.

996 2721 1074 2755 Quod
1090 2725 1180 2748 autem
1207 2720 1240 2748 ad
1263 2719 1461 2748 monasterium
1481 2718 1704 2753 propinquosque
1719 2726 1782 2754 per-

996 2768 1073 2800 tinet,
1087 2767 1113 2795 id
1127 2766 1181 2794 Deo
1201 2766 1253 2795 erit
1274 2773 1356 2798 curae,
1380 2764 1424 2792 cui
1443 2769 1575 2799 utrosque
1594 2765 1755 2792 commendo
1773 2772 1782 2792 :

831 2827 946 2856 νΑιιιιε
965 2825 1168 2856 LECTIONES.

200 2871 222 2888 ⁸³
236 2871 354 2908 παρίστη
373 2872 409 2908 fa
415 2881 436 2900 r.

152 2905 175 2922 π
191 2873 354 2922 "fugate-sn
372 2873 436 2917 far.
489 2873 511 2889 "
529 2875 711 2911 μηχανόμενοι
733 2874 796 2902 Par.

190 2905 399 2941 Legebantur-05.

845 2874 866 2890 "
888 2873 1085 2902 καταπολαύων
1111 2874 1174 2901 Par.

1484 2870 1505 2886 ⁷¹
1519 2869 1692 2900 δυσϐουλείας
1717 2867 1781 2896 Par.

1227 2873 1246 2888 ⁷¹
1269 2869 1353 2907 βούλῃ
1367 2870 1426 2898 l‘ar.
