2041 3154
147 153 180 185 Li

149 210 212 242 πὸς
224 210 263 243 δὲ,
280 211 336 242 τοῖς
352 211 441 240 πάντα
453 213 532 249 λόγον
547 216 645 243 νικῶσι
657 216 704 244 τὸν
718 218 817 245 οἰκεῖον
833 219 948 254 ἀριστέα

148 256 392 292 καταλαμπρύνων
404 261 569 296 χαρίσμασι,
581 262 621 298 τῷ
631 265 945 301 νικητικῷικατηγλάῐζε

149 303 256 337 στέφει.

792 159 1040 191 THEOPHANIS
1069 162 1168 193 VlTA.

1759 169 1796 210 41.

963 223 1132 258 Agnahant,
1164 232 1275 259 rursum
1305 226 1371 261 ipsis
1406 225 1485 263 factis
1512 227 1641 258 ﬂorentes
1674 237 1798 266 spectare

1000 273 1174 303 cogerentur,
1196 271 1351 306 misereque
1371 274 1424 300 acti
1442 272 1544 301 invidia
1575 276 1708 310 satellites
1730 286 1797 312 suos

1000 319 1033 340 ac
1063 314 1209 342 ministros
1240 316 1437 345 imbecillitatis
1467 319 1629 354 arguebant.
1662 322 1791 353 Christus

148 351 270 389 denique
293 355 453 382 muneribus
475 362 585 384 omnem
601 358 656 388 vim
693 359 801 387 dicendi
837 360 1033 398 superantibus
1063 363 1182 398 pugilem
1210 371 1290 392 suum
1315 365 1478 403 decoratum
1523 367 1645 397 victoria:
1690 379 1794 407 corona

155 397 180 407 .,
213 406 218 407 ,
246 399 263 407 ._

149 397 277 429 donavit.

185 449 250 474 Δυσὶ
266 448 329 482 γοῦν
353 449 426 476 έτεσι
454 452 488 490 τῇ
507 452 674 490 ἀτλητοτάτῃ
698 456 943 492 προσκαρτερήσας

147 494 255 529 εἱρκτῇ,
282 496 315 530 τῇ
332 495 500 536 Σαμοθρᾴκῃ
529 500 746 536 παραπέμπεται
763 502 853 538 νήσῳ·
868 503 883 529 ὃ
897 503 945 530 καὶ

147 540 233 581 νοερῷ
261 541 379 576 προϊδὼν
409 542 551 580 ὀφθαλμῷ,
569 546 606 580 τῷ
630 538 680 582 τὴν
709 548 862 583 ὑπηρεσίαν
878 549 947 585 πλη-

149 585 239 620 ροῦντι
252 587 416 621 προήγγει).ε
429 596 436 603 ο
453 589 502 615 καὶ
526 591 615 625 τρισὶν
633 592 751 627 ἡμέραις
775 594 844 629 πρὸς
858 595 944 621 εἴκοσι

146 632 180 666 τῇ
197 631 272 666 νήσῳ
284 632 442 666 προσδιοὺς.
458 633 496 665 ὡς
519 635 624 671 εὐώδης
640 637 720 664 θυσία
735 638 772 673 τῷ
789 634 872 673 κοινῷ
895 641 946 665 Δε-

148 677 235 712 σπότῃ
252 678 450 714 προσφέρεται,
462 680 510 706 καὶ
531 683 592 713 ταῖς
602 682 707 709 ἐκείνου
724 685 817 719 χερσὶν
830 684 860 710 τὸ
875 685 947 720 ἱερὸν

147 722 194 747 καὶ
213 721 351 755 πάναγνον
364 724 480 757 ἐπαφεὶς
493 725 613 760 πνεῦμα,
628 727 697 762 πρὸς
719 729 768 762 τὴν
794 727 877 754 πάλαι
899 737 948 756 πο-

148 766 284 802 θουμένην
313 768 517 804 ἐπαναφέρεται
548 771 726 807 κληρουχίαν.
749 773 818 799 Ἀλλ’
841 773 947 800 οὐδὲτὸ

148 813 297 847 νικηφόρον
321 813 417 840 τούτου
435 815 524 850 σῶμα,
548 816 596 843 καὶ
621 819 653 853 τῇ
667 818 741 854 ψυχῇ
754 818 902 854 σύνδρομον
916 821 946 846 ὲν

148 859 217 884 πᾶσι
235 859 340 892 καλοῖς,
367 859 422 886 τῶν
437 861 509 887 κατά
524 861 641 899 δύναμιν
658 864 748 899 γερῶν
772 865 944 894 ἀπελείπετο.

147 905 237 940 Χερσὶ
261 905 311 939 μὲν
336 905 470 940 θεοφιλῶν
499 907 591 944 ξυλίνῃ
623 910 801 944 κατατίθεται
818 911 945 947 λάρνακι,

148 950 196 976 καὶ
211 951 272 981 ταῖς
288 951 504 986 προσηκούσαις,
521 953 558 985 ὡς
573 954 587 980 ὁ
612 955 708 990 καιρὸς
726 956 824 993 ἐδίδου,
849 965 946 993 γεραι-

148 996 264 1032 ρόμενον
278 996 437 1031 ὑμνῳδίαις,
461 998 591 1031 ἐξαισίοις
614 1000 643 1027 δὲ
665 1001 759 1038 χάρισι
781 1003 858 1038 παρὰ
877 1004 946 1031 Θεοῦ

147 1041 338 1085 κληῖζὸμενον.
353 1043 455 1078 Λοιμοῦ
469 1044 535 1078 γοῦν
546 1046 722 1081 ἐπικειμένου
737 1049 793 1084 τοῖς
809 1048 880 1076 κατὰ
895 1049 946 1086 τὴν

146 1088 229 1122 νῆσον
250 1089 373 1131 κτήνεσι,
390 1089 438 1116 καὶ
456 1088 598 1124 Ξῑφνιδίως
612 1092 652 1127 τῷ
676 1092 784 1129 θανάτῳ
799 1096 947 1131 παραπέμ-

146 1143 256 1170 ποντος,
272 1129 344 1171 ἄκρᾳ
363 1137 396 1171 τῇ
425 1135 541 1171 λάρνακι
566 1136 640 1174 ὕδωρ
664 1129 887 1176 ἁπομυρίσαντες
904 1129 946 1177 (οὗ

147 1180 202 1215 γὰρ
220 1181 395 1215 προσψαῦσαι
410 1181 458 1208 τοῦ
471 1182 543 1209 θείου
562 1184 770 1220 κατετόλμησαν
796 1186 944 1224 σώματος),

147 1228 260 1258 καὶτοῖς
274 1228 400 1254 νοσοῦσιν
414 1229 626 1265 ἐπιρράναντες,
636 1230 767 1267 ἐλεύθερα
782 1233 830 1268 τῆς
841 1234 947 1261 ἐπικει-

152 1273 236 1309 μένης
249 1274 338 1306 αὐτοῖς
354 1270 530 1308 ὲναπέδειεαν
544 1276 652 1312 λοίμης,

187 1319 224 1354 Of.)
239 1319 304 1345 πολὺ
319 1320 349 1346 τὺ
362 1321 392 1346 ὲν
403 1320 491 1356 μέσῳ,
509 1322 555 1349 καὶ
577 1323 656 1359 δίκην
670 1323 779 1351 δίδωσιν
797 1325 861 1360 μίαν
885 1327 946 1353 ἀντὶ

148 1366 254 1392 πολλῶν
266 1366 321 1393 τῶν
336 1362 514 1404 ἀδικημάτων
541 1370 555 1395 ὁ
569 1370 618 1402 τῆς
642 1370 762 1406 Χριστοῦ
783 1372 946 1408 Ἑκκλησίας

146 1412 242 1447 ἄγριος
255 1412 359 1446 μονιδς,
373 1414 402 1439 ὲν
419 1414 503 1449 ἱεροῖς
532 1414 636 1448 τόποις,
665 1416 706 1448 είς
722 1415 769 1448 οὒς
784 1418 878 1449 κακῶς
899 1418 944 1445 ἐν·

147 1457 257 1492 ύδρισεν
267 1458 301 1490 ⁸ο,
312 1458 476 1494 ἀσχημόνως
487 1461 678 1497 καταστρέψας
695 1461 740 1488 τὸν
754 1462 810 1497 βίον
820 1471 826 1478 ·
843 1463 890 1490 καὶ
897 1463 947 1499 τῆς

145 1504 263 1538 παχείας
276 1503 393 1539 ὁμίχλης
410 1505 463 1531 ἀπὸ
479 1506 580 1541 μέρους
595 1507 824 1544 ὲκκαθαρθείσης,
841 1509 946 1544 ἀχλυώ-

143 1550 192 1585 δης
211 1558 254 1581 τις
287 1550 444 1585 ἐλευθερίας
462 1551 636 1579 ἐπανέτειλεν
658 1553 744 1588 ἣλιος,
765 1548 944 1587 λεπτοτάτοις

144 1596 377 1632 ὑπολαμπόμενος
391 1597 498 1632 νέφεσι.
518 1599 585 1634 Τότε
602 1599 644 1634 δὴ,
671 1600 732 1626 τότε
757 1600 944 1636 θαρρήσαντες

143 1643 168 1669 οἱ
190 1643 240 1669 τοῦ
259 1643 414 1678 θαυμασίου
427 1645 563 1679 φοιτηταὶ,
594 1645 687 1681 λέμὸῳ
700 1648 733 1682 τῇ
759 1648 833 1683 νήσῳ
857 1656 945 1683 προσ-

144 1688 318 1724 ορμίζονται,
347 1689 393 1714 καὶ
405 1689 435 1715 τὺ
450 1689 572 1724 ἀοίδιμον
583 1691 672 1718 ἐκεῖνο
686 1687 733 1718 καὶ
746 1692 944 1728 λαμπροτάτας

144 1733 310 1761 ἀποστίλϐον
325 1734 374 1765 τὰς
385 1734 500 1770 χάριτας
517 1730 596 1771 σῶμα
613 1736 662 1764 σὺν
682 1739 715 1773 τῇ
728 1738 845 1774 λάρνακι
860 1748 944 1775 κομι-

146 1781 259 1815 σάμενοι
280 1781 467 1815 ἐπανάγουσιν
483 1783 522 1813 είς
544 1783 627 1810 τόπον
655 1785 727 1817 τινὰ,
746 1787 871 1820 σημείοις
889 1787 943 1812 ὰπ-

144 1828 244 1864 έχοντα
261 1827 312 1868 τῆς
324 1828 410 1862 μονῆς
422 1827 468 1855 δύο
479 1828 526 1854 καὶ
544 1828 620 1857 δέκα.
637 1830 741 1866 Ὂνομα
755 1831 794 1867 τῷ
805 1833 879 1868 τόπῳ
890 1842 943 1868 φα-

146 1875 188 1901 σὶν
208 1865 318 1910 Ἱέρεια.
331 1894 337 1900 .
350 1894 357 1900 .
367 1893 374 1900 .

186 1921 279 1950 Ἀλλ’ὸ
293 1919 413 1951 δοξάζων
426 1920 490 1952 τοὺς
504 1920 587 1947 αὐτὸν
598 1921 762 1955 δοξάζοντας
772 1924 884 1960 Κύριος,
895 1925 945 1960 τῆς

144 1967 296 2003 μελλούσης
319 1966 401 2002 δόξης
427 1966 522 1994 τούτου
546 1961 673 2004 φανερῶν
693 1969 743 2005 τὴν
764 1971 943 2005 κατάστασιν,

142 2015 207 2046 τοὺς
224 2014 276 2040 ἀνὰ
286 2015 376 2040 πᾶσαν
397 2013 509 2049 ἐκείνην
526 2014 670 2047 οἰκοῦντας
684 2017 735 2052 τὴν
751 2017 802 2052 γῆν
816 2018 870 2044 τῶν
884 2018 945 2045 τού-

143 2059 192 2086 τού
206 2059 326 2094 χαρίτων
340 2053 491 2096 μετασχεῖν
514 2061 684 2097 ἐνεποίησεν.
709 2063 828 2097 Ἦγοντο
839 2064 904 2098 γοῦν
919 2065 944 2091 οἱ

142 2105 235 2136 νόσοις
255 2105 415 2140 ἀνηκέστοις
445 2106 644 2146 πεπεδημένοι,
669 2108 780 2144 κύματα
808 2110 944 2147 θαλάττης

142 2151 377 2192 ἀπομιμούμενοι,
392 2152 446 2180 τῶν
466 2147 564 2180 τούτου
580 2154 671 2181 καλῶν
698 2156 863 2192 εὐμοιρῆσαι
887 2158 945 2185 δια-

143 2188 343 2229 σπουδᾶζοντες
354 2206 362 2213 ·
384 2199 432 2231 καὶ
446 2198 633 2234 δαιμονῶντες
648 2201 697 2235 μὲν
712 2188 758 2237 βίᾳ
849 2205 943 2239 κράτει

141 2244 193 2278 τῆς
211 2243 334 2275 ἐξουσίας
348 2244 491 2280 ἑλκόμενοι
508 2246 682 2282 (ὀλολυ-ίμοίς
696 2248 750 2282 γὰρ
765 2249 813 2275 καὶ
840 2251 944 2284 φωναῖς

141 2287 274 2320 ἐξαισίοις
288 2289 370 2316 τοῦτο
393 2289 592 2326 διεσήμαινον),
609 2294 643 2328 τῇ
668 2291 738 2324 θίξει
752 2293 776 2309 ⁸⁸
803 2293 873 2330 μόνῃ
894 2295 945 2330 τῆς

144 2335 243 2369 θήκης,
260 2334 277 2370 ἦ
292 2336 339 2362 καὶ
351 2335 374 2351 ⁸⁸
385 2337 597 2372 έπιμυρίσματι,
613 2338 668 2364 τῶν
684 2338 869 2375 ἐνοχλούντων
880 2342 946 2368 ἄκος

142 2380 270 2415 λυόμενοι
291 2380 331 2416 τῷ
346 2382 478 2409 σεσωκότι
495 2383 528 2409 δι’
543 2384 625 2411 αὑτοῦ
646 2385 705 2421 Θεῷ
717 2385 769 2420 τὴν
786 2387 944 2421 προσήκου-

143 2434 193 2452 σαν
209 2426 393 2461 ἀναφέροντες
408 2428 585 2463 εὐχαριστίαν
604 2431 771 2467 ἐπανῄεσαν.
792 2432 822 2458 Οἱ
837 2431 865 2458 δὲ
875 2441 943 2468 κρυ-

142 2472 212 2506 φίως
226 2472 275 2507 τῆς
295 2474 410 2501 ἐκείνων
428 2474 525 2511 λοίμης
543 2477 748 2512 μετειληφότες,
769 2478 827 2509 τοῖς
850 2478 941 2510 αὑτοῖς

141 2520 327 2552 κατανάγκοις
340 2521 381 2551 el;
394 2521 549 2555 τούμφανὲς
563 2522 715 2557 ἀγομένων,
732 2524 788 2550 τῶν
807 2524 941 2550 ἐνοικούν-

140 2574 195 2592 των
204 2566 321 2602 ἐπιταγῇ
340 2567 386 2593 τοῦ
399 2559 517 2603 ἀθλητοῦ
534 2568 765 2604 δραπετευόντων,
779 2570 942 2606 ἐλευϋερού-

142 2619 219 2646 μενοι
238 2605 430 2639 διεδείκνυντο.
459 2613 614 2648 Παράλυτοι
638 2616 698 2646 ταῖς
724 2616 829 2648 κλίναις
863 2616 943 2652 μόλις

140 2658 348 2694 ἐπιφερόμενοι,
374 2659 414 2694 τῷ
432 2659 528 2686 τούτου
545 2660 632 2687 σθένει
650 2661 684 2688 τὰ
701 2661 771 2697 μέλη
788 2663 942 2698 σφιγγόμε-

139 2713 192 2736 νοι,
206 2706 261 2737 τοῖς
290 2705 378 2739 ὤμοις
394 2706 496 2737 ταύτας
510 2707 692 2742 ἀναφέροντες
716 2709 765 2735 σὺν
787 2709 941 2744 εὐφημίαις

140 2750 274 2786 ἀπῄεσαν.
291 2751 406 2785 Τυφλοὶ,
434 2753 466 2786 τῇ
490 2752 617 2778 παντελεῖ
640 2752 687 2779 τοῦ
705 2750 830 2788 σώματος
845 2755 936 2789 ἀπρα-

797 2829 916 2857 νΑιιυΕ
937 2830 954 2856 1.

180 2887 205 2904 ⁸ο
217 2886 357 2922 ἐνύδρισιν
373 2884 435 2912 Par.
484 2885 506 2901 ⁸⁸
524 2885 598 2918 οήξει
613 2885 674 2912 Par.
722 2887 744 2902 ³³
761 2887 784 2912 εἰ
799 2888 845 2913 καί
857 2886 918 2915 Par.

306 2933 441 2962 PATROL.
465 2933 522 2962 Gn.
547 2933 650 2969 CVIII.

1029 453 1103 482 Duos
1115 455 1199 492 igitur
1212 463 1301 490 annos
1319 457 1498 485 acerbissimo
1510 457 1657 487 defunctus
1675 468 1795 501 carcere,

994 503 1022 537 in
1044 502 1251 529 Samothracen)
1272 503 1390 530 insulam
1418 503 1581 538 deportatur
1603 515 1610 532 :
1637 507 1711 541 quod
1735 500 1797 543 ipsi;

996 547 1097 574 mentis
1111 546 1192 574 oculo
1205 547 1390 585 prospiciens,
1405 548 1441 581 ei,
1459 549 1504 584 qui
1531 549 1584 583 sibi
1605 552 1795 585 ministrabat.

995 593 1237 628 praenuntiaverat.
1279 593 1405 630 Cumque
1432 600 1488 623 tres
1501 603 1584 631 supra
1613 597 1710 632 viginti
1740 599 1797 626 illic

1000 639 1059 666 dies
1076 639 1188 674 egisset,
1214 644 1345 675 tauquam
1368 641 1462 668 suavis
1479 641 1569 669 hostia
1585 644 1725 671 communi
1741 644 1797 672 Do-

998 684 1074 711 mino
1095 684 1205 712 oblatus
1226 689 1291 712 est:
1313 685 1441 721 illiusque
1478 688 1605 715 manibus
1627 696 1737 716 sacrum
1764 698 1796 718 ac

999 728 1205 755 sanctissimum
1226 729 1352 763 spiritum
1371 738 1451 758 suum
1482 732 1604 765 tradens,
1631 733 1665 761 ad
1681 734 1796 763 haeredi-

999 777 1084 801 tatem
1113 775 1177 810 olim
1206 775 1387 811 desideratam
1416 778 1566 817 contendit.
1608 779 1702 815 Neque
1730 789 1796 809 vero

1000 818 1120 854 victoria:
1150 820 1304 856 insignibus
1327 822 1432 850 clarum
1456 825 1513 857 ejus
1529 832 1646 861 corpus,
1672 834 1705 854 ac
1722 828 1796 862 quod

1000 865 1094 892 animo
1113 867 1231 901 gerenda
1247 868 1322 894 omni
1333 868 1434 896 virtute
1461 870 1567 897 socium
1581 879 1730 908 comesque
1747 881 1796 904 ex:

962 918 984 946 Β
1000 913 1119 946 stiterat,
1132 913 1239 948 meritis
1258 914 1421 949 muneribus
1436 916 1536 950 caruit,
1548 923 1651 954 quanta
1663 919 1689 946 in
1702 919 1794 955 ipsum

998 959 1127 986 conferre
1139 958 1226 986 licuit.
1257 958 1326 987 Nam
1343 960 1452 995 piorum
1473 961 1595 989 virorum
1617 964 1744 992 manibus
1766 965 1794 999 in

997 1005 1087 1040 lignea
1098 1012 1162 1033 arca
1172 1006 1366 1041 compositum,
1377 1011 1404 1034 et
1412 1008 1640 1037 convenientibus
1655 1011 1794 1044 cantibus,

997 1054 1029 1078 ut
1041 1055 1148 1086 tempus
1161 1051 1389 1085 fcrebatelatum,
1406 1053 1574 1083 admirandis
1594 1056 1691 1090 gratiis
1707 1065 1722 1083 a
1739 1057 1795 1090 Deo

998 1096 1049 1124 fuit
1066 1096 1243 1124 illustratum.
1272 1097 1341 1124 Cum
1361 1098 1434 1125 enim
1449 1098 1509 1126 lues
1531 1099 1559 1126 in
1581 1100 1678 1128 insulae
1696 1109 1794 1136 pecora

997 1142 1161 1175 desazviret,
1191 1143 1259 1170 adeo
1276 1147 1306 1170 ut
1327 1147 1436 1172 mortua
1463 1150 1576 1180 repente
1607 1147 1794 1184 conciderent,

998 1196 1068 1229 aqua
1083 1189 1214 1217 extremis
1227 1189 1302 1217 illius
1311 1198 1383 1217 arca:
1396 1190 1453 1220 oris
1465 1191 1586 1225 delibuta
1604 1191 1708 1229 (neque
1719 1194 1793 1227 enim

998 1227 1100 1269 corpus
1120 1235 1180 1263 ausi
1201 1239 1281 1262 erant
1299 1235 1470 1273 contingere)
1487 1244 1587 1272 pecora
1612 1227 1690 1273 peste
1713 1239 1794 1269 labe:

996 1280 1088 1307 rantia
1100 1281 1331 1316 conspergebant,
1344 1285 1369 1308 el
1387 1282 1510 1314 periculo
1527 1282 1691 1311 liberabant.

1032 1326 1109 1354 l’laud
1135 1327 1221 1354 multo
1235 1333 1297 1362 post
1323 1327 1438 1356 immitis
1465 1328 1512 1355 ille
1537 1328 1666 1358 Ecclesia:
1691 1330 1794 1359 Christi

998 1381 1073 1409 aper,
1104 1374 1255 1401 multorum
1282 1379 1389 1402 reatum
1420 1375 1553 1409 scelerum
1574 1384 1629 1404 uno
1659 1378 1795 1415 supplicio

997 1419 1066 1453 luit;
1085 1420 1167 1455 inque
1187 1421 1274 1448 sacris
1293 1420 1371 1453 locis,
1390 1421 1418 1448 in
1431 1429 1491 1456 quae
1503 1422 1628 1459 nequiter
1642 1423 1794 1455 debaccha-

998 1470 1043 1494 tus
1059 1465 1158 1499 fuerat,
1174 1466 1291 1501 turpiter
1305 1466 1389 1494 vitam
1406 1461 1509 1494 amisit.
1536 1459 1637 1501 Quare,
1652 1469 1735 1496 densa
1747 1478 1795 1505 ca-

997 1511 1080 1548 ligine
1104 1512 1242 1547 paulisper
1259 1512 1383 1547 disjecta,
1406 1512 1541 1541 obscurus
1568 1514 1681 1548 quidam
1713 1515 1794 1544 liber—

999 1559 1062 1586 tatis
1077 1558 1129 1592 sol,
1155 1559 1326 1587 tenuissimis
1352 1559 1472 1595 nubibus
1500 1560 1649 1588 sublucens
1667 1563 1792 1598 emersit.

959 1589 981 1619 ο
997 1603 1075 1638 Tune
1091 1589 1175 1640 igitur
1192 1604 1280 1632 sancti
1296 1604 1349 1632 viri
1371 1592 1500 1640 discipuli
1524 1592 1668 1641 assumpta
1693 1594 1792 1643 ﬁducia

996 1651 1023 1678 in
1055 1650 1173 1678 insulam
1191 1651 1303 1687 navigio
1327 1652 1455 1684 advecti,
1479 1653 1641 1687 praeclarum
1672 1654 1738 1681 illud
1766 1659 1794 1681 et

995 1697 1226 1732 splendidissimis
1245 1697 1341 1732 gratiis
1364 1697 1500 1733 etl‘ulgens
1518 1706 1620 1733 corpus
1637 1707 1699 1726 eum
1728 1707 1793 1728 arca

996 1743 1147 1773 sublatum,
1163 1742 1189 1769 in
1202 1743 1293 1770 locum
1308 1743 1455 1778 quemdam
1470 1742 1560 1770 llieria
1577 1743 1679 1778 dictum
1693 1751 1792 1780 aspor-

995 1794 1064 1822 tant,
1080 1789 1225 1816 duodecim
1255 1789 1406 1816 stadiorum
1428 1791 1573 1817 intervallo
1591 1798 1605 1816 a
1627 1793 1793 1818 monasterio

995 1836 1134 1868 dissitum,
1167 1835 1250 1870 inque
1270 1837 1371 1870 templo
1398 1835 1487 1863 sancti
1516 1836 1646 1870 martyris
1666 1836 1794 1872 Procopii

995 1880 1146 1915 deponunt.
1324 1876 1328 1879 ’
1587 1878 1591 1881 ”
1756 1876 1758 1881 ’

1031 1926 1082 1954 Hic
1099 1927 1154 1964 ille,
1173 1926 1220 1962 qui
1233 1934 1291 1959 eos,
1310 1935 1325 1954 a
1341 1927 1440 1962 quibus
1459 1927 1621 1962 honoratur,
1636 1929 1791 1964 honoribus

995 1969 1087 2003 allicit,
1104 1975 1135 1998 ut
1146 1962 1249 1998 l‘uturzc
1267 1971 1361 2006 glorize
1381 1971 1468 1999 sancti
1488 1972 1531 1998 sui
1545 1962 1648 2007 statum
1669 1973 1794 2001 declara-

996 2021 1046 2049 ret,
1064 2016 1170 2045 incolas
1186 2024 1283 2045 omues
1299 2017 1374 2044 illius
1401 2017 1521 2052 regionis
1544 2026 1690 2053 munerum
1706 2020 1793 2054 ipsius
1829 2016 1838 2022 ’

996 2061 1062 2089 fecit
1075 2069 1137 2090 esse
1149 2063 1307 2097 participes.
1337 2061 1520 2091 Conﬂuebant
1541 2065 1626 2096 enim,
1653 2065 1791 2093 undarum

995 2109 1094 2141 instar,
1111 2109 1157 2144 qui
1170 2109 1275 2136 morbis
1288 2110 1471 2144 gravissimis,
1496 2117 1548 2138 nec
1570 2111 1653 2142 ullam
1670 2112 1793 2139 curatio-

996 2164 1058 2183 nem
1079 2155 1290 2183 admittentibus
1310 2155 1480 2188 laborantes,
1498 2156 1573 2184 illius
1589 2156 1725 2191 impertiri
1743 2158 1793 2185 bo-

995 2202 1038 2229 nis
1051 2201 1228 2236 satagebant;
1247 2209 1278 2229 ac
1292 2202 1402 2237 quidem
1416 2210 1431 2229 a
1445 2203 1614 2230 dtemonibus
1629 2204 1732 2237 vexati,
1749 2205 1792 2232 in-

961 2257 982 2284 ι)
997 2246 1069 2278 vitis,
1085 2253 1117 2273 ac
1131 2245 1254 2273 dolorem
1282 2253 1362 2273 suum
1388 2245 1509 2274 clamore
1533 2247 1619 2274 nimio
1633 2248 1792 2282 gemituque

996 2291 1174 2323 testantibus,
1198 2299 1260 2318 cum
1286 2291 1409 2319 adhibita
1431 2292 1457 2319 vi
1475 2292 1529 2319 huc
1552 2293 1790 2327 pertraherenlur,

996 2337 1055 2365 solo
1069 2344 1139 2366 arcae
1152 2341 1292 2369 contactu,
1315 2338 1374 2365 sive
1391 2338 1473 2365 etiam
1504 2346 1575 2373 aqua
1592 2346 1664 2367 arca:
1685 2345 1790 2368 attactu

994 2383 1114 2411 delibuta
1141 2384 1176 2410 ab
1203 2383 1348 2418 spirituum
1379 2391 1496 2419 nequam
1525 2386 1671 2413 vexatione
1691 2387 1788 2418 soluti,

993 2430 1060 2462 Deo,
1077 2431 1122 2465 qui
1139 2437 1186 2465 per
1201 2430 1277 2457 illum
1296 2438 1378 2458 sanos
1400 2431 1548 2465 cﬂ‘ecisset,
1566 2440 1634 2468 quas
1658 2441 1707 2468 par
1729 2437 1790 2461 erat

993 2476 1096 2512 gratias
1110 2471 1233 2511 agentes,
1248 2476 1360 2503 domum
1385 2473 1602 2506 revertebantur.
1627 2478 1678 2511 Qui
1696 2483 1787 2506 autem

995 2522 1064 2549 clam
1077 2530 1108 2549 ea
1119 2525 1195 2557 peste
1206 2522 1377 2555 laborabant,
1393 2523 1487 2550 eadem
1504 2531 1533 2551 se
1547 2524 1708 2551 necessitate
1723 2531 1787 2558 pro-

995 2567 1124 2594 dentibus
1137 2567 1319 2599 daemonibus,
1335 2568 1501 2603 athletqu
1519 2569 1599 2603 jussu
1618 2569 1785 2602 dillugicnti-

997 2614 1060 2647 bus,
1076 2614 1109 2641 ab
1125 2613 1159 2641 iis
1174 2613 1254 2641 liberi
1271 2608 1465 2642 reddebantur.
1497 2613 1656 2649 Paralytici,
1673 2616 1721 2650 qui
1740 2616 1785 2643 vix

997 2660 1023 2687 in
1039 2660 1145 2688 lectulis
1160 2661 1217 2688 suis
1228 2662 1330 2696 gestari
1346 2665 1482 2696 poterant,
1505 2661 1594 2696 sancti
1611 2662 1710 2690 virtute
1723 2671 1784 2691 eor-

995 2705 1133 2733 roboratis
1154 2707 1296 2738 membris,
1318 2706 1433 2734 lectulos
1452 2706 1576 2734 humeris
1601 2713 1784 2744 reportantes,

994 2751 1027 2779 ad
1038 2759 1089 2780 sua
1106 2753 1240 2780 redibant.
1265 2753 1347 2786 Caici,
1374 2753 1420 2788 qui
1442 2753 1517 2789 omni
1537 2755 1662 2791 corporis
1677 2756 1785 2788 actione

961 2828 1142 2865 ECTIONES,
