2041 3154
233 147 267 180 te
401 130 403 132 ’
579 192 586 198 _
867 146 1115 179 THEOPHANIS
1132 145 1241 180 VITA.‘
1823 150 1859 183 tt

231 199 356 229 destituti
384 200 501 229 aliorum
527 200 657 230 manibus
683 201 863 236 ducebantur,
883 209 1019 238 verosque

1072 201 1117 239 είᾳ
1131 203 1154 220 ⁸³
1185 203 1335 241 πεδώμενοι
1357 204 1393 239 ⁸⁸,
1413 206 1458 241 ὑφ’
1473 205 1575 243 ἐτέρων
1599 207 1860 244 χειραγωγούμενοι,

233 247 317 275 duces
334 247 438 275 lumina
452 247 624 283 requirentes
637 252 779 280 venerant,
798 248 852 276 voti
877 253 1022 283 compotes

233 292 295 321 lacti
311 293 370 321 sine
381 293 517 321 Iaboreita
531 293 666 326 redibam,
680 297 710 320 ut
722 293 817 320 alienae
825 300 923 321 manus
938 300 1021 328 opera

233 339 306 366 nulla
323 339 536 366 desideraretur.
552 339 660 373 Claudi,
674 339 798 367 membra
811 332 946 374 corporis,
961 338 1022 374 qui-

230 385 283 412 bus
296 385 371 420 gradi
389 385 523 412 insuetum
545 391 597 416 est,
615 385 690 413 humi
710 384 782 412 foede
803 385 954 418 trahentes,
973 388 1021 412 aut

236 430 340 458 alienas
363 438 461 457 manus
477 430 511 457 ad
535 430 587 458 iter
611 434 780 464 mutuantes,
808 437 969 466 caprearum
990 430 1020 458 in

229 483 335 503 morem
350 477 431 503 rectis
445 476 518 503 tibiis
537 476 661 504 saliendo
676 475 862 505 discedebant.
891 475 943 510 Qui
972 483 1022 503 au-

229 521 312 553 rium,
330 524 378 548 aut
392 521 491 556 linguae
505 529 619 549 munere
630 521 704 556 fungi
718 529 772 549 non
788 526 924 557 poterant,
949 522 1020 549 miro

229 573 356 601 novoque
371 572 469 594 eventu
481 567 598 595 aliorum
614 567 795 595 fabulantium
813 576 953 596 sermones
969 575 1019 595 au-

229 612 345 645 dientes,
356 613 414 648 pari
431 621 493 641 eum
507 613 547 644 eis
560 621 625 642 voce
641 615 742 649 gratias
751 614 877 649 agebant.
889 613 1019 646 Feminae,

230 665 291 692 qua:
303 664 436 693 perpetuo
454 658 529 686 ﬂuxu
546 659 688 695 sanguinis
704 660 870 693 laborantes,
888 660 963 687 insiti
975 667 1020 687 ea.

230 703 297 731 loris
312 704 435 732 discessu
453 709 579 732 emortuo
600 713 671 740 pene
693 713 809 742 corpore
824 706 941 740 fuerant,
965 713 1020 733 non

229 749 338 777 Domini
353 750 477 782 ﬁmbrias,
495 751 541 778 sed
558 751 630 778 servi
647 759 717 779 arra:
739 757 865 780 contactu
889 752 1021 780 mirabili-

228 798 271 822 ter
301 795 441 822 exsiccato
457 795 546 828 ﬂuxu,
568 797 637 831 grati
660 797 793 832 probique
816 797 900 825 animi
922 805 1020 825 monu-

228 844 322 868 mento
340 841 490 875 gratiarum
514 842 630 870 actionis
642 842 730 870 fontes
744 844 916 878 promebam.
951 844 1019 872 Chi-

227 886 396 921 rographum
413 885 556 922 ﬂagitiosis
576 888 732 917 actionibus
750 889 873 924 plenum,
892 897 955 916 cum
972 889 1020 917 ob-
1035 879 1057 906 Β

227 931 365 967 signatum
378 939 450 960 areae
464 933 604 960 admotum
623 939 705 968 esset,
719 935 759 962 sic
773 943 870 963 omnes
887 936 1019 962 mundum

227 981 405 1011 aspexerunt,
423 985 455 1005 ac
470 977 493 1005 si
506 979 574 1006 nihil
590 987 711 1014 unquam
725 980 750 1007 in
766 988 800 1007 eo
813 980 912 1008 fuisset
950 981 1020 1008 scri-

226 1025 324 1056 ptum:
347 1023 494 1057 cunctique
511 1024 688 1058 apostolicam
709 1029 870 1059 potestatem
890 1033 922 1053 ex
939 1025 1020 1061 hujus

225 1074 290 1094 arca
305 1072 462 1094 manantem
478 1073 672 1103 suspexerunt.
689 1069 803 1102 Verum,
820 1071 883 1106 quis
898 1079 941 1104 ea,
959 1079 1021 1107 qua

225 1116 292 1139 tunc
304 1112 338 1139 ab
353 1113 413 1148 ipso
425 1118 501 1147 gesta
512 1118 587 1147 sunt,
600 1115 760 1150 singulatim
769 1117 866 1150 ,valeat
877 1125 1019 1152 enarrare,

226 1163 290 1183 cum
315 1164 349 1183 ne
370 1165 469 1192 genera
483 1159 595 1194 quidem
622 1161 763 1188 numerari
783 1161 864 1190 facile
894 1165 1021 1198 Qucant?

226 1202 323 1237 quisve
345 1203 438 1234 etiam,
450 1205 576 1239 quamvis
593 1206 631 1233 illi
647 1206 745 1242 lingua:
767 1208 822 1235 sint
845 1208 939 1236 decem
957 1218 1020 1238 ora-

223 1255 280 1284 que
294 1247 400 1282 decem,
417 1250 527 1285 scriptis
539 1252 722 1289 consignare?

262 1352 399 1388 lntegrum
409 1354 493 1390 igitur
514 1363 616 1383 annum
633 1357 660 1384 in
677 1359 779 1394 templo
793 1359 907 1389 illustris
919 1360 1020 1390 Christi

226 1399 357 1435 martyris
370 1400 497 1436 Procopii
512 1403 684 1436 commorati,
711 1412 745 1432 ne
763 1406 900 1442 supplices
927 1407 1020 1436 divino

226 1446 279 1473 viri
296 1453 412 1474 munere
427 1447 620 1482 prohiberent,
637 1450 680 1477 vix
696 1451 804 1479 tandem
813 1452 959 1488 aliquando
969 1454 1021 1482 iter

224 1491 258 1519 ad
272 1491 333 1527 ejus
342 1493 538 1520 monasterium
548 1500 622 1522 recta
631 1497 841 1532 contenderunt,
851 1506 914 1526 cum
923 1500 1020 1529 ordine

225 1538 397 1574 quadruplici
434 1539 506 1568 circa
533 1540 664 1569 feretrum
693 1542 781 1577 ipsius
815 1539 1013 1574 constitissent.
1030 1554 1051 1583 (ξ

223 1582 313 1612 Medio
330 1585 404 1612 enim
419 1582 489 1614 inter
499 1586 593 1614 Patres
603 1586 665 1614 loco
682 1588 824 1616 constituti
841 1589 893 1618 viri
908 1591 1016 1619 nobiles

224 1630 253 1657 in
274 1631 402 1660 humeros
418 1633 568 1665 sublatum,
596 1634 670 1662 velut
689 1642 783 1663 arcam
809 1637 956 1672 quamdam
970 1645 1017 1674 ge-

224 1677 332 1705 stabant
345 1686 352 1711 ;
369 1679 396 1705 iu
411 1687 464 1714 qua
476 1687 530 1706 non
553 1687 622 1707 urna
637 1685 695 1708 erat
706 1681 805 1717 ingrati
818 1683 910 1718 populi
922 1684 1014 1712 cibum

224 1729 403 1757 conservans,
421 1732 477 1752 non
500 1725 613 1761 lapideae
628 1727 739 1761 tabulae,
760 1736 816 1756 non
834 1729 910 1764 virga
926 1732 1015 1758 Aaron

225 1787 233 1796 .
252 1788 261 1797 .
282 1789 290 1798 .
312 1789 320 1797 .
339 1770 386 1804 qui
397 1770 525 1798 virtutem
535 1773 610 1799 omni
623 1773 836 1807 reprehensione
847 1775 1016 1810 superiorem

223 1816 392 1851 ostenderat,
409 1817 559 1853 innataque
574 1819 773 1854 tranquillitate
788 1819 894 1848 invidia‘
907 1821 1016 1848 aculeos

223 1861 385 1894 obtuderat;
403 1863 451 1897 qui
467 1863 612 1891 cliaritatis
624 1864 779 1898 insignibus
794 1865 894 1893 eximie
907 1866 1016 1893 clarue—

222 1913 282 1941 rat;
299 1909 345 1943 qui
372 1908 434 1942 title,
448 1909 493 1936 cui
513 1909 583 1936 nihil
609 1910 766 1945 ambiguum
783 1915 835 1945 est,
866 1911 894 1938 in
921 1912 1016 1946 primis

221 1955 399 1991 praestiterat,
431 1956 514 1991 inque
545 1964 576 1984 ea
600 1956 819 1984 adversariorum
850 1958 1016 1986 munitiones

222 2005 378 2035 everterat;
403 2002 449 2037 qui
466 2010 513 2037 spe
528 2001 630 2030 Christi
647 2003 806 2031 ﬁrmissima
820 2004 894 2032 velut
906 2005 1018 2032 thorace

223 2047 345 2075 munitus
361 2052 443 2082 atque
451 2052 603 2082 protectus,
619 2049 739 2077 hostium
754 2050 807 2077 tela
827 2058 942 2085 prorsus
955 2051 1016 2078 ina-

223 2092 269 2119 nia
292 2094 431 2128 stultaque
456 2093 630 2128 ostenderat;
655 2094 702 2129 qui
732 2094 869 2121 donormn
898 2095 1017 2129 Spiritus

223 2137 324 2167 ﬂuvius
334 2143 411 2172 erat;
427 2140 474 2174 qui
489 2144 585 2175 pectus
599 2147 681 2168 omne
696 2139 797 2174 quibus
813 2140 939 2169 adluebat
955 2149 1017 2177 gra-

223 2185 281 2218 tiis,
295 2185 463 2214 exhilararet
478 2195 486 2220 ;
507 2186 535 2213 in
552 2186 682 2214 Ecclesiae
696 2187 870 2214 ﬁrmamento
881 2188 921 2215 sol
936 2195 1017 2215 occa-

1072 249 1117 276 τὸν
1128 249 1213 282 ὅντως
1228 252 1400 287 χειραγωγὸν
1414 252 1606 288 ἐπιζητοῦντες
1620 253 1758 289 ὀφθαλμὸν
1773 255 1860 292 ἐπήρ-

1072 304 1171 331 χοντο,
1198 296 1246 323 καὶ
1274 296 1305 324 τὸ
1335 296 1502 332 ποθούμενον
1533 298 1661 333 άμόχθως
1686 299 1862 334 εὑρίσκοντες

1072 341 1267 377 ἐπανήρχοντο,
1285 341 1333 369 τοῦ
1358 343 1589 379 χειραγωγεῖσθαι
1607 345 1676 380 μετὰ
1702 345 1752 381 τῆς
1780 347 1860 374 νόσου

1070 386 1317 423 δραπετεύσαντες.
1328 388 1417 416 Χωλοὶ
1433 388 1467 416 τὰ
1486 389 1553 425 μέλη
1576 390 1624 418 τοῦ
1643 390 1779 426 σώματος,
1793 392 1812 419 ἃ.
1828 393 1862 429 τῇ

1071 434 1107 469 γῇ
1125 433 1299 469 προσϐαίνειν
1323 433 1373 461 οὐκ
1398 434 1494 461 εῐωθεν
1505 435 1529 452 ⁸⁵
1545 435 1588 462 ἐπ’
1605 435 1718 470 ἐδάφους
1730 436 1860 472 καθυϐρί-

1072 478 1175 511 ζοντες,
1189 479 1214 505 οἱ
1231 479 1280 511 τὰς
1294 480 1398 515 ἑτέρων
1416 482 1511 517 χεῖρας
1524 481 1710 517 δανειζόμενοι
1724 483 1793 518 πρὸς
1812 483 1862 519 τὴν

1071 524 1188 557 ἐλευσιν,
1215 525 1345 563 δορκάδος
1376 527 1455 563 δίκην
1481 528 1622 564 ἁλλόμενοι
1656 529 1735 555 ποσὶν
1758 529 1862 564 ἀρτίοις

1071 573 1211 601 ἐποιοῦντο
1226 575 1275 610 τὴν
1290 574 1475 611 ἀναχώρησιν.
1497 576 1594 611 Ἀκοῆς
1607 576 1635 603 δὲ
1648 576 1754 603 καὶτοῦ
1772 575 1863 610 λέγειν

1072 620 1159 657 ἕτεροι
1175 620 1421 653 καταδικασθέντες
1446 622 1496 656 τὴν
1514 622 1653 657 στέρησιν,
1682 622 1732 656 τῆς
1761 622 1863 656 ἐτέρων

1070 665 1179 701 ὁμιλίας
1192 666 1350 701 παραδόξως
1361 666 1553 700 ἐπακούοντες,
1568 667 1709 701 ὁμόφωνον
1722 666 1770 702 τὴν
1779 667 1862 702 εὐχα-

1071 712 1177 747 ριστίαν
1195 713 1337 749 ἐνήργουν.
1352 712 1559 748 Αῐμορροοῦντα
1574 711 1673 746 γύναια
1688 713 1722 747 τῇ
1743 712 1863 747 διηνεκεῖ

1070 757 1204 794 χύσειτοῦ
1229 759 1356 794 αἵματος,
1373 759 1419 786 τοῦ
1435 758 1556 794 ἐμφύτου
1578 757 1681 794 θερμοῦ
1702 759 1736 793 τῇ
1754 758 1863 793 ἀποχω-

1073 804 1151 839 ρήσει
1168 805 1237 840 πρὸς
1247 805 1381 840 νέκρωσιν
1394 805 1568 839 ἀπαγόμενα,
1584 804 1615 831 οὐ
1640 805 1795 840 κρασπέδου
1813 806 1862 831 Δε-

1072 850 1211 882 σποτικοῦ,
1225 850 1349 886 δουλικῆς
1360 850 1387 877 δὲ
1398 851 1485 886 θήκης
1497 850 1684 886 ἐφαπτόμενα,
1706 850 1863 885 παραδόξως

1071 897 1306 933 ἀναξηρανθείσης
1336 898 1385 932 τῆς
1417 898 1541 933 ῥύσεως,
1566 897 1659 933 πηγὰς
1684 898 1863 934 εὐχαριστίας

1070 944 1250 979 εὐγνωμόνως
1264 944 1421 976 ἀνέϐλυζον.
1435 943 1626 979 Χειρόγραφον
1644 943 1742 979 μεστὸν
1759 943 1862 979 μοχθη-

1071 991 1126 1026 ρῶν
1139 990 1263 1025 πράξεων
1275 990 1495 1026 ὲσφραγισμένον
1507 990 1540 1025 τῇ
1566 989 1636 1027 θήκῃ
1649 986 1862 1024 π’ροσανατεθὲν,

1070 1035 1108 1067 ὡς
1125 1035 1305 1071 μηδεπώποτε
1318 1035 1423 1071 γραφὲν
1439 1037 1494 1067 τοῖς
1510 1036 1593 1062 πᾶσιν
1608 1035 1770 1070 ἐγνωρίζετο
1780 1055 1788 1067 ,
1816 1036 1863 1061 καὶ

1069 1082 1120 1116 τὴν
1130 1082 1312 1117 ἁποστολικὴν
1327 1081 1451 1114 ἐξουσίαν
1467 1081 1623 1117 ἐθαύμαζον
1642 1082 1691 1116 τῆς
1702 1080 1799 1108 τούτου
1815 1079 1863 1116 θή-

1070 1136 1121 1163 κης
1134 1127 1348 1160 άναϐλύζουσαν.
1367 1127 1448 1155 Ἀλλὰ
1461 1127 1502 1159 τίς
1511 1127 1544 1154 ἂν
1557 1127 1635 1161 λόγος
1646 1127 1700 1154 τῶν
1715 1127 1776 1153 τότε
1791 1135 1863 1162 πρα-

1070 1173 1189 1208 χθέντων
1203 1173 1291 1208 τούτῳ
1306 1174 1336 1200 τὸ
1361 1173 1463 1208 πλῆθος
1480 1173 1551 1200 κατὰ
1567 1173 1652 1208 μέρος
1668 1171 1788 1205 ἐξειπεῖν
1814 1171 1862 1198 δυ-

1072 1219 1195 1252 νήσεται,
1208 1220 1309 1253 ὁπουγε
1323 1219 1368 1246 καὶ
1381 1219 1442 1246 κατ’
1455 1217 1525 1251 εἶδος
1538 1219 1588 1246 οὐκ
1602 1218 1713 1254 εὐχερές
1726 1227 1733 1252 ;
1745 1219 1825 1251 ποῖος
1833 1217 1862 1246 δὲ

1070 1265 1162 1300 γραφῇ
1178 1265 1356 1300 παραδοῦναι,
1369 1265 1421 1293 κᾶν
1436 1265 1534 1292 ειδέκα
1548 1266 1689 1302 στομάτων
1709 1266 1758 1292 καὶ
1771 1265 1861 1301 γλωσ-

1071 1310 1125 1337 σῶν
1137 1310 1348 1347 εὐμοιρήσειεν;

1106 1357 1187 1385 Ὀλον
1200 1358 1264 1392 γοῦν
1280 1358 1404 1385 ὲνιαυτδν
1417 1358 1455 1394 τῷ
1473 1359 1530 1394 ναῷ
1545 1359 1591 1385 τοῦ
1618 1359 1774 1386 καλλινίκου
1787 1360 1862 1395 Προ-

1071 1402 1166 1429 κοπίου
1190 1404 1496 1439 προσκαρτερήσαντες,
1517 1403 1564 1431 τοῦ
1594 1405 1632 1439 μὴ
1650 1403 1699 1439 τὴν
1715 1403 1862 1438 θεόϐρυτον

1071 1449 1151 1487 χάριν
1161 1449 1208 1476 τοῦ
1220 1449 1343 1484 μάκαρος
1354 1449 1510 1476 ἀναστεῖλαι
1529 1449 1580 1476 τῶν
1595 1449 1741 1484 δεομένων,
1753 1449 1803 1484 ὀψὲ
1814 1450 1861 1477 καὶ

1073 1495 1149 1530 μόλις
1163 1494 1212 1530 τὴν
1226 1495 1291 1521 εὐθὺ
1307 1494 1358 1529 τῆς
1371 1495 1475 1523 ἐκείνου
1499 1495 1582 1531 μονῆς
1595 1495 1688 1530 τρίϐον
1701 1495 1786 1531 ᾔεσαν
1796 1514 1804 1527 ,
1818 1504 1863 1521 τεο

1069 1541 1216 1575 τραμερῶς
1235 1541 1305 1574 σφᾶς
1325 1540 1425 1573 αὐτοὺς
1442 1541 1507 1576 περὶ
1521 1540 1568 1576 τὴν
1585 1540 1673 1576 θήκην
1689 1539 1858 1573 ὲντάξαντες.

1068 1585 1159 1612 Μέσον
1170 1586 1224 1622 γὰρ
1236 1586 1291 1615 τῶν
1303 1586 1432 1621 Πατέρων
1448 1587 1472 1613 οἱ
1487 1587 1630 1622 πρόκριτοι
1648 1585 1762 1622 ὤμοισιν
1775 1586 1860 1621 ἄραν-

1067 1641 1122 1665 τες,
1138 1630 1182 1660 οἶά
1196 1641 1256 1659 τινα
1268 1632 1382 1660 κιϐωτὸν
1397 1633 1537 1668 ἐκόμιζον,
1564 1633 1595 1662 οὐ
1610 1633 1728 1669 στάμνον
1743 1632 1859 1668 ἔχουσαν

1067 1677 1141 1704 ἔνδον
1156 1679 1321 1713 ἀγνωμόνων
1341 1679 1446 1713 τροφῆς
1460 1678 1654 1714 φυλακτήριον,
1681 1679 1729 1705 καὶ
1750 1678 1859 1710 πλάκας

1067 1723 1181 1756 λιθίνας,
1197 1725 1243 1751 καὶ
1260 1724 1309 1759 τὴν
1325 1724 1422 1760 ῥάϐδον
1438 1724 1461 1740 ⁸⁵
1477 1744 1484 1751 .
1495 1745 1517 1752 ..
1538 1733 1606 1760 μων.
1619 1724 1672 1753 Τοῦ
1685 1723 1810 1760 σώματος
1822 1733 1829 1740 ·
1845 1725 1860 1751 ὁ

1069 1770 1148 1805 μόνος
1161 1770 1251 1802 δείξας
1265 1771 1365 1806 ἀρετὴν
1389 1771 1528 1806 ἀνωτέραν
1557 1771 1654 1807 μώμου
1669 1770 1778 1804 παντὸς,
1803 1771 1859 1806 ἀμ-

1067 1815 1166 1846 ϐλύνας
1185 1824 1214 1841 τε
1231 1815 1327 1850 φθόνου
1354 1816 1454 1851 κέντρα
1471 1816 1503 1851 τῇ
1521 1817 1623 1851 φυσικῇ
1651 1815 1830 1851 γαληνότητι·
1844 1816 1859 1842 ὁ

1068 1860 1178 1896 θεσμοῖς
1193 1861 1303 1895 ἀγάπης
1314 1861 1415 1895 ἐξόχως
1427 1861 1618 1896 λαμπόμενος*
1635 1860 1649 1886 ὁ
1662 1860 1751 1886 πίστει
1773 1859 1857 1895 μηδὲν

1068 1907 1242 1942 ἀμφήριστον
1259 1906 1416 1944 κεκτημένῃ
1447 1907 1526 1942 μόνος
1542 1906 1727 1942 φραξάμενος,
1751 1906 1799 1933 καὶ
1825 1906 1859 1932 τὰ

1067 1953 1120 1980 τῶν
1136 1953 1266 1980 ἐναντίων
1278 1953 1441 1980 καταϐαλὼν
1459 1952 1640 1989 ὀχυρώματα·
1660 1952 1674 1979 ὁ
1689 1951 1775 1979 ἑλπίδι
1791 1952 1860 1988 Χρι-

1069 1999 1132 2027 στοῦ
1147 2001 1180 2035 τῇ
1193 1999 1389 2036 ἀρραγεστάτη
1408 1998 1453 2026 διὰ
1468 1999 1526 2034 βίον
1546 1999 1782 2034 θωρακισάμενος,
1810 1998 1858 2024 καὶ

1067 2046 1101 2073 τὰ
1112 2046 1165 2072 τῶν
1179 2046 1316 2081 πολεμίων
1333 2046 1366 2072 δι’
1383 2046 1468 2081 αὐτῆς
1485 2045 1549 2081 βέλη
1566 2045 1646 2080 κωφὰ
1661 2045 1744 2071 πᾶσιν
1759 2045 1859 2071 Evam-

1067 2091 1156 2125 δείξας
1172 2093 1218 2118 καὶ
1232 2093 1350 2128 μάταισκ
1372 2093 1387 2119 ό
1401 2092 1524 2126 ποταμὸς
1548 2091 1603 2118 τῶν
1616 2091 1796 2127 χαρισμάτων
1811 2090 1858 2118 τοῦ

1069 2139 1243 2174 Πνεύματος·
1259 2140 1273 2165 ὁ
1288 2140 1378 2166 πᾶσαν
1395 2139 1507 2174 καρδίαν
1524 2137 1657 2174 ἱλαρύνων
1670 2139 1729 2168 ταῖς
1746 2138 1858 2177 χάρισι·

1068 2186 1082 2212 ὀ
1097 2185 1142 2212 τοῦ
1165 2187 1213 2221 τῆς
1234 2185 1398 2221 Ἐκκλησίας
1416 2184 1608 2220 στερεώματος
1625 2183 1721 2215 ἄδυτος
1735 2184 1828 2219 ἥλιος·
1844 2185 1859 2212 ὁ

223 2240 285 2260 sum
298 2233 437 2266 nesciens,
454 2240 616 2268 semperque
633 2233 742 2261 lucidus
757 2237 830 2261 esset
847 2241 853 2261 :
869 2234 915 2268 qui
931 2234 1015 2262 hare-

1070 2231 1154 2267 κόρας
1172 2231 1223 2266 μὲν
1240 2230 1412 2266 αίρεσιωτῶν
1432 2230 1572 2266 ἀμϐλύνας
1591 2231 1625 2266 τῇ
1641 2229 1695 2256 τῶν
1715 2230 1858 2266 δογμάτων

225 2278 343 2306 ticorum
368 2279 464 2306 oculos
479 2279 613 2307 doctrinae
637 2279 783 2315 splendore
808 2281 1018 2315 perstrinxerat,

223 2325 388 2361 piorumque
411 2325 519 2353 animos
536 2325 568 2352 ad
582 2325 663 2353 tidem
688 2326 856 2361 inculpatum
872 2327 1017 2354 direxerat.

259 2370 281 2397 Ο
296 2371 486 2406 aegrotantium
502 2371 625 2400 medice!
654 2379 670 2399 ο
690 2377 864 2407 peccatorum
888 2373 1020 2408 propitia-

224 2416 272 2450 tio,
284 2416 384 2452 largire
403 2417 471 2444 mihi
487 2417 602 2444 celerem
620 2424 742 2444 mearum
763 2417 955 2452 aegritudinum
967 2426 1018 2445 cu-

222 2462 377 2489 rationem:
392 2466 423 2489 ut
444 2467 603 2498 recuperata
636 2463 766 2495 sanitate,
795 2471 907 2491 rursum
926 2464 958 2490 ad
988 2468 1014 2491 te

223 2508 337 2543 Supplex
356 2509 495 2542 accedam,
512 2509 636 2544 gratique
652 2509 736 2536 animi
751 2509 936 2536 testimOnium
950 2509 1015 2537 affe-

221 2563 292 2582 ram.
318 2554 418 2583 Libera
432 2563 476 2583 me
491 2562 506 2582 a
521 2556 660 2590 periculis,
689 2563 750 2592 qua:
774 2556 896 2590 quotidie
923 2557 1016 2584 immi-

222 2606 298 2630 ucut,
317 2605 347 2628 ut
360 2609 422 2628 eum
440 2601 634 2636 pulcherrimis
650 2601 728 2630 fartis
743 2609 792 2637 pro
808 2601 878 2628 virili
899 2610 957 2629 mea
971 2603 1014 2630 in-

223 2646 355 2679 cubuere,
368 2646 478 2674 illorum
498 2650 525 2674 te
542 2650 681 2674 auctorem
693 2647 837 2682 perspicue
853 2655 1012 2684 agnoscam.

1067 2277 1353 2315 ).αμπρότητι,ψυχὰς
1370 2276 1398 2304 δὲ
1418 2276 1550 2312 θεοφιλῶν
1565 2276 1775 2313 χειραγωγήσας
1790 2277 1858 2312 πρὸς

1067 2324 1159 2350 πίστιν
1179 2324 1340 2360 ἀμώμητον.

1103 2371 1139 2398 Τὸ
1152 2370 1206 2397 τῶν
1226 2370 1346 2397 ἀσθενῶν
1365 2369 1496 2405 ίατήριον,
1515 2369 1570 2396 τῶν
1591 2369 1742 2397 πταιόντων
1754 2369 1784 2396 τδ
1800 2369 1857 2394 ἱλα-

1069 2418 1191 2453 στήριον,
1206 2417 1277 2443 δίδου
1293 2425 1338 2452 μοι
1350 2417 1404 2444 τῶν
1419 2416 1602 2451 ἐπικειμένων
1614 2416 1775 2451 νοσημάτων
1786 2414 1858 2441 ἐλευ-

1068 2463 1161 2499 θερίαν
1175 2464 1302 2498 τάχιστα,
1329 2463 1373 2489 ἴνα
1389 2463 1486 2498 ῥαΐσας
1505 2462 1582 2496 φανῶ
1600 2462 1681 2488 πάλιν
1705 2461 1798 2496 ἱκέτης
1813 2461 1858 2488 εὑ·

1068 2513 1205 2546 χάριστος.
1237 2510 1314 2536 Δίδου
1332 2518 1376 2544 μοι
1396 2509 1449 2536 τῶν
1472 2510 1608 2543 ὁσημέραι
1636 2507 1856 2542 προσγινομένων

1068 2557 1257 2592 περιστάσεων
1272 2555 1473 2590 ἀπολύτρωσιν,
1491 2555 1534 2581 ἵνα
1549 2555 1609 2586 ταῖς
1625 2552 1783 2584 καλλίσταις
1801 2553 1855 2579 τῶν

1068 2603 1194 2637 πράξεων
1213 2602 1404 2636 ὲκδαπανήσας
1418 2601 1448 2627 τὸ
1459 2599 1600 2632 δύνασθαι,
1614 2599 1786 2635 Δημιουργὸν
1794 2599 1854 2625 ἐπι-

1068 2649 1166 2685 γράψω
1195 2649 1249 2676 τῶν
1268 2647 1487 2684 κατορθωμάτων
1517 2646 1685 2683 σαφέστατα,
1712 2644 1854 2682 ἁμαρτιῶν

863 2741 984 2770 ἺΔΒΙᾹΞ
1000 2742 1196 2772 LECTIONES

247 2799 272 2815 ⁸³
288 2797 379 2835 malim
399 2799 517 2835 ἀορασιᾳ
531 2807 585 2835 mg.
601 2799 664 2826 Par.
674 2798 763 2835 _male.
799 2799 824 2815 "
839 2799 1001 2835 πεδοὺμενοι
1015 2800 1078 2829 Par.
1117 2801 1244 2828 ¹¹οῐωθεν
1261 2800 1337 2834 Pan,
1349 2800 1397 2828 sed
1413 2801 1487 2829 aliud
1504 2801 1600 2829 vitium
1611 2801 1686 2828 latet.

1733 2799 1756 2816 “
1774 2799 1854 2828 Deest

222 2832 413 2872 naum_l‘olium
430 2832 442 2862 ξ
456 2832 510 2862 nec
526 2832 619 2863 mi'uus
630 2835 657 2862 in
671 2833 836 2870 Lipomano,
865 2832 1012 2865 etsi'illius
1027 2837 1163 2872 interpres
1176 2837 1250 2865 velut
1264 2832 1338 2864 nulla
1355 2840 1428 2865 esset
1443 2837 1541 2865 lacuna
1571 2840 1672 2865 cuncta
1701 2835 1851 2864 cennectit.

222 2877 278 2905 ang.
298 2868 361 2897 Par.
