2041 3154
192 129 226 161 47
776 129 977 159 ΤΗΕΟΡΗΑΝ

1048 129 1232 161 OFFICIUM
1237 154 1244 161 .
1791 130 1827 164 ιε

194 189 327 222 imbutus,
346 186 440 214 mundi
460 186 552 214 dulcia
562 186 751 220 nihilifecisti,
766 194 899 224 perquam
916 188 977 216 bea-

1035 188 1266 224 χάριτι¹βιοτικὴν
1283 189 1456 226 τερπνότητα
1471 189 1548 219 οὐδὲν
1573 191 1677 228 ἡγήσω,
1706 199 1826 227 παμμα-

194 234 311 262 tissime.

227 279 317 308 Fet-ali
333 279 414 306 modo
438 279 548 306 irruens
565 277 620 307 Leo
645 283 779 314 tyrannus
804 279 906 307 elertos
923 288 985 315 per-

193 331 305 355 secutus
326 329 378 358 est,
408 332 462 352 non
483 323 572 352 ferens
603 324 696 351 videre
715 324 816 352 Christi
836 325 983 361 imaginem

194 371 398 400 venerationem
429 370 552 398 habere:
580 377 642 397 cum
669 370 769 405 quibus
784 375 810 398 te
823 379 942 406 quoque,
966 379 983 398 o

194 418 384 454 Theophanes,
403 416 544 444 damnavit
559 416 667 444 exsilio.

292 475 350 504 Ode
381 476 408 510 3,
429 480 541 503 tractus.
568 475 629 502 Non
644 475 672 503 in
689 475 831 510 sapientia.

221 523 317 551 Divina
327 524 424 559 plenus
440 524 511 556 luce,
519 523 710 559 Theophanes,
720 523 982 558 apparuisti,ebari-

186 571 251 599 tatis
263 571 289 598 vi
306 570 461 598 desiderato
475 570 627 603 cohaerens,
646 577 663 597 ο
678 570 758 598 beate
777 579 783 596 :
799 570 906 597 eamob
922 578 980 598 rem

185 618 334 652 gloriosam
346 622 421 645 tuam
431 617 601 644 memoriam
613 623 788 644 veneramur.

222 662 305 698 Impia
327 662 425 689 Leonis
444 661 573 696 dogmata
594 661 643 688 tibi
664 661 832 689 interdicens
865 660 910 696 pie
930 661 979 688 ad-

186 708 298 736 modum
314 707 481 735 conlirmasti
504 706 633 734 Ecclesiae
644 706 735 742 leges:
755 706 934 742 quamobrem
954 711 979 734 te

185 754 314 782 Christus
325 754 429 781 clarum
449 753 591 781 miraculis
602 752 703 780 eﬂ‘ecit.

223 801 387 834 Roboratus,
412 800 454 827 vir
468 805 573 832 sancte,
590 800 699 828 animus
724 800 793 834 spei,
818 805 902 836 atque
914 800 978 828 ﬁdei

186 847 325 880 ﬁrmitate,
359 846 450 875 carnis
473 846 689 874 imbecillitatem
718 847 853 879 roborat;
883 847 977 883 utique

185 900 349 923 conservum
365 900 465 928 corpus
482 893 536 920 Deo
549 892 713 920 concilians.

362 948 469 981 Sessio,
484 952 566 975 tonus
577 948 603 976 5.
621 947 718 975 Divina
735 947 797 982 ﬁde.

223 997 317 1024 Divina
333 995 462 1031 przeditus
477 994 661 1026 amulatione,
680 994 794 1029 impium
811 993 912 1028 dogma
927 993 975 1021 de-

185 1047 301 1071 testatus
317 1049 359 1075 es,
384 1040 532 1074 multisque
557 1047 590 1067 ac
605 1040 690 1067 variis
718 1039 847 1074 periculis
869 1047 899 1067 es
928 1039 976 1067 de-

184 1089 308 1121 functus,
323 1088 425 1123 injuste
439 1087 599 1122 deportatus
616 1085 725 1118 exsilio,
739 1087 848 1120 pieque,
874 1093 891 1113 ο
909 1085 975 1113 bea-

183 1136 302 1168 tissime,
318 1137 536 1162 consummatus.
562 1132 645 1160 Pater
659 1131 850 1167 Theophanes,
865 1131 975 1159 Christo

184 1181 240 1209 Deo
255 1180 387 1216 supplica,
400 1185 431 1207 ut
443 1186 539 1214 magna
556 1186 606 1206 nos
619 1177 806 1206 misericordia
820 1178 912 1206 donet.

251 1239 309 1266 Ode
323 1238 350 1266 4.
369 1237 514 1265 Sublimem
527 1237 627 1264 elatum
651 1236 739 1263 videns
754 1240 778 1263 te
791 1235 919 1264 Ecclesia.

218 1285 358 1313 leorum
376 1283 423 1311 tibi
450 1290 576 1319 regnum,
593 1283 635 1310 vir
651 1286 757 1315 sancte,
781 1286 907 1317 paratum
933 1287 976 1311 est

184 1337 316 1367 tanquam
336 1331 447 1358 athletae
463 1339 469 1356 :
487 1334 595 1357 terreno
615 1330 688 1357 enim
705 1329 884 1357 tabernaculo
909 1337 976 1365 gau-

184 1378 252 1406 dens
266 1376 454 1404 trauslatuses
473 1375 596 1403 clamans
612 1374 728 1403 Domino
743 1383 750 1401 :
773 1374 866 1404 Gloria
879 1380 976 1411 poten-

185 1424 230 1451 tiae
247 1427 310 1454 tuae,
325 1421 455 1449 Domine.

219 1468 411 1504 Triumphator
421 1467 602 1502 Theophanes
613 1466 725 1494 eiectus
736 1474 775 1494 es.
786 1465 975 1494 Venerandam

184 1516 286 1552 quippe
304 1514 408 1543 Christi
431 1514 547 1550 elligiem
573 1521 627 1541 non
653 1513 773 1541 abnuisti
792 1513 893 1546 colere,
920 1512 975 1540 Deo

1036 243 1161 270 καριστε.

1079 281 1220 316 Ὀρμήσας
1235 281 1374 318 θηριωδῶς
1391 283 1483 318 ἐδίωξε
1498 283 1572 311 Λέων
1586 283 1600 310 ὁ
1618 283 1748 319 τύραννος
1763 282 1826 315 τοὺς

1035 328 1191 362 ἐκλεκτοὺς,
1215 329 1251 364 μὴ
1280 330 1372 365 φέρων
1388 331 1454 366 όρᾷν
1469 331 1630 365 τιμωμένην
1654 330 1746 356 εἰκόνα
1760 330 1827 365 Χρι-

1035 374 1109 401 στοῦ.
1120 375 1187 403 Μεθ’
1204 373 1243 403 ὦν
1258 376 1304 403 καὶ
1320 375 1361 409 σὲ,
1377 376 1524 412 Θεόφανες,
1537 377 1668 413 ὑπερορίᾳ
1682 375 1827 404 κατεδίκα-

1033 428 1090 448 σεν.

1167 478 1222 514 ᾯδ.
1239 481 1275 512 γ’.
1295 479 1324 507 ’0
1340 479 1448 515 εἱρμός.
1463 481 1529 507 οὐκ
1546 480 1581 506 ἐν
1599 479 1703 514 σοφίᾳ.

1066 523 1157 555 Φωτὺς
1180 524 1227 552 τοῦ
1244 525 1316 552 θείου
1331 526 1525 561 πεπλησμένος
1537 526 1659 561 ὠράοης,
1678 525 1825 560 Θεόφανες,

1031 569 1064 596 δι’
1075 570 1187 605 ἀγάπης
1204 572 1369 607 συγκραθεὶς
1380 571 1419 607 τῷ
1434 572 1607 608 ποθουμένῳ,
1626 571 1761 607 μακάριε·
1783 571 1825 598 διὸ

1031 615 1078 641 σοῦ
1091 616 1141 651 τὴν
1157 616 1259 649 ἔνδοξον
1271 618 1382 654 μνήμην
1393 619 1569 654 γεραίρομεν.

1072 660 1279 697 ’Δπαγορεύσας
1300 663 1335 690 τὰ
1347 663 1466 699 δυσσεϐῆ
1492 663 1539 690 τοῦ
1559 663 1676 694 Λέοντος
1690 663 1825 698 δόγματα,

1029 706 1092 737 τοὺς
1106 706 1225 742 θεσμοὺς
1241 709 1416 741 πανευσεὸὦς
1442 711 1493 745 τῆς
1524 709 1688 745 Ἐκκλησίας
1707 710 1824 746 ἐκράτυη

1029 760 1077 783 νας
1087 760 1094 767 ·
1112 752 1153 779 διὸ
1169 753 1199 780 σε
1214 753 1335 789 θαύμασι
1349 755 1468 791 Χριστὸς
1478 755 1599 788 ὲδόξσσε.

1064 798 1267 835 Νενευρωμένη
1279 800 1329 835 τῆς
1357 801 1466 833 ἐλπίδος
1485 802 1534 828 καὶ
1549 802 1679 835 πίστεως,
1696 803 1763 835 acts,
1777 802 1824 837 τῆς

1029 845 1130 880 σαρκὸς
1153 845 1183 872 τὸ
1195 847 1307 878 ἀσθενὲς
1322 847 1396 883 ψυχὴ
1421 849 1584 884 στερρότητι
1613 850 1742 884 ῥώννυσι,
1765 849 1826 885 Θεῷ

991 885 1012 913 Β
1027 889 1193 918 οίκειώσασα
1206 891 1285 927 σῶμα
1295 893 1452 929 ὁμόδουλον.

1160 949 1301 985 Κάθισμοι.
1322 948 1370 986 ἧχ.
1386 951 1421 985 γ’.
1439 952 1527 985 Θείας
1549 953 1690 986 πίστεως.

1061 995 1146 1030 Ζῆλον
1161 995 1254 1022 ἔνθεον
1277 998 1533 1032 προσκεκτημένος.
1560 998 1650 1033 δόγμα
1677 998 1761 1025 ἄθεον
1775 997 1826 1024 ἀπ-

1026 1040 1170 1074 εὸδελύξω,
1184 1041 1231 1067 καὶ
1244 1042 1376 1074 κινδύνοις
1391 1044 1572 1079 πολυτρόποις
1580 1045 1733 1080 ὡμίλησας,
1743 1045 1825 1079 ὑπερο

1026 1087 1116 1122 ορίαις
1131 1087 1232 1119 ἀδίκως
1258 1088 1434 1123 στελλόμενος
1449 1090 1494 1116 καὶ
1506 1091 1637 1123 εὐσεϐῶς,
1649 1091 1819 1126 παμμάκσρ,

1025 1132 1225 1168 τελειούμενος.
1254 1134 1346 1170 Πάτερ
1377 1135 1526 1170 Θεόφανες,
1555 1137 1672 1171 Χριστὸν
1695 1137 1741 1164 τὸν
1757 1137 1824 1165 Θεὸν

1026 1178 1131 1205 ἱκέτευε
1148 1178 1322 1215 δωρήσασθαι
1337 1181 1403 1215 ἡμῖν
1419 1181 1449 1207 τὸ
1464 1181 1537 1216 μέγα
1553 1182 1642 1214 ἕλεος.

1065 1235 1121 1270 ᾭδ.
1137 1235 1168 1262 δ’.
1194 1236 1378 1270 Ἐπαρθέντα
1397 1245 1435 1264 σε
1448 1237 1557 1266 ιδοῦσα
1573 1239 1592 1273 ἡ
1612 1239 1792 1274 Ἐκκλησία.

1067 1280 1099 1307 ‘H
1109 1281 1234 1316 οὐράνιος
1256 1283 1422 1317 ἡτοίμασται
1441 1283 1565 1318 βασιλεία
1587 1285 1624 1317 ὡς
1640 1285 1743 1322 ἀθλητῇ
1768 1295 1822 1318 σοι,

1026 1325 1129 1358 ἔνδοξε·
1149 1326 1198 1362 τῆς
1211 1328 1265 1363 γὰρ
1277 1328 1400 1363 ἐπιγείου
1418 1329 1522 1365 χαίρων
1541 1331 1691 1366 μετετέοης
1706 1332 1822 1367 σκηνῆς,

1027 1371 1097 1407 βοῶν
1112 1373 1150 1408 τῷ
1163 1374 1287 1410 Δεσπότῃ
1301 1382 1306 1390 ’
1321 1375 1389 1409 Δόξα
1403 1376 1436 1410 τῇ
1449 1375 1564 1411 δυνάμει
1579 1385 1637 1409 σου,
1655 1377 1751 1412 Κύριε.

1061 1461 1280 1497 Στεφανηφόρος,
1290 1461 1436 1496 Θεόφανες,
1444 1462 1610 1499 ἀνεδείχοης.
1619 1463 1654 1489 Τὸ
1663 1464 1716 1500 γὰρ
1726 1464 1824 1492 σεπτὸν

1026 1506 1169 1542 εἱκόνισμα
1182 1507 1312 1542 Χριστοῦ,
1328 1507 1442 1543 Θεοφόρε
1465 1509 1572 1544 μάκαρ,
1593 1509 1643 1536 οὐκ
1660 1510 1771 1545 ἠρνήσω
1785 1519 1823 1536 τι-

185 1560 287 1593 amate,
302 1561 342 1588 vir
358 1560 455 1588 beate:
473 1559 577 1587 idcirco
594 1559 678 1587 etiam
691 1559 830 1587 clamabas
848 1568 856 1586 ε
883 1558 977 1586 Gloria

1029 1553 1100 1588 μᾷν”
1126 1553 1167 1579 διὸ
1185 1553 1233 1581 καὶ
1248 1553 1383 1589 ἕκραζεςο
1407 1554 1476 1587 Δόξα
1499 1556 1532 1590 τῇ
1552 1555 1667 1591 δυνάμει
1682 1564 1741 1588 σου,
1767 1557 1822 1583 Κύ-

184 1607 313 1643 potentias
328 1610 392 1638 tuae,
414 1606 538 1633 Domine.

221 1652 325 1681 Exsilio
337 1652 441 1687 ejectus
453 1651 495 1678 vir
508 1655 620 1679 sanctus
639 1651 714 1686 impii
730 1650 838 1686 tyranni
854 1650 976 1683 decreto,

186 1699 330 1728 imbecillze
349 1699 440 1728 carnis
465 1698 568 1726 nullam
591 1706 704 1734 prorsus
721 1698 854 1725 rationem
870 1697 976 1729 habuit,

185 1745 308 1774 clamans
341 1745 455 1772 Auctorl
485 1752 491 1770 :
517 1743 608 1772 Gloria
647 1743 776 1779 potentiae
813 1748 883 1776 tuas,
923 1742 977 1769 Do-

185 1799 267 1819 mine.

220 1835 371 1874 Magniﬁcis
402 1834 526 1863 ellulsisti
557 1834 709 1867 miraculis,
729 1833 771 1861 vir
790 1833 850 1861 Deo
876 1833 976 1868 plene:

186 1881 259 1910 Deus
276 1888 393 1916 namque
409 1881 494 1908 vicem
508 1879 628 1907 reddidit
661 1879 854 1913 sustinentis;
882 1885 978 1914 quant-

185 1928 278 1956 obrem
289 1928 370 1956 etiam
384 1926 565 1954 velutc'lonte
576 1925 750 1953 sanationum
767 1925 883 1953 remedia
896 1931 979 1959 egen-

186 1974 259 2002 tibus
274 1973 377 2007 fundis,
391 1973 431 2000 vir
446 1972 641 2001 sacratissime.

325 2030 381 2057 Ode
393 2030 418 2057 5.
434 2029 484 2062 Tu,
499 2029 620 2062 Domine,
632 2037 716 2056 meum
735 2028 834 2055 lumen.

220 2077 348 2104 Piissima
357 2076 482 2103 doctrina
493 2077 652 2103 orthodoxa:
668 2075 730 2102 lidei
742 2075 896 2102 doctrinam
908 2081 978 2109 prae-

186 2123 287 2151 dicavit
302 2126 416 2150 sanctus
431 2121 624 2156 Theophanes,
636 2121 757 2156 Spiritus
783 2121 843 2148 luce
853 2121 976 2148 (illustra-

187 2174 242 2197 tus.

223 2215 329 2243 Uberes
358 2213 468 2242 divitias
493 2213 586 2241 divino
612 2220 694 2240 sensu
715 2212 808 2248 egenis
837 2212 977 2240 distribui-

187 2261 234 2294 sti,
252 2260 360 2288 Domini
374 2264 509 2296 praecepto
527 2260 687 2293 obsecutus,
705 2260 746 2287 vir
759 2260 921 2287 clarissime.

219 2351 274 2385 Qui
295 2350 328 2379 ad
344 2350 472 2379 Auctoris
490 2350 635 2386 imaginem
647 2350 740 2378 animo
751 2350 878 2378 conditus
888 2357 974 2384 esses,

186 2398 376 2425 intemeratam
396 2397 505 2424 Domini
534 2397 710 2424 veneraberis
731 2397 886 2432 imaginem,
903 2397 976 2425 desi-

185 2444 262 2472 derio
275 2443 449 2473 exosculans.

202 2490 299 2520 Odeﬁ.
318 2489 484 2524 Sacriﬁcnbo
502 2489 550 2517 tibi
562 2497 622 2516 cum
637 2497 697 2517 voce
716 2489 817 2522 laudis,
834 2489 956 2516 Domine.

222 2537 313 2573 Dirige
326 2536 367 2564 ad
387 2537 516 2564 virtutem
532 2537 616 2564 vitam
632 2544 734 2569 meam,
756 2537 797 2564 vir
810 2541 913 2569 sancte,
926 2543 978 2564 re-

188 2582 290 2616 Iigiosa:
301 2574 480 2609 institutionis
493 2582 619 2609 semitam
638 2583 702 2615 tuis,
727 2581 818 2614 Pater,
849 2582 977 2617 precibus

187 2628 382 2662 complanans;
406 2635 489 2662 quam
505 2635 582 2662 roga,
610 2628 652 2655 vir
665 2628 754 2661 beate,
785 2632 813 2655 ut
830 2633 905 2656 recto
920 2633 977 2656 tra-

187 2672 254 2700 mite
272 2674 379 2701 concite
396 2681 428 2701 ae
445 2679 576 2702 contente
592 2681 763 2709 percurram.

222 2717 321 2746 Sobria
350 2724 480 2755 casteque
507 2720 591 2748 vitam
621 2719 759 2755 peregisti,
787 2719 829 2747 vir
859 2724 976 2748 sancte:

187 2764 287 2800 quippe
298 2771 359 2792 eum
374 2766 528 2800 prudentia,
540 2765 712 2798 fortitudine,
728 2772 768 2793 tae
777 2765 886 2800 iustitia
909 2773 978 2801 prte-

187 2811 263 2839 tlLtus
291 2811 384 2845 luisti,
410 2812 597 2848 virtutumque
627 2813 714 2841 choro
745 2816 859 2842 ornatus
887 2812 976 2840 eluxi-

181 2857 232 2886 su.

1030 1607 1084 1634 ριε.

1065 1643 1271 1679 Μεθιστὼμενος
1286 1644 1479 1681 προστάγματι
1491 1646 1538 1673 τοῦ
1553 1647 1685 1682 τυράννου
1699 1646 1745 1674 τοῦ
1759 1647 1822 1674 δυσ-

1031 1689 1127 1722 σεόοῢς
1143 1691 1158 1716 ό
1172 1690 1256 1723 ὅσιος,
1281 1690 1383 1726 σαρκὸς
1397 1692 1540 1724 ἀσθενείας
1554 1692 1623 1724 ὅλως
1635 1693 1687 1719 οὐκ
1702 1694 1823 1731 ἐφρόνει·

1030 1746 1070 1771 σε,
1083 1737 1249 1773 κραυγάζων
1263 1737 1302 1773 τῷ
1323 1738 1471 1766 Κτίσαντι·
1484 1739 1553 1771 Δόξα
1568 1741 1601 1775 τῇ
1624 1740 1740 1774 δυνάμει
1762 1748 1820 1772 σου,

1029 1783 1127 1819 Κύριε.

1069 1830 1274 1867 Ἐμεγαλύνθης
1289 1832 1346 1863 τοῖς
1361 1831 1494 1867 θαύμασι,
1509 1831 1636 1868 θεοφὸρε’
1662 1834 1676 1858 ό
1690 1833 1744 1868 γὰρ
1756 1834 1822 1866 Θεὸς

1027 1875 1164 1911 ὴμείψατό
1182 1885 1212 1903 σε
1225 1877 1276 1912 τῆς
1292 1877 1456 1912 καρτερίαν
1479 1877 1540 1904 ὅθεν
1565 1878 1612 1905 καὶ
1639 1878 1740 1914 ἰάματα
1769 1887 1822 1915 πη-

1028 1922 1122 1957 γόιζεις
1145 1924 1202 1956 τοῖς
1234 1923 1381 1960 χρῄζουσιν
1410 1923 1504 1960 ὥσπερ
1539 1925 1572 1950 ὲκ
1601 1925 1711 1960 πηγῆς,
1743 1925 1822 1960 ἱερώ-

1027 1977 1104 1997 τατε.

1211 2027 1263 2063 ᾯδ.
1279 2030 1309 2054 ε’.
1323 2027 1377 2059 Σὺ,
1398 2026 1486 2062 Κύριέ
1498 2035 1569 2062 μου,
1585 2027 1659 2062 φῶςα

1062 2073 1141 2107 Λόγῳ
1157 2073 1320 2100 πανευσεὸεἰ
1335 2072 1623 2109 όρϐοδόξωςὲκήρυξεν
1637 2075 1651 2100 ό
1670 2074 1743 2105 ὅσιος
1756 2074 1821 2101 Θεο-

1028 2119 1115 2154 φάνης
1130 2118 1161 2145 τδ
1175 2119 1228 2154 τῆς
1243 2120 1362 2151 πίστεως
1379 2119 1480 2154 δόγμα,
1497 2119 1536 2154 τῷ
1556 2119 1695 2154 Πνεύματι
1714 2120 1821 2154 λαμπό-

1029 2173 1120 2200 μενος.

1063 2211 1180 2238 Πλοῦτον
1210 2211 1370 2246 παντοδαπῆ
1397 2210 1549 2246 θεοφρόνως
1563 2210 1702 2245 διένειμας
1734 2219 1821 2246 προσ-

991 2245 1014 2274 D
1027 2257 1145 2293 τάγματι
1157 2258 1204 2285 τοῦ
1218 2258 1354 2284 Δεσπότου
1365 2245 1426 2289 τοῖς
1444 2245 1526 2293 πενίᾳ
1545 2257 1662 2290 συζῶσιν
1676 2257 1820 2293 ἑπόμενος,

1030 2304 1205 2340 πανεύῳημε.

1066 2351 1157 2386 ’Έχων
1169 2351 1219 2386 τὴν
1237 2350 1327 2387 ψυχὴν
1340 2351 1400 2380 κατ’
1416 2351 1509 2378 εἰκόνα
1521 2351 1568 2378 τοῦ
1584 2350 1745 2383 κτίσαντος,
1771 2351 1821 2386 τὴν

1028 2395 1162 2432 ἄχραντον
1174 2396 1221 2423 τοῦ
1236 2396 1374 2423 Δεσπότου
1386 2397 1566 2431 προσεκύνεις
1582 2396 1684 2430 εἰκόνα,
1693 2396 1732 2432 τῷ
1746 2396 1821 2430 πόθῳ

1028 2442 1230 2478 ἀσπαζόμενος.
1499 2478 1503 2482 ,

1046 2489 1101 2524 ᾭό.
1118 2488 1154 2521 ς’.
1172 2489 1259 2516 Θύσω
1271 2497 1321 2516 σοι
1331 2489 1407 2524 μετὰ
1419 2489 1524 2524 φωνῆς
1541 2487 1694 2521 αἰνέσεως,
1709 2489 1806 2522 Κύριε.

1066 2534 1170 2562 Ἰθυνον
1195 2535 1264 2570 πρὸς
1278 2536 1380 2571 ἀρετὴν
1392 2535 1437 2562 τὸν
1455 2535 1511 2570 βίον
1536 2542 1598 2569 μου,
1614 2534 1671 2560 ὃσιε
1684 2542 1690 2548 ·
1707 2535 1758 2569 τὴν
1772 2536 1822 2569 τῆς

1029 2581 1172 2616 ἀσκήσεως
1194 2581 1288 2617 τρίϐον
1304 2583 1365 2614 ταῖς
1395 2582 1488 2617 εὐχαῖς
1514 2589 1577 2612 σου,
1599 2581 1701 2616 Πάτερ,
1723 2580 1822 2615 ἐξομα-

1029 2627 1165 2664 λίσας,ἦν
1194 2627 1327 2660 συντόνως
1344 2627 1506 2663 εὐθυπορεῖν
1531 2636 1577 2663 με,
1607 2628 1713 2663 μάκαρ,
1740 2627 1821 2659 ἀξίω-

1030 2683 1087 2702 σον.

1061 2721 1213 2756 Σωφρόνως
1241 2730 1288 2748 σου
1317 2720 1367 2756 τὴν
1395 2720 1469 2756 ζωὴν
1495 2719 1635 2754 διήνυσας,
1659 2719 1732 2746 ὅσιε·
1749 2718 1820 2753 μετὰ

1026 2767 1184 2803 φρονήσεως
1198 2767 1252 2803 γὰρ
1266 2767 1356 2803 ἔσχες,
1375 2767 1424 2794 σὺν
1442 2765 1554 2802 ἀνδρείᾳ
1578 2765 1632 2800 γὰρ
1647 2765 1697 2801 τὴν
1715 2765 1820 2791 δικαιο-

1026 2814 1122 2850 σύνην,
1139 2814 1187 2841 καὶ
1202 2814 1241 2850 τῷ
1252 2814 1346 2850 κύκλῳ
1359 2814 1415 2842 τῶν
1429 2812 1537 2850 ἀρετῶν
1552 2812 1655 2848 ἐφάνης
1663 2811 1819 2849 κοσμούμε-

1029 2866 1082 2891 νος.
