2041 3154
165 231 200 264 49

755 231 999 262 THEOPHANIS
1025 231 1231 265 OFFICIUM..

1769 238 1806 271 50

199 287 336 320 Εὐκλείας
351 288 522 324 μαρτυρικῆς
535 287 647 324 ἐπέϐης,
664 288 812 324 Θεόφανες,
832 289 882 324 τῆς
896 289 948 315 Θεο

1001 319 1002 323 η
1051 290 1180 328 Martyris
1201 293 1365 327 claritatem,
1377 292 1569 329 Theophanes.
1581 294 1696 330 adeptus
1709 303 1750 329 es,
1762 304 1806 326 vo-

165 335 284 370 μήτορος
301 335 386 370 κόρης
413 335 460 361 καὶ
485 335 641 371 μαρτύρων,
662 336 772 372 Πάτερ,
793 336 856 368 τοὺς
871 345 958 371 χαρα-

164 381 271 416 κτῆρας
284 381 323 412 ὡς
337 382 468 417 τιμήσας,
487 382 533 408 καὶ
548 383 604 413 τοῖς
620 380 746 414 διώκταις
763 382 959 418 ἀντιταττόμε-

165 436 219 458 νος.

279 475 440 504 Κοντάκιον.
458 473 545 511 Ἧχος
557 474 589 510 β’.
608 475 645 503 Τὰ
660 476 722 502 ἄνω
733 472 841 509 ζητῶν.

205 520 251 553 Ἐξ
274 518 357 555 ὕψους
372 519 464 548 λαϐὼν
483 521 531 556 τὴν
557 520 632 548 θείαν
649 520 821 556 ἀποκάλυψιν
847 521 959 557 ἐξῆλθες

164 567 267 602 σπουδῇ
284 567 317 593 ἐκ
337 566 429 602 μέσων
452 567 508 594 τῶν
523 567 656 603 θορύῦων,
674 567 721 594 καὶ
740 567 871 602 μονὰσας,
889 568 956 601 ὃσιε,

162 613 278 649 εἴληφας
294 613 435 649 ἐνεργείας
455 615 502 641 καὶ
517 612 687 650 προφητείας
704 613 824 650 ἀξίωμα,
841 614 956 649 συμϐίου

162 660 209 686 καὶ
226 659 343 687 πλούτου
359 668 403 687 crte
409 660 551 696 ρούμενος.

492 707 524 733 '0
542 705 636 741 οΐκος.

205 752 268 779 Ἐπὶ
291 753 342 788 τῆς
359 753 410 788 γῆς
441 753 523 789 μηδὲν
547 754 741 790 προθυμήσας,
766 752 958 789 ἡκολούθησας

161 798 263 833 χαίρων
281 799 319 834 τῷ
330 799 458 826 καλοῦντί
476 808 506 826 σε
521 799 643 834 Χριστῷ,
659 800 706 826 καὶ
719 799 765 827 τὸν
777 799 859 833 ζυγὸν
873 799 956 826 αὑτοῦ

160 844 256 877 ἔλαϐες
276 845 322 871 ἐπὶ
340 845 394 872 τῶν
407 845 490 880 ὤμων
505 842 561 872 τῶν
577 846 631 872 σῶν
648 845 811 881 προθύμως,
830 846 876 872 καὶ
889 846 956 873 ἀνά-

159 900 259 919 παυσιν
277 887 357 926 εὗρες
374 894 406 926 τῇ
422 891 494 928 ψυχῇ
507 901 564 920 σου,
577 892 684 928 Ἦνπερ
702 892 786 927 κάμοὶ
803 892 842 928 τῷ
855 891 956 927 πτωχῷ

158 938 206 964 καὶ
218 937 334 972 ρᾳθύμῳ
350 938 544 973 κατάπεμψον,
559 938 598 974 τῷ
616 939 735 973 λέγοντι,
752 939 798 965 καὶ
811 939 872 974 μηδ’
887 939 956 970 ὅλως

157 984 324 1019 ἐκωιοῦντι,
355 984 413 1011 ἀλλ’
444 985 484 1011 ἔτι
512 985 669 1020 σχολάζοντι
698 986 728 1012 ἐν
751 987 808 1016 τοῖς
828 984 876 1012 τοῦ
896 985 954 1020 βίου

157 1031 315 1066 πράγμασι,
335 1032 383 1058 καὶ
399 1031 568 1067 Θαυμάζοντι
580 1032 637 1064 πῶς
652 1033 743 1059 πάντα
757 1032 869 1067 ἔφυγες,
886 1041 956 1067 συμ-

156 1078 218 1104 είου
229 1078 277 1104 καὶ
292 1077 408 1105 πλούτου
425 1078 618 1114 στερούμενος.

156 1123 267 1157 tib-ium
283 1123 337 1150 τοῦ
351 1124 439 1151 ὁσίου
463 1124 579 1158 Πατρός
602 1124 686 1159 ἡμῶν
706 1124 880 1159 Θεοφάνους
900 1126 954 1153 τοῦ

192 1159 472 1195 ὀμολογητοῦπτοῦ
497 1159 552 1195 τῆς
571 1160 760 1195 Σιγ-πριανῆς,
785 1160 843 1187 τοῦ
858 1161 893 1187 ἐν
914 1160 955 1194 τῷ

190 1193 311 1228 μεγάλῳ
329 1194 417 1229 Ἀγρῷ
429 1194 579 1230 κειμένου.

190 1236 274 1270 Οὗτος
285 1240 390 1275 πατρὸς
402 1241 451 1275 μὲν
466 1240 517 1275 ἔφυ
536 1241 639 1273 Ἰσαὰκ,
655 1242 758 1277 μητρὸς
768 1242 796 1269 δὲ
811 1242 952 1278 Θεοδότης.

155 1285 210 1311 Τοῦ
225 1285 254 1312 δὲ
270 1285 373 1320 πατρὸς
386 1286 599 1321 τελευτήσαντος
614 1288 642 1314 ἐν
659 1289 693 1323 τῇ
707 1287 753 1314 ὑπ’
765 1288 847 1315 αὑτοῦ
864 1289 955 1316 διεπο-

157 1331 225 1366 μέιιῃ
243 1331 298 1357 τῶν
311 1332 575 1367 Αίγαιοπελαγητῶν
589 1333 674 1368 ἀρχῇ,
693 1331 728 1368 ἦν
750 1333 828 1369 παρᾶ
845 1335 877 1369 τῇ
899 1343 952 1369 μη-

154 1377 201 1410 τρὶ
214 1376 384 1411 ἀναγόμενος
399 1378 446 1403 καὶ
460 1377 640 1412 τρεφόμενος.
659 1378 810 1413 Γενομένου
827 1378 855 1405 δὲ
868 1378 952 1405 αὐτοῦ

155 1422 190 1457 ιβ’
215 1423 304 1455 ἔτους,
327 1424 478 1459 ἁρμόζεται
492 1425 614 1458 γυναικὶ,
631 1425 678 1452 καὶ
699 1425 784 1462 ταύτῃ
801 1426 952 1460 συνδιάγων

153 1466 188 1503 ἦν
205 1470 318 1504 χρόνους
330 1472 366 1504 η’.
375 1469 494 1501 Πλοῦτος
507 1467 578 1505 δὲῆν
589 1470 756 1506 ἀμφοτέροις
771 1470 865 1503 πολύς.
883 1472 952 1506 Συμ-

153 1514 243 1550 σούλῳ
267 1515 295 1541 δέ
309 1523 363 1542 τινι
388 1516 563 1550 χρησάμενος
589 1516 645 1550 ἰδίῳ
661 1517 766 1554 οἰκέτῃ,
781 1517 865 1544 πόθον
889 1518 951 1553 ἔσχε

153 1561 240 1587 πολὺν
254 1561 300 1588 τὸν
315 1561 369 1587 τῶν
388 1561 530 1596 μοναστῶν
547 1563 674 1589 ὑπελθεῖν
700 1563 767 1598 βίον.
785 1563 841 1599 Τῆς
855 1564 883 1590 δὲ
898 1572 951 1600 μη-

152 1607 217 1641 τρὸς
235 1606 280 1632 τὸν
294 1608 352 1642 βίον
366 1608 554 1644 ἀπολιπούσης
579 1609 626 1635 καὶ
642 1609 756 1636 πλοῦτον
772 1609 884 1645 ἄπειρον
899 1611 950 1637 αὺ-

1011 335 1052 362 lut
1065 336 1112 370 qui
1122 336 1169 364 Dei
1183 339 1303 372 parentis
1317 339 1424 374 puellae,
1441 345 1647 376 martyrumque
1659 341 1803 377 imagines,

1011 389 1027 409 ο
1057 383 1147 416 Pater,
1176 389 1322 413 veneratus
1349 385 1399 419 sis,
1431 394 1465 414 ac
1488 382 1711 422 persecutoribus
1736 389 1804 417 resi<

1011 432 1108 457 stores.

1106 475 1279 505 Contacium.
1293 477 1386 506 Tonus
1395 478 1423 505 2.
1449 478 1570 514 Superna
1586 488 1714 515 quarens.

1046 520 1142 549 Divina
1162 530 1177 549 c
1190 522 1262 550 celso
1276 523 1442 551 revelatione
1459 529 1581 560 accepta,
1601 533 1616 553 e
1631 525 1728 554 mediis
1744 530 1803 554 turb

1009 566 1052 594 bis
1069 566 1186 596 festinus
1207 570 1360 603 excessisti,
1387 571 1572 606 monachique
1597 572 1740 607 amplexus
1759 573 1803 600 in-

1009 613 1146 646 stitutum,
1181 614 1224 642 vir
1251 620 1355 649 sancte,
1385 617 1554 651 operationis
1582 625 1615 645 ac
1652 619 1802 654 prophetia:

1010 666 1112 687 munus
1127 659 1269 695 accepisti,
1288 668 1375 688 uxore
1386 669 1484 689 carens
1505 666 1588 698 atque
1605 662 1719 691 divitiis.

1351 706 1461 734 Domus.

1043 751 1111 779 Cum
1128 753 1155 779 in
1172 757 1246 780 terra
1262 753 1330 781 nihil
1342 761 1467 789 cuperes,
1495 760 1640 783 vocantem
1659 755 1801 784 Christum

1008 799 1130 837 gaudens
1143 805 1252 827 secutus
1265 808 1305 833 es,
1319 801 1433 836 ejusque
1444 801 1538 837 jugum
1554 803 1580 829 in
1593 802 1723 831 humeros
1739 808 1803 832 tuos

1009 836 1092 872 alacri
1119 845 1212 873 animo
1225 846 1373 878 sustulisti,
1395 854 1427 874 ac
1442 848 1564 882 requiem
1582 848 1681 876 anima:
1698 856 1750 876 tuac
1762 850 1802 877 in‘

1008 890 1118 918 venisti.
1135 888 1212 919 Hanc
1227 891 1295 918 mihi
1309 899 1420 927 quoque
1436 893 1550 927 pauperi
1566 894 1698 928 segnique
1712 894 1799 927 mitte,

1008 936 1054 971 qui
1071 936 1171 969 dicam.
1185 945 1237 966 nec
1251 946 1367 973 prorsus
1386 939 1514 971 eﬂiciam,
1528 939 1581 973 {sed
1597 947 1690 967 vacem
1710 941 1802 970 adimo

972 967 993 995 Β
1007 982 1100 1010 smculi
1117 983 1209 1017 curis;
1239 985 1388 1020 mirerque,
1405 990 1434 1013 ut
1451 990 1550 1014 cuncta
1576 985 1713 1022 eliugeris,
1733 995 1805 1016 con-

1004 1028 1072 1065 juge
1086 1037 1184 1057 carens
1195 1035 1278 1066 atque
1296 1032 1413 1060 divitiis.

1007 1118 1136 1162 Meritoria
1147 1123 1235 1149 sancti
1257 1122 1348 1162 Patris
1363 1126 1447 1162 nostri
1463 1123 1627 1161 Theophani:
1639 1128 1804 1162 confessorio

1041 1154 1192 1191 Singrianw
1208 1158 1340 1192 monac/ii,
1354 1161 1399 1195 qui
1414 1162 1440 1188 in
1452 1154 1546 1198 magno
1561 1154 1630 1198 Agre

1040 1231 1091 1260 llic
1104 1233 1206 1263 Isaacio
1221 1241 1299 1271 patre
1323 1244 1404 1266 natus
1424 1243 1477 1271 est,
1499 1243 1586 1267 matre
1601 1245 1692 1268 autem
1709 1240 1800 1269 Theo-

1004 1279 1078 1313 dota,
1097 1286 1175 1315 patre
1191 1288 1309 1317 mortuo,
1337 1285 1402 1312 dum
1428 1285 1694 1321 Egeopelagitarum
1727 1295 1798 1322 pras-

1004 1325 1137 1355 l'ecturam
1158 1329 1237 1364 gerit,
1250 1330 1302 1358 sub
1316 1331 1412 1359 matris
1428 1339 1493 1359 cura
1519 1333 1672 1361 instituitur
1688 1341 1720 1361 ac
1733 1334 1800 1361 edu-

1004 1377 1090 1401 catur.
1124 1375 1267 1403 Annorum
1280 1376 1369 1405 factus
1383 1378 1539 1410 duodecim,
1557 1379 1665 1408 femina:
1680 1381 1799 1416 despon-

1003 1422 1176 1456 saajunctus,
1197 1429 1259 1449 cum
1275 1429 1307 1449 ea
1321 1424 1401 1450 annis
1416 1428 1478 1451 octo
1496 1425 1578 1451 vitam
1592 1425 1721 1452 socialem
1731 1426 1797 1461 agit.

1003 1467 1090 1494 Erant
1120 1467 1202 1494 ambo
1229 1468 1327 1502 opibus
1350 1468 1569 1503 locupletissimi.
1597 1468 1682 1497 Porro
1703 1470 1798 1498 famuli

1003 1514 1147 1548 cujusdam
1176 1513 1321 1541 domestici
1354 1515 1480 1543 consiliis
1510 1515 1661 1548 inductus,
1694 1517 1798 1553 ingenti

1002 1561 1140 1588 desiderio
1157 1560 1302 1588 tenebatur
1320 1561 1501 1596 amplectendi
1527 1566 1615 1590 status
1639 1563 1796 1591 monastici.

1005 1606 1091 1633 Matre
1105 1606 1174 1634 vivis
1188 1611 1325 1641 exempta,
1347 1607 1544 1642 immensisque
1560 1607 1615 1635 filio
1638 1608 1740 1636 relictis
1754 1608 1798 1636 di-

152 1654 193 1688 τῷ
209 1654 451 1687 καταλελοιπυίας,
470 1656 483 1681 ὁ
498 1655 632 1690 κηδεστὴς
647 1655 730 1682 αὑτοῦ
745 1657 890 1691 πληρῶσαι
915 1658 949 1685 τὰ

1007 1653 1091 1685 vitiis,
1107 1653 1221 1688 cogebat
1237 1661 1314 1681 socer
1325 1658 1354 1680 ut
1373 1654 1531 1689 nuptiarum
1552 1655 1672 1690 legitima
1700 1655 1798 1691 imple-

151 1699 191 1735 τῷ
206 1700 290 1735 γάμῳ
305 1701 489 1736 νενομισμένα
503 1701 598 1728 τοῦτον
610 1702 776 1735 ἐξεϐιάζετο,
795 1704 849 1730 Καὶ
862 1704 894 1740 δὴ
902 1706 952 1741 τῆς

152 1746 252 1782 κυρίας
267 1747 376 1782 ἡμέρας
391 1747 668 1783 καταλαϐούσης,καὶ
684 1750 790 1781 παστὰς
802 1752 949 1786 ἐπήγνυτο,

151 1793 201 1820 καὶ
218 1793 348 1828 ὑμέναιος
364 1793 453 1829 ᾔδετο,
479 1794 525 1820 καὶ
541 1795 574 1821 τὰ
590 1795 672 1822 λοιπὰ
687 1797 815 1824 ἐτελεῖτο.
829 1798 906 1824 Ἐπεὶ
922 1798 950 1825 δὲ

151 1839 165 1865 ὀ
176 1839 275 1874 καιρὸς
290 1840 374 1866 αὐτὸν
397 1840 444 1866 τὸν
463 1841 599 1876 μακάριον
621 1843 669 1869 καὶ
693 1842 742 1878 τὴν
758 1843 887 1871 σύνευνον
901 1854 951 1872 κα-

151 1886 274 1920 ταμόνας
295 1886 424 1919 γενέσθαι
449 1887 553 1919 ἐκάλει,
582 1887 616 1914 τὰ
633 1888 688 1915 τῶν
706 1889 845 1925 λογισμῶν
866 1890 949 1918 αὑτοῦ

152 1933 257 1967 κρύφια
272 1933 407 1969 ἐφανέρου
419 1935 452 1969 τῇ
466 1934 577 1967 νεάνιδι,
592 1935 654 1970 ἥτις
674 1936 722 1962 καὶ
745 1937 929 1970 συγκατέθετο
942 1946 948 1953 ·

151 1979 196 2003 καὶ
212 1977 240 2003 εἷ
248 1986 274 2005 τι
285 1978 351 2005 δ’ἆν
366 1978 413 2005 καὶ
429 1978 558 2014 βούληται
571 1980 652 2012 αὐτὸς
667 1981 811 2016 πράττειν,
826 1982 949 2019 καὶαὺτὴ

150 2023 231 2050 τοῦτο
250 2024 320 2059 μετὰ
346 2025 504 2060 προθυμίας
529 2026 716 2053 διεϐεϐαιοῦτο
742 2029 838 2054 ποιεῖν.
860 2029 949 2065 Ὅπερ

150 2072 282 2104 ἀκούσας,
295 2072 484 2109 ηὑχαρίστησε
497 2073 536 2109 τῷ
551 2073 621 2110 Θεῷ.
647 2074 762 2102 Ἐκτοτε
780 2075 826 2102 οὖν
841 2076 950 2103 ἐποίουν

151 2118 302 2153 ἀμφότεροι
316 2118 364 2149 τὰς
377 2119 513 2154 ἡμερινὰς
521 2120 567 2146 καὶ
581 2121 741 2157 νυκτερινὰς
752 2122 845 2157 εὐχάς.
857 2123 950 2150 Ταῦτα

153 2163 246 2197 μαθὼν
262 2164 339 2191 Λέων
352 2165 366 2191 ὁ
377 2164 512 2200 δυσσεϐὴς
528 2165 655 2200 βασιλεὺς
681 2166 728 2193 καὶ
747 2168 761 2194 ὁ
785 2167 880 2194 τούτου
899 2177 950 2203 κη-

150 2208 257 2244 δεστὴς,
291 2208 423 2235 διεκώλυε
455 2209 519 2241 τοὺς
554 2210 632 2242 νέους
655 2211 704 2237 τοῦ
743 2211 858 2239 σκοποῦ.
887 2213 949 2245 Ἐξ-

1002 1706 1052 1733 ret,
1072 1707 1243 1735 uxoremque
1264 1700 1346 1727 tiliam
1369 1701 1491 1728 duceret.
1521 1701 1561 1728 Ac
1578 1709 1643 1728 vero
1657 1709 1797 1730 cumcon-

1001 1745 1095 1772 stituta
1107 1745 1164 1772 dies
1179 1745 1344 1777 advenisset,
1359 1745 1469 1780 ponitur
1481 1745 1630 1777 thalamus,
1642 1746 1799 1781 hymenmus

1001 1793 1148 1824 orcinitur,
1167 1793 1326 1828 reliquaque
1340 1793 1500 1827 nuptiarum
1515 1793 1650 1820 solemnia
1666 1800 1798 1829 peragun-

1002 1844 1056 1866 tur.
1093 1837 1212 1874 Urgebat
1227 1842 1344 1873 tempus,
1356 1838 1469 1874 jamque
1481 1838 1523 1865 vi'r
1539 1838 1636 1866 beatus
1650 1846 1712 1866 cum
1730 1846 1797 1867 con-

999 1886 1064 1921 juge
1080 1885 1193 1912 thalami
1210 1890 1314 1912 secreta
1327 1889 1386 1912 erat
1402 1885 1548 1919 petiturus.
1568 1883 1637 1912 Tum
1650 1884 1696 1911 illo
1712 1885 1796 1912 animi

1001 1939 1134 1958 arcanum
1152 1930 1304 1965 tletegente,
1319 1930 1408 1965 puella
1434 1929 1533 1958 lubens
1548 1930 1707 1964 assentitur,
1738 1938 1798 1958 cer-

1002 1983 1084 2009 toque
1096 1976 1220 2009 allirmat,
1239 1977 1262 2003 si
1277 1977 1343 2012 quid
1355 1977 1400 2004 ille
1410 1977 1485 2008 velit,
1504 1984 1533 2004 se
1548 1984 1659 2012 quoque
1672 1982 1798 2012 prompto

1002 2024 1147 2051 facturam.
1177 2023 1224 2051 His
1245 2022 1357 2058 juvenis
1377 2023 1491 2056 auditis,
1522 2023 1578 2050 Deo
1603 2023 1704 2058 gratias
1719 2024 1796 2059 agit:

1000 2071 1156 2105 exindeque
1180 2070 1261 2097 ambo
1295 2070 1341 2097 diu
1368 2073 1506 2105 noctuque
1536 2069 1664 2105 precibus
1692 2069 1796 2097 assidui

1000 2121 1090 2144 erant.
1124 2116 1165 2143 R‘e
1177 2115 1298 2150 cognita,
1316 2114 1371 2142 Leo
1391 2114 1492 2150 impius
1510 2114 1671 2149 imperator,
1696 2121 1728 2141 ac
1743 2113 1806 2141 viri‘

1001 2170 1090 2195 socer,
1105 2169 1120 2188 a
1133 2160 1275 2196 proposito
1285 2160 1473 2188 adolescentes
1488 2159 1698 2194 prohibuerunt.
1725 2159 1797 2186 Misit

1001 2217 1121 2244 uanique
1137 2209 1286 2244 imperator
1298 2207 1441 2243 Cyzicum,
1471 2215 1531 2235 eam
1559 2207 1586 2234 in
1602 2207 1696 2234 urbem
1716 2214 1795 2233 suam

151 2255 296 2282 απὲστειλε
314 2255 343 2281 δὲ
358 2255 439 2282 αὐτὸν
454 2256 468 2282 ὸ
483 2256 610 2291 βασιλεὺς
633 2257 702 2292 πρὸς
713 2258 744 2284 τὸ
766 2258 816 2294 τῆς
829 2258 950 2291 Κυζίκου

1001 2263 1113 2292 operam
1129 2255 1295 2284 collaturum
1312 2262 1319 2280 :
1340 2253 1397 2288 jam
1413 2253 1488 2280 enim
1513 2257 1571 2280 tum
1590 2253 1795 2281 exstruebatur.

151 2303 270 2338 κάπρον
295 2304 528 2339 συγχειρήσοντα*
561 2303 613 2340 ἤδη
638 2305 693 2341 γὰρ
717 2307 777 2333 τότε
805 2307 947 2340 ἐκτίζετο·

151 2348 196 2375 καὶ
207 2348 334 2376 ἀπελθὼν
350 2351 364 2376 ὁ
381 2351 474 2385 τίμιος
490 2351 555 2383 παῖς
569 2350 598 2384 ἐξ
613 2351 687 2378 ἰδίων
700 2353 886 2388 ἀναλωμάτων
898 2354 948 2389 τὴν

150 2394 196 2421 τοῦ
210 2395 380 2430 κρατοῦντος
402 2396 526 2423 δουλείαν
551 2397 697 2433 πεποίηκε.
717 2398 762 2434 Τῷ
787 2399 816 2425 δέ
833 2400 948 2436 εἰκοστῷ

150 2439 251 2475 πρώτῳ
262 2441 353 2476 χρόνῳ
367 2441 418 2476 τῆς
434 2441 517 2468 αὐτοῦ
533 2441 652 2477 ἡλικίας,
663 2443 677 2469 ὅ
693 2451 722 2470 τε
737 2443 909 2480 θηριώνυμος
925 2446 947 2462 θ’

150 2485 278 2519 βασιλευς
307 2487 356 2514 καὶ
379 2488 394 2514 ὁ
408 2487 539 2523 πενθερὸς
553 2488 637 2515 αὑτοῦ
665 2491 887 2525 καταστρέφουσι
901 2491 947 2519 τὸν

150 2531 206 2566 βίον
216 2541 223 2548 ·
237 2533 286 2559 καὶ
300 2533 395 2560 λοιπὸν
408 2534 438 2560 ὲν
454 2534 599 2571 ἐλευθερίᾳ
616 2535 647 2562 οὐ
665 2536 745 2570 μόνον
759 2537 773 2562 ὸ
789 2537 858 2569 νέος,
875 2537 945 2565 ἀλλὰ

147 2578 195 2604 καί
211 2578 227 2613 ἡ
254 2579 402 2614 οἰκουμένη
417 2579 533 2613 γίνεται,
557 2581 678 2617 Εἰρήνης
694 2581 728 2608 τὰ
744 2584 873 2618 σκῆπτρα
887 2583 946 2610 δια-

146 2620 309 2657 δεξαμένης.
329 2623 406 2650 Ἐπεὶ
419 2623 447 2650 δὲ
463 2625 534 2652 κατὰ
548 2626 610 2652 νοῦν
636 2627 726 2653 πάντα
745 2627 820 2664 αὐτῷ
835 2629 944 2663 γέγονε,

148 2669 205 2699 τοῖς
224 2668 328 2695 ὲνδεέσι
341 2670 388 2696 καὶ
404 2672 522 2706 πτωχοῖς
539 2672 588 2707 τὴν
604 2672 699 2700 οὐσίαν
725 2674 807 2701 αὐτοῦ
823 2675 947 2708 διεσκόρ-

146 2721 222 2746 πιοε,
239 2715 288 2741 καὶ
302 2716 366 2748 τοὺς
381 2717 500 2749 οἰκείους
521 2718 665 2755 ἐλευθερία
688 2720 822 2756 τετίμηκε
836 2729 843 2736 ⁸
860 2723 893 2757 τῇ
917 2722 946 2749 δὲ

145 2762 227 2796 τιμία
249 2761 334 2789 αὑτοῦ
348 2762 458 2798 συξύγῳ
473 2764 603 2800 χρήματα
622 2766 707 2794 πολλὰ
722 2768 943 2803 παρασχόμενος,

147 2806 176 2832 ἐν
188 2809 220 2842 τῇ
238 2807 286 2834 τοῦ
299 2808 451 2844 Πρίγκιπος
465 2813 532 2847 μονῇ
548 2812 706 2848 ἀπέκειρεν,
721 2813 840 2848 Εἰρήνην
858 2814 944 2850 αὐτὴν

146 2853 210 2880 diu!
221 2854 367 2888 Μεγαλοῦς
381 2856 528 2892 ὀνομάσας.
543 2858 628 2891 Αὐτὸς
638 2858 666 2885 δὲ
680 2858 720 2895 τῷ
739 2859 835 2896 Κυρίῳ
846 2860 943 2888 ἑαυτὸν

966 2316 987 2344 D
1001 2303 1104 2330 Abiens
1120 2309 1183 2329 vero
1210 2299 1359 2336 przrclarus
1371 2300 1493 2333 juvenis,
1514 2300 1572 2327 suis
1599 2300 1658 2335 ipse
1673 2299 1794 2334 sumpti-

1001 2349 1063 2381 bus,
1084 2347 1157 2383 quod
1171 2345 1433 2381 imperatorisjussu
1446 2345 1506 2372 urbi
1524 2345 1708 2380 praestandum
1725 2349 1794 2378 erat,

1001 2395 1101 2424 elfecit.
1131 2393 1234 2421 Etatis
1248 2398 1332 2428 porro
1350 2391 1425 2420 illius
1453 2399 1526 2420 anno
1543 2392 1674 2420 vicesimo
1693 2391 1793 2426 primo,

1000 2450 1063 2470 cum
1079 2441 1134 2469 Leo
1150 2441 1309 2475 imperator,
1336 2443 1393 2467 tum
1410 2438 1461 2466 viri
1475 2446 1555 2466 socer
1577 2439 1660 2466 vitam
1671 2445 1796 2466 commu-

998 2492 1067 2522 tant,
1081 2487 1263 2522 deincepsque
1288 2486 1389 2514 nedum
1404 2485 1522 2520 juvenis,
1551 2485 1596 2513 sed
1610 2490 1637 2512 et
1650 2484 1725 2511 orbis
1736 2485 1795 2519 ipse

999 2535 1069 2562 liber
1097 2534 1172 2569 agit,
1206 2532 1284 2560 lrene
1308 2532 1432 2568 Augusta
1469 2536 1576 2568 sceptra
1618 2531 1792 2566 postmodum

1000 2580 1172 2608 moderante.
1215 2579 1286 2607 Cum
1319 2578 1413 2614 itaque
1444 2586 1477 2605 ex
1515 2581 1580 2604 voto
1607 2580 1705 2604 cuncta
1730 2583 1794 2604 suc-

1000 2627 1168 2660 cessissent,
1205 2626 1299 2661 egenis
1338 2633 1370 2653 ac
1401 2624 1570 2664 pauperibus
1609 2623 1792 2651 substantiam

1001 2673 1155 2706 distribuit,
1173 2679 1323 2708 servosque
1334 2671 1463 2701 libertate
1474 2670 1594 2698 donavit.
1609 2669 1792 2698 Nobilissimaa

1000 2726 1091 2749 autem
1107 2720 1220 2756 conjugi
1246 2719 1376 2754 elargitus
1390 2722 1492 2744 multas
1515 2717 1657 2752 pecunias,
1670 2717 1696 2744 iu
1712 2716 1794 2744 Prin—

999 2768 1069 2803 cipis
1085 2767 1123 2794 ita
1139 2757 1212 2794 dicio
1225 2763 1391 2793 monasterio
1400 2762 1531 2795 detonuit,
1545 2761 1666 2798 Megalus
1679 2763 1792 2791 nomine

999 2814 1025 2841 in
1039 2814 1146 2841 Irenem
1161 2812 1200 2839 illi
1214 2813 1395 2839 commutato.
1416 2809 1440 2836 is
1465 2816 1529 2837 vcro
1546 2817 1576 2837 se
1600 2809 1715 2837 Domino
1731 2817 1792 2836 mu-

998 2869 1050 2889 nus
1063 2863 1210 2888 consecrat
1219 2859 1246 2886 in
1258 2857 1436 2890 monasterio,
1450 2857 1524 2893 quod
1539 2858 1566 2885 in
1579 2857 1788 2894 Singrianorum

797 2928 917 2958 \‘AlilE
946 2929 1152 2960 LECTIONES.

185 2967 208 2983 ⁸¹¹
227 2967 411 3005 ϐυριὼνυμος.
427 2970 490 2998 Par.

1796 2927 1809 2946 Χ
