2041 3154
159 195 193 228 2.3
743 194 989 225 THEOPHANIS
1013 193 1210 225 OFFICIUM.
1764 175 1806 228 ει

372 252 427 288 ᾯδ.
447 251 479 284 ζ’.
502 253 554 280 ‘Er
567 252 607 286 τῇ
621 251 746 287 καμίνφ.

193 300 231 326 Τὸ
247 300 308 327 κατ’
324 299 418 327 είκόνα
429 299 461 326 σὺ
473 299 651 335 κεκτημένος,
667 299 716 326 καὶ
727 298 857 334 ὁμοίωσιν
871 299 894 315 ⁸¹
906 297 956 334 βίῳ

160 346 358 381 λαμπροτάτῳ,
387 345 490 381 Πάτερ,
516 344 700 381 προειληφὼς,
729 344 763 372 δι’
791 344 954 381 ἀμφοτέρων

161 391 367 427 ὑπερελαμψας.
382 391 572 426 Εὐλογημένος
587 389 611 418 εἶ
626 392 655 419 ὲν
667 391 707 426 τῷ
730 391 797 426 ναῷ⁷
810 391 890 426 βοῶν,
905 391 955 426 τῆς

160 439 238 473 δόξης
253 447 312 471 σου,
328 438 427 473 Κύριε.
657 434 697 440 ””

201 483 362 518 ὀμολογίας
377 491 425 509 σου
440 483 576 517 στεφάνῳ,
593 482 694 518 Πάτερ,
710 482 867 518 διέπρεψας,
881 482 954 518 ἔργῳ

161 529 303 564 διήλεγξας
329 529 425 564 λόγους
457 529 512 556 τῶν
535 529 687 561 δυσσεΰῶν,
707 530 771 561 τοὺς
787 529 900 559 πιστοὺς
927 528 955 555 δὲ

161 575 340 609 ὲὸεὸαιωσας,
363 575 553 612 Εὐλογημένος
568 574 595 603 εῐ
607 576 636 602 ἐν
651 575 691 612 τῷ
705 575 773 611 ναῷ,
801 575 882 611 βοῶν,
905 575 955 611 τῆς

161 622 239 657 δόξης
253 631 312 655 σου,
327 622 426 657 Κύριε.

195 668 241 704 Τῷ
257 669 430 704 στερῤοτάτῳ
461 669 491 696 ἐν
506 668 647 705 προθυμίᾳ
667 668 716 700 τὰς
736 668 784 695 τοῦ
816 668 953 704 σώματος,

163 714 263 750 Πᾴτερ,
274 714 426 750 ἀλγηδόνας
441 715 560 750 ἤνεγκας
570 714 722 750 καρτερῶς,
735 714 905 750 εὐχαριστῶν
916 715 954 751 τῷ

163 760 283 794 Δεσπότῃ
297 768 355 791 σου,
372 759 561 794 Εὐλογημένος
578 757 605 786 εἷ
619 760 649 786 ὲν
660 758 698 794 τῷ
721 759 788 794 ναῷ,
804 759 884 794 βοῶν,
905 759 954 796 τῆς

162 805 240 840 δόξης
256 814 314 837 σου,
328 805 427 840 Κύριε.

290 851 344 885 ᾮδ.
361 853 397 885 η’.
411 850 516 883 Xst'pac
530 850 700 884 ἐκπετάσας
712 851 835 885 Δανιήλ.

198 895 350 938 Θεὼμενος,
365 896 468 932 μάκαρ,
483 896 513 923 τὺ
529 897 644 933 στερρὸν
659 897 710 931 τῆς
727 897 778 932 σῆς
801 898 954 929 ἐνστάσεως

164 927 266 968 Λέων
280 927 423 977 τύραννος,
443 927 632 978 ’ύπερορίᾷσε
647 927 739 979 ἔκρινε
756 927 920 979 ’πικροτάτῃ
968 927 990 956 Β

164 987 359 1023 παμπόνηρος·
383 989 412 1015 ἐν
441 988 596 1024 εὐφροσύνῃ
624 989 654 1016 δὲ
683 989 753 1024 βοῶν
783 989 887 1024 ταύτην
901 990 955 1017 ὑπ-

164 1033 284 1067 ήνεγκα-ς
296 1041 303 1048 ”
315 1033 470 1068 summ,
486 1034 576 1062 πάντα
592 1035 627 1062 τὰ
640 1034 709 1071 ἔργα
723 1034 770 1062 τοῦ
784 1036 898 1070 Κυρίου,
911 1037 956 1064 τον

166 1079 280 1115 Κύριον.

208 1125 272 1151 ἐπὶ
283 1126 313 1170 το
326 1126 506 1162 πρωτότυπον
521 1126 599 1159 είὸὼς
613 1127 662 1162 τὴν
676 1126 727 1163 τῆς
743 1128 848 1159 εἰκόνος
874 1128 957 1163 τιμὴν

164 1171 382 1205 διαόιὸἀξεσθαι,
398 1173 445 1199 ἐπὶ
460 1172 489 1199 τὸ
516 1173 624 1200 στάδιον
642 1173 758 1209 ἔδραμες
788 1173 908 1209 ἀθλητὴς
921 1173 958 1205 ὡς

165 1217 352 1252 ἑννομώτατος
363 1226 369 1234 ·
383 1218 432 1245 καὶ
454 1218 568 1254 νικητὴς
583 1219 752 1254 ἀναδειχθεὶς
777 1219 908 1254 στέφανον
921 1220 959 1246 εἴ-

165 1264 255 1298 ληφας
270 1264 453 1299 ἀναμέλπων·
476 1264 569 1296 Πάντα
593 1265 628 1292 τὰ
652 1265 730 1302 ἔργα,
747 1266 896 1301 ἀνυμνεῖτε
912 1266 959 1294 τδν

166 1308 280 1344 Κύριον.

201 1353 336 1389 Οὐράνιον
350 1354 411 1381 ἀντὶ
427 1355 477 1390 τῆς
493 1355 522 1381 ἐν
539 1356 574 1390 γῇ
595 1355 699 1391 σκηνήν
713 1363 755 1382 σοι
772 1354 872 1382 δέδωκε
889 1355 960 1382 πάν-

165 1407 221 1426 των
248 1399 367 1435 Κύριος·
386 1401 447 1427 ἀντὶ
467 1400 625 1432 στενώσεως
641 1398 722 1437 εὗρες
744 1401 773 1428 δὲ
799 1401 960 1436 πλατυσμδν

167 1445 364 1479 ἀγαλλιάσεως,
394 1447 423 1473 ἐν
448 1447 605 1483 παραδείσῳ
631 1447 738 1483 τρυφῆς
763 1448 833 1483 μετὰ
853 1447 960 1483 μαρτύ-

169 1499 223 1526 ρων
236 1490 322 1526 βοῶν·
339 1492 494 1527 Εὐλογεῖτε,
523 1495 612 1520 πάντα
633 1493 668 1520 τὰ
691 1492 760 1529 ἔργα
775 1493 892 1529 Κυρίου,
915 1494 961 1522 τὸν

167 1537 283 1572 Κύριον.

204 1582 277 1637 deum
291 1582 531 1637 ἐλάμφθηςνοητῷ
543 1584 595 1637 ’καλ
611 1584 676 1620 θείῳ
690 1585 843 1619 Πνεύματι,
866 1585 962 1622 μάκαρ
977 1606 999 1637 c

168 1628 322 1663 Θεόφανες⁰
339 1629 401 1657 ὅθεν
418 1630 521 1665 ίάματα
542 1631 635 1666 βρύεις
653 1631 730 1668 [γὰρ]
747 1634 803 1664 τοῖς
828 1633 856 1659 ὲν
872 1633 961 1660 πίστει

169 1682 212 1701 σοι
232 1675 444 1710 προστρέχουσι,
473 1676 520 1703 καὶ
539 1677 588 1711 τὴν
606 1677 689 1712 ἁγίαν
716 1686 764 1705 σου
780 1678 858 1714 σορὸν
887 1678 963 1713 πόθῳ

169 1720 329 1790 ἶςεραίρουσι
349 1721 396 1751 καὶ
413 1721 509 1756 βοῶσι·
529 1723 620 1750 Πάντα
631 1723 666 1750 τὰ
680 1723 766 1759 ἔργα,
789 1724 899 1760 ὑμνεῖτε
917 1724 963 1751 τὸν

197 1771 285 1790 υοιον.

197 1771 285 1800 υριον.

345 1809 399 1846 ᾮδ.
418 1810 449 1839 θ’.
467 1812 555 1845 Λίθος
572 1812 798 1849 ἀχειρότμητος.

207 1855 336 1883 ’Δπαντα
351 1856 397 1883 τὸν
420 1857 476 1892 βίον
502 1858 654 1894 σκορπίσας
672 1860 728 1891 τοῖς
741 1859 888 1896 δεομένοις,
903 1861 964 1888 θεο-

173 1901 251 1937 φόρε,
265 1902 315 1937 τὴν
329 1901 504 1938 δικαιοσύνην
519 1904 608 1938 σοφῶς
634 1905 814 1940 ἀντεκομίςου
838 1915 879 1934 σοι
896 1908 964 1934 ἀνα-

173 1948 332 1981 τέλλουσαν,
345 1949 406 1976 ἀντὶ
423 1948 550 1984 φθαρτῶν
565 1950 733 1986 δρεπόμενος
760 1953 794 1979 τὰ
817 1953 851 1980 δι’
866 1953 965 1985 αἰῶνος

174 1993 363 2021 ἀνατέλλοντα.

209 2039 315 2072 Νὸσους
333 2040 505 2076 θεραπεύεις,
531 2044 697 2080 παμμάκαρ,
725 2043 772 2071 τοῦ
786 2044 965 2080 Παρακλήτου

174 2087 206 2121 τῇ
224 2086 341 2122 δυνάμει
350 2095 356 2103 ·
371 2088 503 2124 δαίμονας
513 2090 608 2125 σαφῶς
617 2090 780 2122 ἀπελαύνεις
791 2092 825 2127 τῇ
841 2091 967 2127 ἐνεργείᾳ

175 2132 282 2165 τούτου,
303 2133 432 2161 πανόλϐιε
444 2143 452 2150 -
469 2135 510 2162 διὸ
525 2136 617 2163 πιστοὶ
632 2136 765 2172 θεώμενοί
782 2145 823 2171 σε,
840 2137 966 2173 θεοφόρε,

177 2178 379 2215 μακαρίζομεν.

216 2224 249 2251 Ἡ
272 2225 308 2261 σὴ
339 2226 508 2261 φωτοφόρος,
540 2227 666 2263 θεόφρον,
698 2228 749 2264 τῆς
777 2229 969 2264 μεταστάσεως

1265 251 1324 280 Ode
1340 251 1365 280 7.
1383 251 1417 279 In
1427 260 1543 280 comma.

1041 297 1077 327 Ut
1092 298 1125 326 ad
1142 297 1290 333 imaginem
1308 306 1384 326 esses
1409 298 1540 334 adeptus,
1569 298 1684 334 vitaque
1699 300 1797 328 claris-

1005 345 1075 374 sima
1088 345 1308 378 similitudinem,
1317 346 1408 379 Pater,
1420 351 1596 378 consecutus,
1607 350 1724 381 utmque
1738 346 1798 373 exi-

1006 393 1061 420 mic
1073 392 1189 426 fulsisti;
1210 393 1335 420 clamans
1351 402 1358 421 ε
1377 392 1547 421 Benedictus
1562 400 1602 426 es,
1628 392 1754 426 Domine,
1769 392 1796 419 in

1007 439 1107 473 templo
1125 438 1218 473 εισι-ἰαὶ
1237 442 1300 465 tuae.

1041 484 1231 513 Confessionis
1251 488 1315 516 tuae,
1329 482 1423 517 Pater,
1440 491 1542 510 corona
1557 482 1699 515 claruisti;
1715 490 1798 517 opere

1005 531 1140 566 factisque
1154 530 1299 565 impiorum
1318 530 1402 557 verba
1428 529 1589 561 confutasti,
1615 528 1709 556 ﬁdeles
1729 536 1795 556 vero

1005 577 1194 609 conﬁrmasti,
1211 577 1336 605 clamans
1356 588 1363 604 ς
1382 577 1546 604 Benedictus
1562 583 1604 610 es,
1622 575 1745 609 Domine,
1768 575 1797 603 in
1820 591 1821 594 η

1005 625 1107 659 templo
1119 624 1213 660 gloria:
1232 628 1297 651 tuae.

1041 670 1214 698 Firmissimo
1228 670 1371 705 alacriqne
1402 669 1488 697 animi
1512 668 1655 704 proposito
1673 669 1800 703 corporis

1005 717 1125 750 dolores,
1134 715 1225 749 Pater,
1237 716 1344 744 fortiter
1360 715 1507 751 pertulisti,
1524 716 1578 742 Deo
1587 714 1688 750 gratias
1696 721 1796 749 agens;

1004 763 1128 790 clamans
1145 771 1151 790 :
1167 762 1332 790 Benedictus
1346 769 1386 794 es,
1402 761 1529 794 Domine,
1545 761 1572 788 in
1588 760 1690 796 templo
1706 759 1800 796 gloria:
1817 771 1825 773 ι·

1005 814 1068 836 “lie.

1146 854 1203 882 Ode
1216 855 1243 882 8.
1271 853 1396 881 Manibus
1415 854 1538 888 expansis
1551 852 1656 880 Daniel.

1040 901 1151 934 Videns,
1166 901 1207 928 vir
1223 901 1312 933 beate,
1327 899 1381 927 Leo
1390 896 1522 935 tyrannus
1533 899 1611 925 ﬁrmo
1622 902 1648 925 te
1661 897 1815 933 proposito-

1008 947 1046 976 illi
1058 947 1155 979 obniti,
1165 946 1326 982 gravissimo
1335 945 1522 980 nequissimus
1535 944 1675 972 damnavit
1688 943 1798 971 exsilio:

1009 995 1037 1019 tu
1055 999 1121 1018 vero
1132 991 1210 1018 laetos
1231 989 1382 1026 pertulisti,
1402 989 1524 1016 clamans
1537 997 1544 1016 :
1557 986 1721 1019 Benedicite,
1739 993 1800 1014 om-

1009 1037 1054 1064 nia
1071 1043 1152 1071 opera
1166 1035 1283 1069 Domini,
1300 1035 1456 1062 Dominum.

1046 1129 1114 1157 Cum
1137 1128 1302 1164 intelligeres
1318 1127 1450 1155 honorem
1469 1125 1594 1161 imaginis
1610 1124 1644 1151 ad
1660 1121 1802 1158 exemplar

1012 1175 1140 1208 transire,
1152 1175 1185 1202 ad
1203 1174 1321 1202 stadium
1339 1177 1369 1201 ut
1383 1180 1466 1207 quam
1480 1171 1620 1207 legitimus
1637 1170 1738 1197 athleta
1750 1177 1801 1196 cu-

1014 1221 1138 1254 curristi,
1153 1221 1299 1256 victorque
1327 1219 1495 1247 acclamatus
1512 1225 1643 1245 coronam
1661 1216 1801 1251 accepisti,

1013 1268 1120 1296 dulcius
1134 1267 1283 1296 concinens
1294 1276 1301 1294 :
1312 1265 1410 1294 Omnia
1419 1272 1513 1300 opera,
1524 1264 1634 1291 laudate
1645 1262 1802 1291 Dominum.

1048 1361 1166 1389 Coalesle
1177 1359 1226 1388 tibi
1240 1366 1290 1395 pro
1305 1366 1338 1387 eo
1353 1358 1426 1393 quod
1442 1358 1468 1385 in
1490 1361 1563 1384 terra
1580 1360 1622 1383 est
1639 1355 1803 1382 tabernacu-

1014 1408 1070 1436 lum
1084 1407 1276 1435 universorum
1294 1405 1428 1433 Dominus
1442 1403 1579 1431 contulit:
1596 1405 1733 1435 arctaaque
1753 1407 1803 1426 cu-

1019 1453 1116 1482 stodiae
1137 1452 1199 1480 loco
1222 1451 1394 1478 latitudinem
1423 1446 1615 1477 exsultationis
1637 1446 1664 1472 in
1679 1443 1806 1480 paradiso

1016 1499 1164 1534 voluptatis
1184 1505 1246 1526 cum
1259 1496 1428 1532 martyribus
1444 1493 1584 1525 invenisti,
1600 1492 1723 1520 clamans
1735 1499 1742 1518 :
1753 1489 1804 1517 Be-

1015 1545 1146 1578 nedicite,
1163 1543 1255 1571 omnia
1269 1549 1353 1577 opera
1366 1540 1486 1573 Domini,
1504 1538 1663 1566 Dominum.

1052 1590 1172 1626 Spiritali
1182 1589 1243 1617 luce
1255 1589 1408 1616 illustratus
1423 1594 1464 1619 es,
1475 1593 1507 1614 ac
1517 1585 1610 1613 divino
1625 1583 1726 1619 Spiritu
1741 1589 1805 1617 per-

1014 1637 1104 1670 fusus,
1120 1636 1164 1664 vir
1192 1635 1271 1663 beate
1288 1633 1470 1669 Theophanes
1492 1640 1499 1659 :
1526 1631 1644 1665 indeque
1673 1629 1806 1657 sanitates

1013 1681 1129 1710 scatur-is
1156 1680 1281 1708 ﬁdelibus
1302 1679 1335 1706 ad
1358 1682 1384 1706 te
1411 1675 1652 1712 confugientibus,
1674 1678 1805 1708 tuumque

1014 1731 1139 1756 sanctum
1168 1726 1289 1754 loculum
1316 1732 1410 1752 amore
1422 1722 1626 1753 venerantibus.
1639 1728 1671 1748 ac
1685 1721 1806 1748 claman-

1015 1771 1087 1799 tibus
1104 1770 1221 1799 zOmnia
1235 1777 1327 1804 opera,
1345 1768 1454 1796 laudate
1470 1765 1628 1794 Dominum.

1164 1815 1222 1844 Ode
1235 1815 1261 1842 9.
1276 1814 1358 1849 Lapis
1372 1814 1428 1840 sine
1437 1810 1665 1846 manu'prtecim.

1050 1862 1130 1890 Omni
1158 1861 1311 1889 substantia
1337 1863 1385 1886 tua
1410 1858 1437 1886 in
1465 1864 1565 1892 egenos
1588 1853 1809 1888 distributa,vir

1015 1910 1108 1937 divino
1120 1915 1203 1935 sensu
1220 1904 1488 1941 praedite,justitiam
1505 1902 1594 1937 palam
1607 1901 1655 1928 tibi
1673 1900 1807 1928 orientem

1016 1956 1089 1984 illius
1096 1953 1208 1990 praemio
1219 1952 1335 1980 retulisti
1350 1958 1415 1986 :pro
1424 1950 1456 1977 iis
1467 1957 1528 1985 quae
1536 1952 1600 1976 sunt
1609 1946 1807 1981 corruptibilia,

1016 2009 1047 2030 ea
1059 2002 1206 2035 decerpens
1222 2006 1283 2034 qua).
1297 1998 1324 2025 in
1340 1997 1472 2025 saeculum
1486 1996 1638 2024 virescunt.

1051 2047 1161 2075 Morbos
1180 2053 1270 2077 curas,
1289 2046 1331 2071 vir
1345 2042 1512 2075 beatissime,
1528 2039 1662 2068 Paracleti
1675 2038 1806 2075 potentia.

1017 2094 1209 2127 daemonesque
1222 2090 1310 2126 palam
1324 2089 1396 2118 illius
1410 2089 1437 2116 vi
1455 2088 1553 2124 abigis,
1570 2088 1612 2115 vir
1624 2086 1781 2115 felicissime
1800 2095 1806 2113 :

1017 2139 1121 2177 ideirco
1141 2145 1193 2166 nos
1218 2137 1314 2165 ﬁdeles
1328 2141 1355 2165 te
1375 2140 1538 2164 contuentes
1551 2135 1663 2163 beatum
1678 2133 1810 2169 praedica-

1018 2193 1090 2214 mus.

1054 2230 1167 2263 Lucida,
1188 2229 1281 2258 divino
1303 2236 1386 2257 sensu
1412 2227 1542 2264 praedite,
1559 2226 1612 2255 tete
1638 2225 1811 2262 migrationis

176 2272 265 2308 ἡμέρα
277 2272 383 2304 πάντας
408 2274 602 2309 προσκαλεῖται
611 2275 673 2307 τοὺς
687 2276 799 2306 πιστοὺς
814 2276 883 2311 πρὸς
900 2284 962 2311 μετ-

1020 2274 1079 2303 dies
1099 2273 1192 2302 ﬁdeles
1214 2281 1309 2301 omnes
1323 2273 1430 2305 invitat,
1445 2276 1475 2299 ut
1493 2270 1710 2298 sanctiﬁcatione
1725 2269 1811 2304 parti-

177 2317 269 2344 ουσίαν
295 2318 343 2344 τοῦ
372 2318 559 2354 ἁγιάοματος·
581 2320 668 2356 ἥνπερ
698 2320 746 2348 καὶ
759 2321 807 2348 νῦν
820 2321 968 2357 γηθόμενοι

177 2365 366 2401 ἐπιτελοῦμεν,
381 2366 523 2402 ἱερώτατε.

210 2410 312 2446 Νᾶμοις
326 2413 378 2447 τὴν
390 2413 439 2447 σὴν
452 2413 567 2448 ἄφθονον
581 2414 661 2450 χάριν
671 2413 709 2450 τῷ
722 2414 777 2442 τῶν
789 2415 908 2443 ἐπαίνων
920 2423 968 2443 σου

176 2457 238 2488 τοὺς
254 2458 352 2492 λόγους
364 2459 502 2492 πλέξαντι,
520 2460 645 2496 θεόφρον,
671 2461 836 2497 προθύμως·
855 2462 966 2498 ὁμότρο-

177 2502 227 2529 πον
243 2511 284 2530 σοι
299 2503 396 2540 ὥσπερ
410 2504 556 2540 ὁμώνυμον
571 2507 665 2534 τοῦτον
682 2507 789 2540 δεικνὺς
809 2508 968 2544 πρεσϐείαις

177 2549 237 2580 ταῖς
251 2549 473 2585 εὐπροσδέκτοις,
490 2551 632 2587 ἱερώτατε.

1021 2323 1144 2359 cipentur
1159 2331 1165 2350 :
1188 2328 1270 2357 quam
1288 2324 1313 2348 et
1337 2327 1412 2347 nunc
1426 2318 1575 2354 gaudentes
1592 2316 1758 2352 peragimus,
1769 2316 1812 2343 vir

1022 2369 1220 2399 sacratissime.

1057 2416 1184 2448 Tribuas,
1194 2420 1297 2449 quzeso,
1309 2412 1419 2440 uberem
1432 2416 1505 2438 tuam
1514 2409 1629 2445 gratiam
1638 2408 1686 2440 illi,
1694 2406 1741 2443 qui
1751 2410 1812 2433 tua-

1022 2470 1083 2490 rum
1099 2461 1209 2489 laudum
1223 2466 1334 2487 carmen
1347 2458 1432 2486 alacri
1444 2457 1535 2484 animo
1544 2455 1630 2483 texuit
1643 2454 1812 2487 :iisdemque

1023 2515 1111 2537 tecum
1123 2507 1258 2538 moribus,
1268 2506 1307 2533 uti
1321 2509 1348 2533 et
1359 2504 1456 2532 eodem
1476 2506 1605 2531 censetur
1620 2499 1741 2532 nomine,
1757 2499 1812 2525 Deo

1022 2555 1108 2591 gratis
1124 2553 1252 2590 precibus
1268 2552 1320 2580 tuis
1339 2550 1431 2585 facito,
1447 2550 1489 2578 vir
1499 2547 1696 2577 sacratissime.

822 2655 942 2683 VARIAS
963 2653 1170 2684 LECTIONES.

216 2700 238 2715 "
254 2700 369 2736 ὀμοῖωσι
381 2700 444 2728 Par.
