2023 3154
137 160 188 192 2'33

787 158 835 187 CH
839 157 1071 190 RONOGRAPH
1077 160 1114 189 ῐΛ
1119 186 1125 190 .

1716 163 1770 196 234

135 212 152 251 ᾗ
165 215 309 251 Γαμαλιὴλ
323 216 338 242 6
353 214 510 246 διδάσκαλος
528 214 635 241 Παύλου
650 214 697 240 τοῦ
710 213 862 240 ἀποστόλου
876 214 925 240 σὺν

980 215 1114 249 tosignani
1146 224 1246 252 corpus
1277 217 1409 246 Gamaliel
1435 218 1513 246 Pauli
1530 219 1647 254 apostoli
1668 228 1772 256 praece-

141 261 242 297 Ἀὄίϐῳ
255 261 294 297 τῷ
310 261 360 295 υἰῴ
375 261 457 287 αὑτοῦ
475 260 579 296 ἔθαψαν
603 259 785 296 κηδεύσαντες
798 259 829 286 τὸ
846 259 926 295 σῶμα

135 307 182 334 τοῦ
195 307 442 342 πρωτομάρτυρος.

169 353 203 379 Α.
211 353 246 379 Μ.
255 352 468 388 5920.-Τούτῳ
480 352 519 388 τῷ
527 353 582 380 ἔτει
593 351 732 383 Θεοδόσιος
740 353 754 379 6
762 352 876 387 εὐσεϐὴς
883 351 927 387 βα-

137 398 228 429 σιλεὺς
243 399 315 424 κατὰ
337 398 453 433 μίμησιν
463 398 512 433 τῆς
525 397 927 434 μακαρίαςΠουλχερίαςπολλὰ

136 445 266 479 χρήματα
274 444 313 479 τῷ
322 443 381 460 ¹⁷·⁸³
388 445 529 479 ὲπισκόπῳ
535 444 557 460 ’θ
564 444 598 471 Ίε
603 443 697 479 ροσολύ
702 452 759 479 μων
768 444 926 472 ἀπέστειλεν

136 489 204 525 πρὸς
213 490 236 505 ⁸⁸
245 489 362 516 διάδοσιν
368 489 422 516 τῶν
431 490 526 525 χρείαν
533 490 659 524 ἐχόντων’,
668 490 714 516 καὶ
723 489 769 516 τὸν
777 488 799 504 ⁸¹
810 488 926 524 σταυρὸν

135 537 254 572 χρυσοῦν
279 537 398 563 διάλιθον
413 537 436 553 ⁸³
451 536 565 572 ποιῆσαι
579 537 602 552 ⁸³
622 536 690 572 πρὸς
713 535 744 563 τὺ
759 536 881 571 παγῆναι
897 537 942 562 ὲν.

133 583 172 617 τῷ
195 583 268 618 ἁγίῳ
285 582 410 618 Κρανίῳ.
435 583 464 609 Ὁ
484 583 512 610 δὲ
536 583 754 618 ἀρχιεπίσκοπος
778 582 926 618 ἀντίδωρον

133 629 295 656 ἀπέστειλεν
308 629 435 664 λείψανον
453 629 505 664 τῆς
530 628 623 661 δεξιᾶς
639 628 731 664 χειρὸς
743 628 792 654 τοῦ
819 637 926 663 πρωτο-

135 676 275 711 pilo-.990;
289 675 428 709 Στεφάνου
440 674 484 701 διὰ
500 674 589 701 τοῦ·ὲν
605 674 694 709 ἁγίοις
718 673 924 709 Πασσαρίωνος.

133 721 236 748 Τούτου
263 721 292 747 δὲ
312 722 351 752 εἰς
368 720 529 755 Χαλκηδόνα
544 720 709 754 φθάσαντος,
728 720 827 755 θεωρεῖ
841 720 858 755 ή
874 728 925 755 μα-

133 767 217 801 καρία
232 767 385 802 Πουλχερία
401 767 470 801 αὐτῇ
479 767 511 802 τῇ
523 766 601 792 νυκτὶ
615 767 643 793 ἐν
655 765 773 802 ὁράματι
789 765 834 792 τὸν
848 766 926 800 ἆγιον

133 815 271 848 Στέφανον
285 814 399 848 λέγοντα
415 813 496 849 αὐτῇ·
517 813 595 845 Ἰδοὺ,
610 814 626 847 ἡ
647 812 785 848 προσευχή
803 812 854 839 ¹σου
868 813 925 839 εἰσ-

133 860 256 896 ηκούσθη
272 861 305 892 ⁸⁵,
320 861 367 887 καὶ
382 861 398 895 ἡ
413 859 521 895 αἴτησίς
537 868 584 887 σου
613 859 720 893 γέγονε,
731 859 779 886 καὶ
792 856 875 894 ἢλθεν
886 859 926 891 εἰς

134 895 304 941 Χαλκηδδνα.
325 905 357 932 Ἦ
373 906 402 932 δὲ
427 906 569 932 ἀναστᾶσα
585 905 633 932 καὶ
648 905 696 931 τὸν
710 904 827 939 ἀδελφὸν
840 903 925 940 αὐτῆς
938 895 962 925 Β

134 950 265 983 λαϐοῦσα,
275 950 387 986 ἐξῆλθεν
398 952 438 982 είς
448 951 611 985 συνάντησιν
621 949 675 976 τῶν
683 950 770 984 ἁγίων
778 949 924 984 λειψάνων,

135 998 181 1024 xxi.
194 997 283 1023 ταῦτα
298 997 321 1012 ⁸⁵
334 998 374 1028 εις
393 997 424 1023 τὸ
447 995 580 1023 παλάτιον
594 995 714 1022 λαϐοῦσα
739 995 827 1028 κτίζει
850 993 925 1022 οἷκον

135 1043 238 1077 ἔνδοξον
254 1043 293 1079 τῷ
306 1043 377 1078 ἁγίῳ
388 1041 616 1080 πρωτομάρτυρι,
632 1042 716 1069 κάκεῖ
727 1041 762 1068 τὰ
778 1041 845 1076 ἅγια
860 1050 926 1069 κατ-

134 1091 210 1117 έθετο
227 1089 353 1124 λείψανα.

167 1136 200 1162 Δ.
221 1134 258 1162 Μ.
270 1135 353 1162 5921.
374 1150 410 1154 -
427 1134 777 1167 Κωνσταντινουπόλεως
800 1133 924 1161 ἐπισκό-

135 1189 194 1208 που
208 1182 367 1208 Σισιννίου
380 1181 449 1214 ἔτος
462 1179 499 1208 α’.

166 1227 262 1262 Τούτῳ
277 1227 316 1262 τῷ
327 1226 384 1254 ἔτει
398 1227 550 1262 ἀγαοὸτητι
571 1225 657 1262 πολλῇ
685 1226 846 1261 κινούμενος
861 1227 925 1253 Θεο-

132 1273 221 1304 δόσιος
234 1273 290 1308 (52)
307 1274 321 1300 6
337 1273 476 1308 βασιλεὺς,
489 1273 593 1308 καίπερ
609 1272 725 1307 νικήσας
740 1271 812 1299 κατὰ
823 1273 926 1308 κράτος

131 1320 196 1350 τοὺς
218 1319 338 1353 Πέρσας,
366 1319 454 1354 φειδοῖ
482 1317 537 1345 τῶν
558 1318 759 1345 κατοικούντων
772 1319 800 1345 ἐν
815 1318 926 1354 Περσίδι

133 1366 328 1402 Χριστιανῶν,
356 1366 472 1401 εἰρήνην
494 1364 662 1396 ἀσπάζεται,
688 1364 736 1391 καὶ
764 1364 926 1391 ἀποστέλλει

132 1411 308 1446 πρεσϐευτὰς
328 1411 448 1437 Ἢλίωνά
464 1419 494 1437 τε
517 1411 563 1437 τὸν
592 1410 748 1446 πατρίκιον,
768 1410 798 1437 ὃν
815 1410 886 1437 πάνυ
902 1410 926 1426 ⁵⁸

133 1456 177 1482 διὰ
193 1456 279 1491 τιμῆς
299 1454 378 1491 ἦγεν,
407 1456 455 1483 καὶ
473 1456 629 1483 ’Δνατόλιον
649 1456 696 1483 τὸν
711 1457 760 1491 τῆς
780 1456 927 1492 Ἀνατολῆς

134 1502 289 1538 στρατηγὸν
315 1502 427 1538 εἰρήνην
445 1502 612 1529 σπείσασθαι
637 1502 672 1529 ’⁸⁷.
698 1503 882 1538 Ούαραρὰνης
898 1502 926 1529 δὲ

132 1549 215 1581 τιοὺς
228 1548 278 1582 τὴν
292 1547 394 1574 ἑαυτοῦ
406 1545 493 1583 ἧτταν
507 1548 615 1583 δέχεται
633 1547 682 1584 τὴν
698 1548 861 1584 πρεσϐείαν,
878 1548 927 1575 καὶ
940 1566 962 1596 c

133 1595 222 1624 οὕτως
235 1595 250 1620 6
269 1594 341 1621 κατὰ
355 1593 410 1620 τῶν
434 1594 609 1630 Χριστιανῶν
637 1595 778 1621 ἐπαύσατο
793 1594 926 1629 sumat;

139 1642 170 1667 '0
185 1640 215 1667 δὲ
228 1640 358 1675 βασιλεὺς
375 1639 514 1671 Θεοδόσιος
542 1639 590 1666 ἐπὶ
605 1641 666 1671 ταῖς
695 1639 835 1671 τοιαύταις
850 1639 929 1674 εὐερ-

132 1687 240 1720 γεσίαις
252 1686 292 1722 τῷ
304 1686 365 1722 Θεῷ
374 1686 398 1702 ⁸⁸
414 1686 593 1722 εὐχαριστῶν,
609 1686 751 1721 γεραίρειν
762 1686 818 1717 τοῖς
835 1683 931 1721 ὕμνοις

133 1734 184 1761 οὐκ
215 1733 333 1760 ἐπαύετο
345 1734 380 1766 δ’,
411 1733 558 1764 κοινωνοὺς
573 1732 643 1768 ἔχων
665 1733 715 1768 τῆς
730 1731 866 1767 ὑμνῳδίαις
881 1731 930 1763 τὰς

135 1781 205 1812 ιδίας
213 1780 333 1815 ἀδελφὰς
347 1779 393 1806 διὰ
410 1779 467 1815 βίου
487 1779 537 1816 τὴν
550 1778 701 1814 παρθενίαν
712 1778 861 1809 ἀσκούσας.

169 1872 215 1907 Τῷ
238 1873 260 1899 δ’
276 1871 352 1907 αύτῷ
381 1872 436 1898 ἔτει
454 1871 587 1902 Σισίννιος
613 1871 627 1896 6
648 1870 798 1900 ἐπίσκοπος
823 1870 845 1886 ³ο
869 1868 925 1904 (55)

135 1918 453 1949 Κωνσταντινουπόλεως
475 1916 600 1953 Πρόκλον
613 1916 763 1951 χειροτονεῖ
776 1915 926 1942 ἐπίσκοπον

136 1964 256 1996 Κυζίκου
267 1972 275 1978 ·
292 1964 385 1990 ὅντινα
400 1964 425 1990 οῑ
442 1963 596 1998 Κυζικηνοὶ
611 1962 648 1997 μὴ
662 1961 816 1996 δεξάμενοι,
835 1969 920 1996 μονοι-

136 2011 181 2044 χόν
199 2018 262 2036 τινα
277 2009 354 2045 παρὰ
374 2008 489 2044 γνώμην
507 2008 641 2035 Σισιννίου
659 2006 829 2042 Δαλματινὺν
844 2006 868 2048 δξ
881 2005 927 2032 λε-

136 2056 253 2091 γόμενον
268 2053 480 2091 χειροτονοῦσιν.
499 2054 528 2081 '0
541 2054 569 2080 δὲ
587 2053 711 2090 Πρόκλος
741 2052 811 2079 ἰδίαν
825 2051 927 2086 ἐκκλη-

137 2101 197 2128 σίαν
234 2101 273 2136 μὴ
294 2099 377 2135 ἔχων,
409 2100 438 2127 ὲν
464 2098 751 2127 Κωνσταντινουπόλει
785 2098 928 2133 προτροπῇ

137 2147 269 2174 Σισιννίου
282 2147 344 2178 ταῖς
356 2144 546 2177 διδασκαλίαις
560 2142 594 2180 ἦν
611 2143 782 2179 διαπρέπων.

981 265 1042 296 ptor
1054 270 1107 290 una
1124 270 1186 290 cum
1201 263 1324 293 Abibone
1338 266 1395 293 lilio
1410 265 1527 293 curavit.

1016 352 1048 378 Α.
1063 353 1094 380 C.
1109 352 1215 380 420.——
1229 353 1287 382 Hoc
1303 362 1374 382 anno
1389 354 1563 382 Theodosius
1574 355 1636 390 pius
1655 350 1773 390 impera-

981 402 1023 426 tor
1038 399 1144 426 beatam
1160 398 1333 427 Pulcheriam
1351 400 1475 429 imitatus
1492 408 1620 436 magnam
1644 402 1775 436 pecunia.

981 451 1042 471 rum
1056 445 1110 471 vim
1140 445 1233 481 egenis
1258 446 1488 480 distribuendam,
1522 453 1634 474 auream
1661 454 1774 482 quoque

980 497 1089 518 crucem
1106 491 1235 525 pretiosis
1250 491 1351 527 lapillis
1376 492 1577 520 interstinclam
1595 496 1690 519 sancto
1709 491 1766 519 Cal-
1787 519 1789 526 _

980 536 1062 563 varim
1077 536 1138 564 loco
1150 536 1283 572 [igendam
1301 538 1334 565 ad
1345 537 1598 574 Hierosolymorum
1611 537 1771 573 episcopum

979 583 1064 611 misit.
1080 584 1184 612 Prmsul
1205 585 1262 612 haec
1277 585 1348 612 dona
1365 584 1471 612 vicario
1494 591 1610 612 munere
1640 591 1772 619 compen-

980 634 1091 657 saturus
1118 630 1221 658 dextra:
1248 638 1347 658 manus
1374 635 1528 666 martyrum
1557 630 1688 666 principis
1712 629 1774 658 Ste-

979 675 1061 710 phani
1080 677 1210 712 reliquias
1224 684 1272 712 per
1287 682 1411 704 sanctum
1438 677 1633 705 Passarioncm
1661 677 1771 704 obtulit.

979 721 1018 749 Eo
1050 716 1248 750 Chalcedonem
1279 731 1366 758 usque
1394 723 1538 758 profecto,
1570 723 1659 750 cernit
1693 723 1771 751 beata

979 766 1123 794 Pulclteria
1138 772 1275 796 nocturno
1291 768 1318 795 in
1334 773 1443 796 ostento
1459 773 1582 797 sanctum
1600 769 1770 804 Stephanum

979 812 1070 839 verbis
1088 813 1147 839 istis
1165 821 1195 840 se
1228 814 1437 849 compellanlem
1462 822 1469 840 :
1488 814 1596 847 Vidcn',
1615 819 1645 842 ut
1677 822 1772 850 preces

980 861 1033 884 tuae
1043 857 1098 885 sint
1112 858 1259 890 exauditce,
1280 863 1307 886 et
1322 864 1352 886 ut
1368 859 1465 894 petitio
1481 865 1525 886 tua
1540 860 1596 894 jam
1621 859 1770 895 adimpleta

976 901 1176 930 Chalcedonem
1190 911 1278 939 usque
1289 905 1462 940 pervenerit?
1477 904 1634 940 Exsurgens
1652 905 1698 933 illa
1718 905 1773 933 fra-

977 953 1018 976 tre
1032 950 1132 977 comite
1147 951 1250 978 sanctis
1267 951 1393 986 reliquiis
1406 952 1433 978 in
1449 959 1598 979 occursttm
1610 952 1744 987 processit
1758 961 1766 979 :

977 995 1030 1031 75
1042 996 1151 1032 illisque
1169 997 1279 1024 demum
1305 997 1332 1024 in
1347 997 1481 1033 palatium
1504 998 1598 1032 illatis,
1626 1004 1773 1034 sumptuo-

977 1050 1034 1069 sam
1048 1043 1134 1070 tndem
1157 1049 1253 1071 sancto
1274 1048 1426 1079 martyrum
1454 1044 1562 1072 ductori
1590 1045 1728 1073 exstruxit
1744 1050 1772 1074 et

977 1089 1004 1116 in
1028 1096 1060 1116 ea
1076 1097 1157 1116 sacra
1174 1097 1290 1118 munera
1303 1089 1441 1125 dep05uit.

1010 1133 1044 1160 A.
1063 1133 1094 1161 ε.
1122 1133 1185 1162 421.
1201 1148 1236 1154 -
1251 1132 1363 1169 Cpoleos
1389 1135 1504 1170 episcopi
1534 1134 1648 1163 Sisinnii
1683 1144 1770 1164 annus

975 1186 1088 1213 primus.

1014 1224 1069 1252 Hoc
1082 1232 1155 1253 anno
1167 1225 1340 1254 Theodosius
1359 1226 1521 1262 imperator,
1545 1227 1609 1255 licet
1628 1234 1770 1255 armorum

976 1270 1002 1296 vi
1014 1269 1113 1297 Persas
1123 1275 1151 1298 et
1164 1271 1288 1298 victoriis
1309 1277 1454 1307 premeret,
1480 1272 1702 1300 Christianorum
1725 1277 1770 1300 ta-

978 1323 1039 1342 men
1056 1315 1083 1342 in
1093 1315 1206 1344 Perside
1218 1318 1448 1345 commorandum
1463 1318 1590 1353 sanguini
1601 1317 1769 1353 parciturus,

977 1369 1085 1389 summa
1116 1362 1260 1390 cletnentia
1290 1362 1390 1391 ductus
1419 1371 1514 1399 pacem
1541 1364 1723 1399 amplexatur,
1743 1368 1772 1390 et

978 1407 1122 1435 llelionem
1148 1408 1294 1443 patricium
1320 1409 1409 1436 virum
1426 1409 1542 1436 summis
1560 1416 1668 1443 semper
1683 1409 1771 1436 hono-

978 1453 1055 1481 ribus
1077 1458 1188 1482 auctum
1219 1459 1246 1482 et
1273 1454 1431 1482 Anatolium
1463 1455 1583 1482 Orientis
1613 1454 1769 1489 praefectum

978 1500 1084 1535 legatos
1110 1501 1186 1536 pacis
1199 1500 1288 1530 fmdus
1310 1502 1468 1530 firmaturos
1497 1503 1590 1530 mittit.
1608 1503 1770 1535 Vararancs,

978 1546 1088 1581 cognita
1116 1555 1230 1574 suorum
1248 1547 1367 1583 jactura,
1387 1548 1486 1575 lubens
1516 1549 1635 1576 admittit
1655 1548 1770 1583 legatos.

979 1598 1061 1628 atque
1088 1594 1125 1620 ita
1151 1594 1287 1622 excitatus
1314 1595 1342 1622 in
1370 1595 1543 1623 Christianos
1567 1595 1769 1630 persecutionis

978 1643 1070 1666 motus
1085 1640 1198 1668 resedit.
1215 1641 1367 1676 Imperator
1381 1649 1464 1676 porro
1480 1640 1653 1670 Theodosius
1670 1642 1696 1669 in
1709 1646 1766 1669 tan-

980 1691 1070 1712 torum
1086 1685 1282 1714 beneficiorum
1294 1687 1381 1715 vicem
1394 1692 1485 1723 grates
1511 1693 1625 1716 acturus
1641 1688 1697 1715 Deo
1717 1696 1769 1715 una

980 1738 1044 1758 cum
1065 1731 1124 1759 suis
1148 1732 1303 1765 sororibus,
1325 1741 1387 1768 qua:
1409 1738 1567 1769 perpetuam
1587 1733 1769 1769 virginitatem

981 1777 1116 1810 colebant,
1134 1778 1220 1805 sacris
1237 1779 1352 1806 canticis
1374 1778 1479 1806 Numen
1509 1778 1646 1806 celebrare
1660 1783 1686 1805 ct
1709 1779 1769 1814 eius

981 1823 1077 1851 laudes
1089 1824 1219 1852 extollere
1236 1832 1372 1859 nusquam
1385 1824 1545 1852 desistebat.

1016 1869 1118 1896 Eodem
1134 1877 1207 1897 anno
1230 1870 1368 1897 Sisinnius
1398 1870 1514 1905 Cpoleus
1541 1870 1767 1905 archiepiscopus

979 1915 1072 1951 Cyziei
1099 1916 1257 1951 episcopum
1286 1917 1395 1944 ordinat
1419 1916 1547 1944 Proclum
1567 1926 1573 1944 :
1597 1924 1678 1952 quem
1705 1924 1768 1944 cum

979 1968 1129 1996 agnoscere
1141 1962 1266 1998 Cyziceni
1280 1963 1655 1996 detrectassent,monachuin
1671 1969 1770 1995 quem-

977 2006 1039 2034 dam
1059 2007 1171 2035 nomine
1201 2007 1366 2036 Dalmatium
1392 2009 1480 2036 invito
1507 2008 1630 2036 Sisinnio
1656 2008 1770 2036 sibimet

977 2053 1131 2087 praeficiunt
1155 2054 1316 2082 antistitem.
1345 2054 1461 2083 Proclus
1485 2056 1595 2091 propria
1618 2055 1771 2083 destitutus

977 2100 1104 2132 ecclesia,
1123 2100 1238 2129 Sisinnii
1253 2102 1367 2129 monitis
1379 2106 1406 2130 et
1426 2102 1563 2137 permissu
1590 2101 1769 2130 sermonibus

979 2146 1081 2180 populo
1092 2145 1216 2174 docendo
1229 2146 1329 2174 habitis
1342 2147 1476 2175 clarabat.

788 2232 905 2260 νΑῐῖΙίΕ
928 2233 1130 2262 LECTIONES.

188 2294 250 2310 '7'"
270 2293 310 2328 τῷ
328 2293 391 2320 add.
409 2300 442 2320 cx
460 2292 494 2320 A.
533 2292 555 2308 "
570 2290 722 2328 ὲπισκδπῳ]
749 2291 874 2328 ἁιρχιερεῖ
897 2298 922 2318 c.

137 2330 158 2356 Α
177 2338 190 2356 a
208 2331 224 2355 Ι)
239 2337 254 2356 c
268 2326 317 2356 di.
355 2328 379 2344 "
391 2328 502 2363 ποιῆσαι
523 2335 549 2363 e,
569 2326 807 2363 neteloeat'vulg.
840 2326 879 2363 ⁸⁴Δ
893 2326 1108 2363 είσγηκούσθηΔΑ,
1125 2326 1257 2363 ἠκούσθη,
1272 2328 1344 2363 vulg.

1322 2293 1342 2308 "
1361 2294 1405 2320 τὸν
1423 2294 1485 2320 add.
1504 2302 1535 2321 ex
1545 2294 1577 2321 A.
1614 2294 1636 2310 "
1651 2293 1770 2321 διάλιθον

1392 2329 1415 2344 ⁸⁵
1429 2329 1515 2355 ταῦτα
1531 2330 1563 2360 Α,
1575 2328 1677 2364 ταύτην
1694 2330 1768 2364 vulg.

975 2291 1083 2327 “me;
1099 2299 1153 2319 om.
1185 2292 1221 2327 A.
1241 2300 1265 2319 c.

137 2365 160 2381 “
174 2365 246 2392 πάνυ
263 2365 297 2396 Α,
315 2364 401 2390 παλαι
412 2360 485 2398 vulg.
523 2361 545 2378 ⁸⁷
559 2361 732 2398 σπείσασθαι,
749 2360 914 2398 ποιῇς-ασθαι
925 2362 959 2388 Α.
996 2362 1020 2377 ³⁸
1035 2360 1074 2396 τῷ
1087 2362 1145 2396 Θεῴ
1157 2363 1191 2393 Δ,
1205 2360 1249 2388 τὸν
1260 2360 1406 2398 Θεὸννυιε,
1444 2365 1466 2380 ⁸⁸
1483 2364 1600 2391 ἐπαύετο
1612 2363 1645 2397 Α,
1655 2360 1769 2398 ’ἐπαύση

137 2401 210 2435 vulg.

251 2400 274 2416 '°
293 2400 308 2426 6
325 2399 419 2426 ὲπὶσκ.
433 2397 470 2431 Λί
483 2398 594 2434 ἀρχιεπ.
610 2397 684 2430 vulg.
722 2398 743 2413 ⁵¹
756 2397 957 2432 ΔαλματινὺνΑ
972 2404 996 2429 e,
1009 2397 1161 2432 Δαλμάτιον
1172 2398 1246 2432 vulg.

789 2466 859 2495 JAC.
878 2466 982 2494 GOAlll
996 2465 1112 2494 ΝΟΤΛΕ.

137 2530 196 2556 sius
216 2527 389 2562 provinciam
418 2525 700 2562 reliquiisrditaverit,
723 2533 756 2554 ex
778 2525 927 2553 Marcellini
942 2527 968 2557 D
982 2526 1109 2554 comitem
1126 2527 1286 2554 restinctum
1304 2535 1376 2562 :quo
1392 2528 1588 2555 trecentesimae
1601 2526 1769 2562 Olympiadis

137 2560 276 2590 Chronico
295 2562 328 2589 ad
346 2569 448 2588 annum
463 2561 611 2591 Theodosii
627 2563 654 2593 9.
673 2560 857 2596 Hieronymus
873 2568 929 2587 au-

137 2605 191 2624 tetu
207 2598 277 2625 obiit
306 2597 430 2631 ejusdem
452 2596 599 2624 Theodosii
626 2597 670 2629 η,
701 2600 783 2631 prout
803 2595 929 2630 Prosperi

137 2633 299 2661 Chroniccn
316 2636 434 2667 testatur
451 2640 458 2657 :
475 2632 522 2667 qui
538 2639 603 2666 ergo
626 2631 684 2659 ﬁeri
702 2633 799 2666 potuit.
813 2636 842 2657 ut
857 2632 931 2667 ejus-

137 2669 198 2695 dem
215 2669 284 2702 imp.
302 2675 375 2702 anno
391 2666 425 2693 l‘J
446 2666 560 2702 reperta:
576 2667 677 2693 l'uerint
691 2666 836 2700 reliquiae?
855 2666 931 2702 Adde

135 2701 272 2731 Joannem
289 2701 541 2735 Hierosolymorum
558 2702 707 2729 antistitem
724 2702 852 2736 reliquias
873 2701 930 2728 Lu-

137 2739 210 2765 ciani
232 2738 342 2765 monitu
366 2736 507 2767 eﬂudisse,
537 2744 617 2771 quem
638 2741 702 2763 ante
723 2744 811 2763 annos
831 2744 928 2764 novem

135 2773 286 2801 immemor
302 2772 426 2799 historia:
442 2773 628 2807 temporisque
638 2772 818 2806 Theophanes
829 2779 844 2798 e
861 2771 931 2799 vivis

135 2808 294 2836 excessisse
312 2809 340 2834 in
356 2807 490 2835 chronico
506 2807 639 2835 laterculo
652 2808 753 2841 posuit.

173 2844 233 2879 (δὲ)
257 2843 364 2879 Bellum
390 2841 531 2879 Persicum
548 2842 783 2879 annoTheodosii
802 2842 930 2879 lSAjuxta

136 2878 291 2906 Chronicon
310 2877 528 2909 Alexandrinum,
543 2878 585 2905 vel
600 2877 633 2904 l5
648 2878 726 2912 juxta
747 2877 932 2905 Marcellinum

302 2925 439 2957 ΡΑτιιοι.
466 2926 523 2957 Gn.
543 2926 647 2957 CVIII.

981 2568 1070 2588 annus
1085 2567 1211 2596 quartus.
1228 2567 1254 2589 et
1271 2562 1382 2590 llottorii
1407 2563 1530 2590 decimus
1543 2562 1650 2595 tertius,
1677 2562 1769 2588 Theo-

981 2597 1050 2624 dosii
1071 2604 1136 2624 vero
1151 2597 1275 2625 decimus
1292 2598 1500 2628 numerabatur,
1513 2605 1545 2625 ex
1561 2597 1640 2624 Socr.
1658 2597 1705 2623 lib.
1721 2606 1769 2629 vn.

981 2639 1042 2692 (εἴη).
1064 2632 1108 2664 20,
1123 2639 1137 2658 a
1154 2632 1233 2667 cujus
1247 2633 1361 2660 calculis
1378 2633 1457 2667 longe
1472 2633 1550 2660 abest
1569 2636 1661 2659 noster
1677 2632 1770 2660 Theo-

981 2674 998 2692 Π
1010 2675 1097 2692 tancs.

1010 2675 1097 2694 tancs.

981 2674 1121 2737 pugﬁcfls
1132 2702 1289 2730 Theodosio
1306 2702 1509 2731 duodecimum.
1528 2705 1555 2728 et
1575 2701 1768 2730 Valentiniano

980 2737 1093 2764 Juniore
1127 2738 1278 2765 secundum
1307 2745 1379 2765 coss.
1412 2737 1572 2769 ordinatus,
1596 2745 1629 2764 ex
1645 2737 1768 2771 Socrate,

982 2773 1029 2800 lib.
1038 2780 1086 2805 vn,
1096 2780 1156 2807 cap.
1167 2771 1212 2804 26,
1224 2780 1296 2799 anno
1307 2780 1363 2800 suze
1371 2772 1552 2807 promotionis
1562 2772 1661 2806 primo,
1675 2773 1767 2800 Theo-

983 2807 1091 2834 dosimn
1109 2815 1196 2834 annos
1209 2808 1341 2834 duntaxat
1360 2807 1511 2835 octodecim
1527 2815 1559 2834 ex
1574 2807 1768 2836 CItroniciAIe-

983 2842 1080 2868 κακόν.
1104 2847 1243 2877 computo,
1273 2843 1316 2870 vel
1342 2843 1528 2870 novemdecim
1556 2851 1588 2870 ex
1619 2843 1768 2872 Marcellini

986 2878 1096 2912 scriptis
1112 2877 1179 2905 vidit
1195 2878 1386 2913 imperantem.

1585 2925 1602 2955 8
