2023 3154
108 164 154 198 257

108 222 162 248 λὲα.
182 221 212 248 '0
225 221 255 248 δὲ
270 220 419 252 ἐπίσκοπος
441 220 586 256 ἀντεδήλου
613 221 651 256 μὴ
671 220 743 256 ἔχειν
766 220 896 256 χρήματα
911 222 934 250 Α

108 267 274 299 ἀποστεῖλαι,
287 267 319 294 El
336 268 373 303 μή
387 276 443 294 τισι
458 268 596 304 χρήσομαι
610 268 665 294 τῶν
682 266 763 303 ἱερῶν
778 266 894 293 σκευῶν.

109 315 212 340 Γίνεται
235 311 282 340 οὖν
310 314 343 340 ὲκ
368 313 466 341 τούτου
491 315 522 342 οὺ
539 314 660 350 ⁸λμικρὲι
682 313 755 348 λύπη
771 314 801 340 ὲν
821 313 897 348 μέσῳ

108 359 206 389 αὐτῶν,
238 358 408 394 Πουλχεριας
433 358 522 386 ταῦτα
551 359 589 395 μὴ
609 359 720 391 εἰδυίας.
743 358 799 386 Καὶ
812 358 897 385 ταῦτα

109 405 157 438 μὲν
174 404 198 420 ⁸⁸
220 404 250 430 ὲν
276 405 575 433 Κωνσταντινουπόλει.
598 406 642 432 Ἐν
663 404 852 439 Ἀλεξανδρεία
870 404 898 430 δὲ

107 452 251 487 Διόσκορος
268 451 351 483 εὐθὺς
359 452 390 479 ὲκ
402 452 553 488 προοιμίων
565 453 630 484 τοὺς
644 452 786 486 συγγενεῖς
796 450 900 486 Κυρίλ-

107 498 152 524 λου
164 498 272 533 πορθεῖ,
289 498 338 525 καὶ
357 498 392 525 τὰ
404 498 508 525 τούτων
522 499 655 533 ληῒζεται.
677 498 728 525 Τὸν
743 497 770 524 δὲ
787 496 898 530 ἀδελφι-

107 543 170 569 δοῦν
186 542 270 570 αὑτοῦ
289 543 313 559 ⁸⁸
331 542 489 571 Ἀθανάσιον
501 543 687 579 πρεσὸύτερον
701 543 766 569 ὄντα
774 542 899 569 καθεῖλεν

107 589 245 620 ἀναιτίως,
263 588 405 624 δημεύσας
430 588 512 616 αὐτὸν
537 589 670 624 ἐσχάτως.
698 588 792 615 Ταῦτα
811 587 899 614 ὲποίει

107 634 312 668 ἐναντιούμενος
320 635 354 670 τῇ
362 633 428 670 ὀρθῇ
436 634 527 661 πίστει
533 635 554 650 ⁸⁷
562 634 695 670 Κυρίλλου
706 634 841 670 αἱρετικδς
851 633 899 666 ὢν,

107 681 135 713 ἐξ
149 679 263 707 ἁπαλῶν
274 679 379 715 ὀνύχων
395 680 430 708 τὰ
444 679 599 715 Ὦριγένους
615 679 732 716 φρονῶν.
750 681 868 715 Ἐνεῖχεν
877 680 900 696 ’⁵⁸

105 726 133 752 δὲ
148 727 194 753 καὶ
207 725 352 761 ⁴ιδλασιανῷ
371 726 405 758 λθ,
437 726 506 754 διότι
531 727 633 762 μικρὰν
648 727 811 761 ἐπικουρίαν
829 735 900 761 παρ-

106 772 170 806 έσχε
188 772 247 802 τοῖς
275 771 420 805 συγγενέσι
440 770 488 798 τοῦ
506 771 643 807 μακαρίου
666 771 813 806 Κυρίλλου.
834 772 864 798 '0
873 771 901 798 δὲ

106 818 268 852 Χρυσάφιος
292 817 426 854 δυσσεὸὴς
444 818 492 850 ὢν,
508 818 557 845 καὶ
579 819 618 854 μὴ
648 818 742 854 φέρων
768 819 834 853 ὁρᾷν
850 818 899 854 τὴν

104 863 159 889 τῶν
179 863 351 897 Ἐκκλησιῶν
365 863 504 898 ὁμόνοιαν,
534 863 654 899 σπουδὴν
678 865 796 890 ποιεῖται
817 864 900 895 αὑτὰς

105 907 236 943 ταράξαι,
250 908 298 935 καὶ
315 909 442 940 παντοῖος
465 908 572 942 γίνεται
585 908 625 939 εἰς
644 907 674 934 τὸ
692 907 842 935 Φλασιανδν
854 909 902 943 τῆς

105 953 262 988 ἐπισκοπῆς
277 953 404 987 ὲξεῶσαι,
417 953 588 989 ἒβουλόμενος
611 954 718 989 Εὐτυχῆ
739 953 763 970 ⁸ο
782 962 844 981 τινα
857 954 905 989 ἀρ-

107 1000 291 1035 χιμανδρίτην
306 999 446 1035 ὁμόφρονα
456 999 540 1027 αὐτοῦ
555 1000 595 1031 εἰς
607 1000 657 1035 τὴν
665 999 819 1035 ἐπισκοπὴν
834 1008 902 1035 προ-

108 1045 294 1081 χειρίσασθαι.
319 1046 375 1072 Καὶ
403 1045 499 1081 ἐπειδὴ
523 1045 692 1081 Πουλχερίας
708 1045 730 1062 ¹¹
751 1045 904 1081 κρατούσης

107 1090 160 1117 τῶν
174 1090 352 1125 πραγμάτων
362 1091 439 1118 οὐδὲν
461 1091 564 1126 ἴσχυεν,
585 1091 694 1126 πρῶτον
712 1091 904 1127 ὑπεισέρχεται

106 1138 138 1171 τῇ
161 1136 283 1173 Εὐδοκίᾳ
315 1136 423 1172 ἀπείρῳ
452 1136 530 1173 οὔσῃ,
561 1138 609 1165 καὶ
625 1137 665 1169 εῐς
689 1137 787 1173 φθόνον
816 1137 904 1172 αὐτὴν

106 1181 227 1217 ἐρεθίζει
242 1183 313 1209 κατά
328 1183 378 1217 τῆς
401 1183 506 1215 οἰκείας
534 1183 651 1219 μητρὸς,
674 1183 722 1210 καὶ
745 1183 903 1210 ὑποτίθεται

107 1229 177 1263 αὐτῇ
193 1229 353 1264 λοιδορῆσαι
367 1229 390 1245 ¹¹
407 1229 493 1264 αὐτὴν
512 1229 588 1264 παρὰ
607 1229 647 1264 τῷ
662 1229 767 1265 βασιλεῖ
790 1229 859 1265 apo;
872 1230 904 1257 τὸ

106 1273 202 1300 λαϐεῖν
214 1273 302 1308 αὐτὴν
317 1274 364 1301 τὸν
380 1273 563 1310 πραιπόσιτον
575 1283 582 1291 ·
601 1275 696 1311 ὲπειδὴ
717 1276 733 1310 ἡ
751 1275 902 1311 Πουλχερία

107 1319 145 1349 ei;
156 1319 209 1354 τὴν
218 1319 355 1354 διοίκησιν
368 1319 422 1346 τῶν
447 1320 620 1355 πραγμάτων
635 1321 794 1355 ἀναγκαίως
805 1321 828 1337 ⁸³
844 1319 901 1356 εἶχε

107 1365 150 1391 τὸν
171 1365 355 1400 πραιπόσιτον
375 1365 442 1401 (86).
474 1366 504 1392 '0
529 1366 558 1393 δὲ
578 1366 705 1401 βασιλεὺς
719 1367 772 1394 {me
786 1366 837 1402 τῆς
853 1376 903 1401 γυ-

107 1411 203 1443 ναικὸς
236 1411 454 1447 ἐνοχλούμενος,
479 1412 664 1446 διαπέμπεται
691 1413 762 1448 αὐτῇ
794 1413 900 1447 λέγων’

109 1466 117 1481 ι
132 1456 179 1490 Μή
207 1464 238 1482 σε
268 1456 349 1483 τοῦτο
373 1457 500 1493 λυπήσῃ’
517 1458 698 1493 πραιπόσιτον
712 1459 768 1493 γὰρ
784 1457 857 1493 ἔχειν
872 1467 901 1485 σε

106 1502 156 1528 οὐκ
178 1502 240 1528 ἐστι
271 1501 405 1528 δυνατόν’
434 1502 495 1529 οὐδὲ
516 1503 567 1538 τὴν
590 1502 659 1538 ἐμὴν
674 1502 793 1538 ἀδελφὴν
811 1502 902 1534 καλῶς

107 1546 267 1574 διοικοῦσαν
294 1547 340 1574 καὶ
364 1547 505 1584 ἐμπείρως
534 1548 581 1575 καὶ
602 1548 723 1580 εὐσεϐῶς
740 1548 796 1582 ἐγὼ
809 1557 900 1584 παρα-
915 1562 936 1591 c

107 1594 222 1620 στέλλω.
238 1603 249 1620 ι
262 1593 364 1621 Τούτου
389 1594 418 1622 δὲ
437 1594 582 1631 ἀποτυχὼν
605 1596 619 1622 ὀ
642 1595 666 1612 ⁵⁸
679 1595 839 1631 Χρυσάφιος
858 1596 901 1630 ἐφ’

107 1641 205 1676 ἑτέραν
222 1640 386 1676 μετέρχεται
403 1642 515 1677 σκευὴν,
531 1641 579 1669 καὶ
598 1642 803 1678 ὑποτίθεταιτῇ
819 1642 901 1669 E680-

106 1685 152 1720 κέα
163 1685 282 1720 ὀχλῆσαι
294 1685 334 1721 τῷ
348 1686 463 1721 βασιλεῖ,
482 1687 528 1713 καὶ
537 1687 683 1723 ἐπιτρέψαι
696 1687 735 1723 τῷ
743 1688 901 1724 πατριάρχῃ

106 1731 301 1766 χειροτονῆσαι
318 1731 405 1767 αὐτὴν
430 1732 565 1765 διάκονον,
583 1732 621 1764 ὡς
639 1733 818 1769 παρθενεύειν
830 1735 901 1770 ᾑρη-

108 1778 193 1813 μένην
203 1778 238 1804 ⁵³.
256 1777 313 1804 Καὶ
325 1778 373 1805 ἐπὶ
384 1778 476 1804 πλεῖον
492 1778 545 1813 τῆς
564 1779 698 1811 Εὐδοκίας
719 1779 851 1816 ὀχλούσης
866 1781 901 1813 ⁵⁸,

108 1823 199 1850 ἔπεισε
212 1823 262 1859 τὴν
282 1824 437 1859 κουφότητα
449 1824 496 1850 τοῦ
520 1824 665 1859 βασιλέως.
685 1826 740 1852 Καὶ
749 1826 828 1853 τοῦτο
840 1835 903 1862 προ-

107 1872 224 1904 τραπεὶς
241 1871 255 1896 ὁ
267 1871 404 1905 μακάριος
432 1870 581 1904 Φλαῦιανδς
612 1872 689 1908 παρὰ
702 1872 748 1899 τοῦ
769 1872 902 1908 βασιλέως

108 1915 232 1950 ἐλυπήθη
249 1914 352 1951 σφόδρα
378 1915 540 1951 προῦλέπων
561 1916 596 1944 τὰ
612 1917 744 1952 μέλλοντα
756 1919 788 1944 ὲκ
804 1918 900 1945 τούτου

107 1961 265 1996 ἀναφυῆναι
285 1961 434 1989 σκάνδαλα.
452 1962 507 1989 Καὶ
520 1962 559 1998 τῷ
571 1962 620 1998 μὲν
637 1963 742 1998 βασιλεί
757 1964 899 1998 ὑπέσχετο,

107 2007 140 2041 τῇ
164 2005 194 2032 ὅτε
226 2006 379 2041 Πουλχερίᾳ
404 2006 528 2041 ἔγραψεν
559 2007 727 2042 παρακαλῶν
756 2007 841 2042 αὐτὴν
864 2008 900 2042 μὴ

107 2052 238 2087 δεχθῆναι
254 2053 294 2084 εἱς
306 2053 454 2088 πρόσωπον
469 2053 565 2088 αὐτῆς,
587 2054 647 2080 Ἵνα
668 2054 705 2090 μὴ
722 2053 899 2088 ἀναγκασθῶ,

107 2098 202 2132 φησὶν,
217 2097 273 2124 τῶν
297 2097 455 2124 λυπούντων
476 2107 505 2124 σε
527 2098 630 2134 πρᾶξαί
648 2108 686 2127 τι.
708 2099 782 2126 Ἡδὲ
801 2100 832 2126 ἐκ
846 2099 901 2126 τῶν

106 2142 271 2174 γραφέντων
286 2142 408 2177 νοήσασα
422 2143 453 2168 τὸ
470 2142 675 2179 μελετώμενον,
691 2144 738 2171 τὸν
752 2144 802 2179 μὲν
817 2153 900 2180 πραι-

107 2188 220 2213 πὸσιτον
237 2188 271 2222 τῇ
285 2187 402 2223 Εὺδοκίᾳ
418 2188 581 2215 ἀπέστειλεν
591 2197 599 2204 ο
616 2190 656 2221 εἰς
671 2189 699 2216 δὲ
721 2190 752 2216 τὸ
767 2190 900 2225 Ἕϐδομον

108 2231 257 2264 ἐξελθοῦσα
279 2232 428 2267 ἡσύχαζεν.
447 2233 496 2260 Ἐκ
521 2233 618 2261 τούτου
638 2235 653 2260 ὁ
679 2235 806 2270 βασιλεὺς
819 2235 898 2270 καὶὴ
916 2228 937 2255 Π

107 2277 225 2304 Εὑδάκία
243 2278 346 2314 σφόδρα
363 2279 435 2305 κατὰ
449 2279 599 2307 Φλαὸιανοῦ
619 2281 805 2317 ἐλυπήθησαν,
825 2281 862 2314 ὡς
871 2281 902 2308 τὸ

106 2324 261 2359 μυστήριον
273 2324 488 2359 ἐκκαλύψαντος.
504 2326 560 2361 Τῆς
575 2326 604 2353 δὲ
615 2327 781 2362 Πουλχερίας
795 2328 901 2363 ἡσυχα-

106 2371 219 2406 ζοὺσης,
237 2371 283 2398 καὶ
295 2372 430 2405 Εὺδοκίας
447 2373 495 2408 τὴν
508 2373 647 2408 βασιλείαν
668 2374 821 2410 ίθυνούσης,
838 2383 902 2401 συν-

104 2416 209 2452 ηνέχθη
238 2424 265 2443 τι
300 2416 426 2444 τοιοῦτον
440 2425 448 2432 ·
465 2417 597 2450 Παυλῖνος
613 2426 654 2450 τις
682 2419 830 2454 μάγιστρος
845 2419 901 2454 (88)

757 159 1095 190 CHRONOGRAPHIA.

1686 156 1740 188 258

948 219 1095 247 dictionem
1112 217 1196 246 misit.
1217 216 1272 244 Hos
1287 219 1429 244 aversatus
1447 213 1645 249 Chrysapltius,
1661 219 1746 241 aurea

949 263 1151 292 benedictionis
1175 270 1290 290 munera
1317 263 1509 297 imperatorem
1537 260 1676 296 postulare
1699 268 1744 288 re—

949 311 1070 346 scripsit.
1087 310 1232 342 Pecunias,
1249 316 1319 344 quas
1335 309 1465 341 mitteret,
1485 306 1537 335 nisi
1556 307 1687 334 conllaret
1710 314 1744 333 ex

949 358 1037 385 sacris
1059 356 1183 384 ecclesiae
1195 356 1281 390 vasis,
1296 363 1325 383 se
1340 363 1393 382 tton
1409 355 1511 383 habere
1527 354 1620 382 retulit
1637 354 1748 389 episco-

951 410 1011 437 pus.
1028 402 1066 429 Ex
1085 401 1242 435 ltujusmodi
1274 408 1405 436 responso
1430 408 1485 427 non
1511 399 1635 427 modicus
1657 400 1691 427 ab
1706 399 1748 426 iu-

950 448 1036 475 vicem
1052 448 1206 474 anitttorum
1227 451 1305 474 crtus
1318 446 1472 477 dissensus,
1488 445 1568 479 cujus
1579 445 1613 472 ad
1626 443 1747 472 Pulche—

950 495 1020 522 riam
1042 494 1118 521 nulla
1142 494 1230 521 delata
1252 493 1360 520 notitia.
1391 491 1425 520 Et
1446 492 1504 519 haec
1520 492 1628 526 quidem
1657 491 1746 526 Cpoli.

950 541 1122 568 Alexandriae
1134 547 1216 575 porro
1227 539 1376 567 Dioscorus
1391 538 1465 566 velut
1476 539 1504 566 in
1515 538 1616 573 arrepti
1627 538 1749 565 muneris

951 587 1041 622 primo
1056 587 1151 614 limine
1163 586 1258 622 Cyrilli
1281 586 1401 614 atIiuium
1419 585 1563 613 facultates
1578 584 1748 619 deprendatur

951 637 980 661 ct
1006 641 1103 661 eorum
1132 640 1304 668 quaecunque
1331 632 1403 660 bona
1431 631 1519 667 rapit:
1547 630 1747 658 consobrinum

951 679 1133 707 Athanasium
1158 678 1309 714 presbyteri
1335 678 1467 714 dignitate
1498 681 1666 712 promotum,
1694 684 1747 711 pu-

951 723 1062 752 blicatis
1072 725 1153 751 etiam
1163 732 1223 759 qute
1233 724 1390 758 possidebat
1404 724 1543 755 omnibus,
1557 723 1646 751 oilicio
1657 730 1747 750 remo-

953 770 1000 798 vit.
1014 769 1067 797 lsta
1087 770 1196 805 quidem
1213 770 1254 797 vir
1277 777 1292 797 ι
1304 770 1406 797 teneris
1430 769 1570 805 unguibus
1589 769 1745 800 haereticus,

952 819 980 843 et
995 815 1122 850 Origeuis
1140 814 1317 849 opinionibus
1337 814 1466 846 infectus,
1487 818 1587 840 rectam
1602 812 1697 848 Cyrilli
1715 812 1748 840 fi-

953 862 1014 889 dem
1031 867 1189 893 eversurus,
1206 860 1375 887 attentabat:
1390 864 1417 887 et
1437 867 1452 887 a
1468 859 1607 891 Flaviano,
1627 859 1661 886 ob
1676 866 1748 885 non-

918 893 939 920 Β
954 907 1043 934 nullas
1060 906 1120 941 ejus
1141 905 1267 933 afﬁnibus
1291 905 1370 933 datas
1395 906 1544 939 Suppetias,
1566 904 1687 931 animum
1709 903 1748 931 fe-

953 953 1031 981 rebat
1045 960 1186 980 aversum.
1203 951 1259 987 85
1273 951 1384 978 Interim
1399 951 1599 987 Chrysapltius,
1617 958 1678 978 cum
1695 950 1748 977 im-

953 999 1080 1034 pietatem
1096 999 1189 1025 animo
1205 1001 1378 1032 recoqueret,
1403 1004 1453 1024 nec
1479 996 1657 1024 ecclesiarum
1680 1003 1747 1023 con-

953 1044 1074 1072 cordiam
1103 1048 1196 1079 posset
1214 1043 1380 1078 conspicari,
1398 1042 1520 1070 studium
1538 1042 1591 1069 illis
1607 1041 1748 1069 turbandis

952 1090 1074 1123 adhibet,
1089 1097 1122 1116 ac
1137 1093 1167 1116 ut
1188 1088 1350 1116 Flavianum
1370 1088 1528 1123 episcopatu
1547 1088 1667 1122 dcjiciat,
1688 1094 1748 1115 om-

953 1143 1015 1163 nem
1032 1135 1147 1170 lapidem
1161 1138 1262 1167 movet,
1272 1133 1424 1170 Eutycltem
1436 1133 1582 1169 quemdam
1595 1133 1749 1161 archimart-

952 1181 1063 1213 dritam,
1079 1182 1125 1216 qui
1140 1188 1202 1208 cum
1215 1181 1275 1216 ipso
1288 1181 1359 1208 male
1370 1180 1403 1208 de
1417 1180 1470 1208 [ide
1484 1180 1626 1211 sentiebat,
1641 1179 1747 1214 episeo—

952 1234 1017 1262 pum
1045 1226 1250 1262 praeﬁciendum
1284 1233 1376 1253 secum
1407 1225 1580 1254 consiliatus.
1611 1225 1746 1258 Quoniam

956 1281 1031 1306 vero,
1062 1274 1206 1301 Pnlclteria
1240 1280 1332 1300 rerum
1365 1280 1503 1300 summam
1525 1272 1746 1303 administrante,

957 1319 1032 1347 nulla
1046 1320 1153 1346 valebat
1168 1319 1226 1354 ipse
1240 1319 1415 1352 auctoritate,
1434 1319 1461 1346 in
1473 1319 1567 1346 rudem
1579 1323 1606 1345 et
1621 1318 1747 1352 inexper-

952 1371 1010 1394 tum
1034 1364 1163 1393 Eudocize
1187 1365 1310 1393 animum
1326 1372 1386 1394 sese
1401 1365 1518 1400 primum
1532 1364 1664 1397 insinuat,
1676 1367 1703 1390 et
1718 1362 1746 1390 in

953 1412 1069 1447 propriae
1091 1411 1188 1439 matris
1205 1411 1354 1446 perniciem
1375 1411 1484 1438 invidiae
1508 1411 1582 1438 faces
1607 1409 1744 1441 accendit,

952 1458 1033 1492 eique
1046 1457 1177 1492 suggerit,
1195 1461 1224 1484 ut
1237 1464 1298 1483 eam
1314 1456 1385 1491 apud
1401 1455 1593 1491 imperatorem
1607 1453 1746 1489 praepositi

952 1503 1003 1530 sibi
1032 1502 1185 1529 asciscendi
1210 1502 1262 1529 line
1278 1506 1374 1536 carpat
1396 1506 1423 1529 et
1446 1501 1551 1529 incusel
1570 1509 1577 1528 :
1601 1500 1746 1528 Pulcheria

953 1555 1072 1581 namque
1099 1547 1275 1583 conjunctam
1294 1546 1443 1582 praepestiti
1461 1553 1571 1581 operam
1588 1546 1613 1573 in
1629 1545 1745 1581 negotiis

952 1593 1078 1629 gerendis
1093 1593 1246 1621 necessario
1260 1593 1395 1628 exigebat.
1416 1592 1566 1628 Imperator
1591 1599 1607 1619 a
1628 1591 1746 1627 conjuge

953 1639 1095 1667 molestius
1112 1639 1310 1675 interpellatus,
1323 1639 1376 1666 ltoc
1386 1639 1418 1666 ad
1430 1646 1490 1666 eam
1504 1645 1666 1673 responsant
1679 1639 1743 1665 dat:

952 1683 1061 1719 Depone
1086 1685 1169 1712 animi
1187 1685 1367 1718 anxietatem;
1383 1683 1558 1719 prmpositum
1582 1684 1654 1711 enittt
1675 1683 1746 1711 obti-

952 1738 1017 1758 nere
1035 1731 1149 1766 ttequis:
1168 1738 1258 1766 neque
1273 1738 1397 1758 sororem
1419 1730 1560 1765 praeclare,
1580 1729 1696 1756 solerter
1716 1732 1744 1756 et

953 1785 1014 1805 cum
1040 1777 1140 1812 pietate
1160 1784 1204 1805 res
1224 1777 1328 1812 imperii
1346 1777 1580 1804 administrantem
1593 1783 1642 1811 ego
1656 1783 1744 1802 remo-

952 1830 1012 1850 veo.
1041 1821 1154 1849 latentis
1174 1822 1321 1850 frustratus
1338 1822 1534 1857 Chrysaphius,
1559 1821 1639 1848 aliam
1664 1820 1743 1848 dolo-

953 1876 1012 1895 rum
1030 1868 1170 1902 componit
1186 1868 1348 1895 machinam.
1372 1867 1416 1895 Fit
1438 1866 1564 1895 Eudocim
1584 1871 1688 1898 auctor,
1713 1870 1744 1893 ut

952 1913 1012 1948 ipsa
1033 1913 1159 1948 precibus
1182 1914 1372 1948 imperatorem
1388 1912 1490 1948 fatiget,
1507 1920 1539 1940 ac
1561 1912 1741 1943 Pulclteriam,

953 1963 1082 1993 tattquant
1098 1958 1131 1985 ad
1152 1958 1335 1993 virginitatem
1357 1958 1531 1991 destinatam,
1549 1966 1563 1985 a
1588 1958 1742 1993 patriarcha

952 2004 1133 2031 diaeonissam
1155 2005 1345 2037 ordinandam,
1369 2012 1402 2032 eo
1414 2004 1538 2039 jubente,
1551 2004 1687 2039 impetret.
1701 2004 1741 2032 lta

953 2049 1072 2076 Eudocia
1099 2049 1125 2076 itt
1151 2050 1272 2083 rogando
1295 2049 1476 2084 frequentior,
1495 2053 1522 2076 et
1545 2048 1572 2076 in
1596 2049 1741 2084 postulatis

952 2095 1095 2131 exigendis
1115 2096 1305 2131 importunior,
1325 2096 1456 2124 leniorem
1484 2095 1657 2131 imperatoris
1682 2095 1742 2123 ani-

953 2150 1038 2174 ntum,
1057 2149 1111 2177 quo
1128 2141 1309 2175 desiderabat,
1325 2141 1451 2177 impellit.
1468 2141 1566 2169 Beatus
1581 2140 1740 2174 Flavianus,

953 2193 1064 2224 accepto
1079 2188 1251 2223 imperatoris
1264 2188 1354 2223 jusso,
1370 2187 1441 2215 mala
1462 2195 1494 2216 ex
1517 2193 1560 2221 eo,
1581 2187 1602 2215 si
1618 2187 1674 2222 fiat,
1690 2195 1741 2214 na-

953 2235 1054 2263 scitura
1070 2234 1219 2270 praesentit,
1233 2238 1260 2262 et
1281 2234 1308 2261 in
1332 2234 1496 2262 anxietatem
1511 2233 1668 2269 conjicitur.
1688 2233 1741 2260 lm-

953 2281 1086 2316 peratoris
1107 2285 1197 2307 tatnen
1223 2279 1303 2307 dictis
1318 2279 1512 2315 obsequentem
1534 2286 1564 2306 se
1587 2277 1645 2306 fore
1661 2278 1743 2313 polli-

953 2331 1049 2359 cetur;
1067 2333 1099 2353 ac
1118 2325 1374 2357 simul‘Pulclterize,
1391 2333 1424 2352 tte
1446 2325 1472 2352 in
1489 2325 1547 2359 ejus
1565 2330 1740 2359 conspectum

953 2370 1127 2403 admittatur,
1153 2369 1192 2398 Ne
1211 2369 1316 2402 forsan,
1342 2370 1441 2405 inquit,
1466 2369 1539 2405 quod
1554 2377 1569 2396 a
1586 2374 1611 2397 te
1625 2369 1741 2397 libenter

955 2425 1008 2444 non
1024 2416 1060 2444 sit
1076 2415 1228 2450 ferendum,
1243 2415 1316 2443 circa
1329 2419 1357 2443 te
1372 2415 1511 2450 quidpiam
1524 2415 1636 2450 exsequi
1647 2421 1739 2449 cogar,

760 2465 875 2493 VABIA']
894 2463 1098 2492 LECTlONES.

139 2508 208 2545 ⁸ξὀὑ
220 2516 276 2545 om.
290 2509 324 2536 A.
363 2509 386 2545 ξδ
401 2510 451 2545 μὲν
468 2510 531 2538 add.
544 2518 576 2538 ex
592 2510 627 2538 Α.
664 2512 687 2528 ⁸⁸
702 2511 786 2539 αὐτοῦ
806 2512 869 2539 add.
884 2520 916 2539 ex
930 2511 962 2538 A.
1002 2510 1024 2525 ⁸⁷
1040 2509 1088 2545 τὴν
1102 2509 1187 2545 ὀρθὴν
1202 2509 1295 2545 πίστιν
1313 2509 1340 2545 b.
1357 2543 1369 2545 4
1386 2508 1409 2524 ⁸⁸
1426 2508 1540 2545 ἐνεῖχεν,
1551 2507 1614 2545 [9le
1628 2506 1740 2545 ἔγκρτον

102 2543 221 2578 ἐνεῖχεν,
242 2543 344 2571 Ht-rod.
367 2544 387 2577 I,
403 2543 465 2572 “8.
505 2545 527 2561 "
546 2546 696 2573 Φλαὸιανδν
712 2547 739 2574 b.

791 2547 814 2563 '°
828 2547 935 2582 Εὐτυχῆ
947 2547 981 2578 Α,
1003 2545 1126 2582 Εὐτυχὴνν
1138 2545 1211 2582 vulg».

1263 2544 1285 2560 "
1300 2543 1412 2580 munita.
1465 2542 1568 2580 ξἀθτῇ
1583 2542 1740 2580 λοιδορῆσαι

102 2585 159 2617 om.
176 2579 224 2617 Α.⁸
252 2578 302 2617 ⁵³⁸⁷1)
319 2579 480 2617 Πουλχητὴν
494 2580 574 2617 διοίκ.
589 2581 644 2608 τῶν
660 2590 709 2616 πρ.
726 2582 838 2617 ἐκράτει
856 2577 1014 2610 καῖ’ὁίναγκ.
1041 2577 1091 2608 b."
1104 2577 1130 2596 ’⁵⁵
1145 2581 1159 2606 ὁ
1173 2577 1236 2608 add.
1249 2587 1282 2607 ex
1295 2580 1328 2606 Α.
1360 2577 1390 2595 ⁷⁸⁵
1403 2578 1581 2614 παρθενεύειν
1596 2577 1739 2612 ᾑρημένην

99 2614 137 2644 Δ,
152 2613 322 2648 παρθενείην
331 2613 480 2650 εἰρηνμένήν
492 2616 563 2651 vulg.
601 2617 623 2633 “
636 2613 802 2652 ὀχλουμένης
816 2617 849 2645 Α.

772 2662 843 2691 ,ΙΑΟ
855 2663 960 2691 GOAlll
975 2661 1092 2691 ΝΟΤιΕ.

134 2707 199 2748 ,(86)
226 2706 372 2747 Tanquam
396 2714 571 2748 sequestrum
584 2713 613 2748 _et
634 2710 753 2748 medium
774 2711 845 2748 inter
863 2711 903 2738 fe-

99 2743 210 2769 minam
228 2747 256 2769 et
268 2743 357 2775 viros,
371 2749 434 2770 eum
455 2743 557 2778 quibus
573 2745 608 2772 de
619 2745 659 2772 rei
675 2746 832 2773 communis
854 2754 903 2773 nc-

100 2778 344 2816 gottis_erat__trae
351 2782 425 2804 tatus
442 2778 535 2816 :_'Y1=‘
548 2780 640 2816 ἐκείνῃ
659 2781 714 2816 γὰρ
729 2778 806 2816 οὗτος
823 2781 903 2807 ἐτάτ-

94 2811 175 2843 -τετο,
193 2812 244 2838 ἅτε
263 2811 297 2847 δὴ
325 2812 496 2851 ἔφιισταμένῃ
520 2815 578 2851 τοῖς
593 2811 741 2851 πραγμασι
754 2823 761 2831 ·
790 2815 847 2849 Ipsi
862 2823 902 2843 re-

100 2855 163 2887 »τοι
176 2854 314 2888 aufugiam
329 2847 533 2876 administranti
548 2847 782 2883 prorimé'aderat
797 2847 901 2888 praepo-

100 2883 186 2916 u‘us,
204 2881 374 2918 ἀνδρόγυνος
390 2889 483 2914 rerum
495 2881 638 2921 expertus.

992 2710 1048 2746 (87)
1063 2709 1100 2737 De
1117 2709 1260 2745 magistro,
1273 2710 1334 2745 ejtts
1350 2715 1433 2746 supra
1449 2707 1585 2746 patricios
1595 2706 1737 2740 dignitate,

952 2749 980 2773 et
996 2742 1029 2773 ad
1040 2742 1238 2780 imperatorem
1251 2742 1333 2780 quam
1349 2742 1439 2770 vicina
1452 2742 1547 2780 multa
1570 2742 1652 2780 docte
1671 2749 1738 2780 con-

951 2781 1024 2816 gerit
1049 2776 1202 2816 Meursius:
1221 2776 1275 2806 noit
1291 2779 1380 2816 placet
1394 2782 1484 2816 autem
1502 2777 1549 2805 tibi
1570 2776 1736 2816 v9ca_b_ulum

951 2812 1076 2844 Solitarie
1090 2814 1223 2850 positum,
1238 2812 1314 2845 eum,
1332 2813 1380 2848 qui
1397 2812 1562 2845 olﬁciorum,
1579 2812 1736 2850 significare

951 2854 1078 2878 autumat
1090 2847 1108 2877 ’τ
1124 2849 1148 2877 is
1168 2849 1241 2877 ettim
1263 2847 1351 2881 unus;
1376 2851 1403 2875 at
1419 2855 1474 2876 non
1493 2855 1577 2875 unum
1595 2847 1738 2876 exstitisse

951 2885 1114 2922 magistrum
1141 2884 1209 2920 ipsis
1226 2891 1302 2919 quas
1314 2883 1419 2920 profert
1432 2883 1647 2912 auctoritatibus
1661 2889 1736 2911 com-
