2008 3156
109 155 158 189 361

763 153 811 184 CII
817 152 1103 183 RONOGRAPHIA.

1629 159 1633 165 ι
1689 145 1742 178 3ϐ2

109 211 292 242 oldatrarent,
326 208 530 236 anatltematum
570 207 686 235 fulmine
725 207 900 243 pereellebat,
920 204 1100 240 Flaviauique
1126 205 1240 241 legatos,
1266 203 1301 232 ob
1321 203 1444 239 quaedam
1474 203 1579 239 negotia
1614 211 1643 230 se
1676 210 1743 230 con.

109 257 262 289 venientes,
281 255 519 284 exsecrationibus
540 255 699 290 suppositos
720 264 735 283 e
751 257 903 289 conspectu
923 253 1036 281 amovit.

141 303 175 330 Δ.
191 303 230 329 M.
249 302 331 330 6005.
343 317 379 322 —-
392 302 488 337 Τούτῳ
502 301 541 336 τῷ
562 301 618 328 ἔτει
639 301 749 328 σύνοδον
764 300 900 337 κροτηθῆ-

988 299 1021 326 Α.
1042 299 1074 326 C.
1096 298 1158 325 505.
1172 297 1271 325 —IIoc
1290 304 1363 325 anno
1374 296 1509 332 synodum
1533 295 1654 322 Sidoniae
1676 302 1745 322 cou-

108 357 153 376 ναι
168 347 224 384 (20)
241 347 271 374 ὲν
285 347 382 373 Σιδῶνι
397 347 407 362 ⁸
418 346 595 378 Ἀναστάσιος
610 347 621 363 ³
640 347 796 373 ἐθέσπισεν.
809 346 901 380 Σωτή-

108 404 184 432 ριχος
205 395 260 430 γὰρ
274 394 425 426 ἐπίσκοπος
448 394 618 430 Καισαρείας
634 394 834 425 Καππαδοκίας
849 393 902 420 ὑπὸ

107 441 277 468 Μακεδονιου
293 440 534 476 χειροτονούμενος
558 440 703 476 ἐγγράφως
725 440 901 475 ὡμολόγησεν

107 487 236 522 δέχεσθαι
253 487 288 513 τὰ
304 486 427 521 δόγματα
441 488 489 522 τῆς
512 487 542 513 ὲν
556 486 709 520 Χαλκηδόνι
728 486 852 517 συνόδου,
864 485 902 517 ὡς

107 533 170 568 ερον
185 532 314 564 πίστεως.
329 532 407 559 Μετὰ
422 532 451 559 δὲ
466 532 552 559 ταῦτα
565 532 768 568 πολεμιώτατος
785 532 806 548 ¹⁰
820 532 902 566 γέγο-

107 587 152 606 νεν
160 575 251 610 οὗτος.
270 578 308 610 ὡς
323 578 453 606 ἀπελθεῖν
469 578 490 594 “
506 578 547 610 εις
568 577 714 613 ’Δνατολὴν
727 577 774 605 καὶ
787 577 826 613 τῷ
840 577 904 604 δυσ-

109 624 185 651 σεϐεῖ
205 624 307 659 Ξεναῖᾳ
327 624 580 660 κοινολογήσασθαι,
607 624 655 651 καὶ
681 625 765 660 ἄμφω
794 623 903 651 σύνοδον

108 668 238 703 γενέσθαι
252 669 292 700 εἰς
307 668 410 695 Σιδῶνα
432 668 479 696 τὸν
494 668 606 703 βασιλέα
618 667 782 704 αἰτήσασθαι
806 667 853 694 ἐπὶ
867 669 901 704 τῇ

107 714 200 750 τελείᾳ
217 714 318 750 ἐκϐολῇ
343 715 394 750 τῆς
413 715 496 749 ἁγίας
513 716 542 742 ἐν
560 715 714 750 Χαλκηδόνι
728 715 750 730 ¹¹
772 714 882 741 συνόδου
893 721 900 729 ·

107 761 170 796 ἥτις
186 761 234 788 καὶ
245 760 268 776 ¹³
281 761 398 796 συνέστη
413 762 461 788 καὶ
475 761 572 788 θᾶττον
583 761 756 797 διελύθη.τοῦ
771 760 903 796 βασιλέως

108 807 270 841 άμψαντος
295 808 335 838 εἰς
352 806 431 834 τοῦτο
447 806 599 842 Εὑτρόπιον
626 806 779 842 τριδοῦνον,
803 806 832 838 ὃς
857 806 904 833 καὶ

106 853 239 884 διαλύσας
267 852 374 888 αὐτὴν,
396 852 548 879 Φλαϐιανὸν
577 853 626 879 τὸν
660 852 826 887 Ἀντιοχείας
857 852 904 878 καὶ

113 899 209 925 Ἠλίαν
223 898 280 925 τῶν
300 898 495 934 Ἰεροσολύμων
513 900 562 926 σὺν
572 900 629 930 τοῖς
640 899 799 929 ἐπισκόποις
812 897 903 925 αὐτῶν

107 945 141 972 τὰ
159 945 228 980 πρὸς
243 944 340 981 ἡδονὴν
356 945 378 961 ’⁸
391 945 495 980 γράψαι
506 945 545 980 τῷ
561 944 668 981 βασιλεῖ
682 943 900 979 παρεσκεύασεν.

106 990 259 1022 Φλαὸιανδς
284 991 313 1017 δὲ
329 991 379 1023 τὰς
392 992 467 1026 τρεῖς
484 991 568 1026 μόνας
586 991 713 1022 συνόδους
728 990 775 1017 καὶ
801 989 832 1016 τὸ
854 988 902 1015 τοῦ

107 1036 233 1070 Ζήνωνος
252 1035 398 1062 Ἐνωτικδν
406 1036 534 1071 δέχεσθαι
548 1035 680 1071 ἔγραψεν,
692 1035 741 1071 τῆς
752 1036 780 1062 εν
796 1034 903 1069 Χαλκη-

105 1080 162 1106 δόνι
180 1080 294 1116 μνήμην
314 1080 352 1116 μὴ
377 1081 574 1116 ποιησάμενος.
591 1080 685 1112 Ἠλίας
699 1080 728 1107 δὲ
754 1081 768 1106 ὁ
788 1079 903 1115 Ἰεροσο-

106 1125 203 1160 λύμων
219 1126 276 1161 (21)
292 1127 340 1153 καὶ
354 1127 404 1161 τὴν
419 1127 447 1154 ὲν
464 1126 617 1162 Χαλκηδόνι
639 1126 758 1162 ἔγραψεν
780 1126 903 1153 ἀποϐάλ-

107 1172 214 1198 λεσθαι.
232 1172 389 1207 Σωτήριχος
406 1173 433 1199 δὲ
442 1173 455 1199 ὁ
468 1172 637 1208 Καισαρείας
647 1172 844 1203 Καππαδοκίας
857 1171 905 1197 καὶ

105 1216 226 1249 Ξεναῖας
251 1219 273 1234 ¹⁸
288 1219 361 1245 κατὰ
379 1218 530 1245 Φλασιανοῦ
556 1219 604 1245 καὶ
626 1218 706 1244 Ἥλία
729 1218 866 1253 ἀνήγαγον
883 1217 904 1232 ¹⁶

104 1263 145 1298 τῷ
157 1263 276 1298 βασιλεῖ,
292 1264 334 1291 ὅτι
345 1264 389 1290 διὰ
407 1264 438 1290 τὸ
454 1264 492 1299 μὴ
507 1264 596 1290 θέλειν
609 1264 706 1295 αὐτοὺς
715 1263 822 1298 τρανῶς
835 1262 906 1289 κατὰ

103 1309 157 1344 τῆς
170 1309 283 1335 συνόδου
297 1310 346 1344 τῆς
362 1310 391 1335 ὲν
406 1309 560 1343 Χαλκηδόνι
575 1308 780 1343 ἀποφήνασθαι,
807 1306 905 1342 συνῆλ-

106 1355 155 1382 θον
168 1355 307 1390 ἀλλήλοις.
328 1354 504 1386 ’Δναστάσιος
527 1354 554 1380 δὲ
566 1354 705 1390 ὀργισθεὶς
719 1353 775 1388 (2‘2)
791 1352 906 1379 ὑπέθετο

108 1401 242 1435 μοναχοῖς
262 1408 320 1426 τισι
342 1400 530 1435 ψευδωνύμως
546 1399 684 1426 συνελθεῖν
712 1399 733 1415 ⁸⁷
754 1400 783 1425 ὲν
802 1399 905 1426 Ἀντιο-

106 1448 172 1482 χείᾳ
190 1447 240 1473 καὶ
250 1447 321 1473 κατὰ
331 1446 482 1473 Φλαὸιανοῦ
495 1446 652 1478 στασιάσαι,
668 1446 811 1477 αἰτοῦντας
825 1445 906 1472 αὐτὸν

104 1492 311 1527 ἀναθεματισαι
331 1492 381 1527 τὴν
397 1493 427 1518 ἐν
441 1492 593 1528 Χαλκηδόνι
617 1491 726 1518 σύνοδον
741 1492 789 1519 καὶ
805 1491 907 1518 Διόδω-

106 1547 157 1574 ρον
174 1539 223 1565 καὶ
239 1538 377 1574 Θεόδωρον
393 1538 442 1566 καὶ
460 1538 537 1566 Ἴόαν
550 1539 598 1565 καὶ
611 1538 802 1574 Θεοδώρητον“
828 1538 842 1565 ὃ
858 1538 907 1566 καὶ

103 1585 240 1620 ὶποίησεν
265 1584 475 1620 μικροψυχήσας
500 1584 660 1618 Φλαὸιανὺς,
686 1585 734 1611 καὶ
749 1585 793 1612 ἐπ’
807 1584 907 1620 ἐκκλη-

105 1632 171 1663 σίας
187 1632 290 1663 αὐτοὺς
303 1632 501 1666 ἀνεθεμάτισεν
519 1632 568 1658 σὺν
583 1633 616 1667 τῇ
634 1631 745 1667 συνόδῳ.

953 345 1059 381 gregari
1083 345 1174 372 sanxit
1197 343 1369 371 Anastasius.
1385 341 1546 370 Soterichus
1563 341 1635 369 enirn
1653 340 1745 367 Caesa-

953 399 1006 419 re:e
1033 390 1210 426 Cappadocia:
1232 397 1246 416 a
1264 389 1424 417 Macedonio
1453 391 1641 419 consecratus,
1664 385 1746 413 Chal-

953 439 1121 467 cedonensis
1143 437 1240 474 synodi
1271 439 1392 470 decreta,
1408 437 1483 464 velut
1502 436 1565 464 fidei
1584 435 1694 471 regulas
1715 442 1745 462 Se

953 485 1100 512 admittere
1113 485 1218 519 scripto
1235 484 1375 521 professus
1391 487 1443 511 est.
1471 482 1537 517 Ejus
1554 487 1644 508 autem
1670 485 1745 516 post-

953 531 1064 558 modum
1089 530 1179 558 factus
1204 530 1332 557 inimicus
1349 529 1417 556 adeo
1441 529 1489 556 ivit
1502 528 1529 556 in
1546 528 1701 558 adversum,
1717 530 1746 553 ut

953 576 982 604 in
999 576 1140 604 Orientem
1158 576 1308 612 profectus,
1328 575 1412 610 itnpio
1429 574 1540 602 Xenaiaa
1556 581 1612 601 rem
1637 579 1745 600 omnem

953 622 1181 654 communicaret,
1205 626 1232 649 et
1249 621 1283 648 ad
1304 620 1510 656 exstirpandatn
1533 619 1657 647 funditus
1681 626 1746 646 san-

953 672 1026 695 ctam
1058 667 1313 695 Cltalcedonensem
1345 666 1480 703 synodum
1509 666 1589 693 aliam
1625 664 1747 692 Sidonia:

954 714 1090 742 celebrari
1118 714 1154 741 ab
1183 714 1350 747 imperatore
1378 713 1531 748 postularet
1564 715 1697 746 uterque;
1720 714 1747 737 ct

956 761 1012 788 haec
1038 765 1187 788 convocata
1205 759 1279 787 dicto
1301 759 1383 786 citius
1395 758 1525 794 dissipata
1542 762 1584 785 est
1603 761 1629 785 et
1646 757 1747 785 soluta.

955 807 1078 842 Eutropii
1095 807 1198 834 tribuni
1214 805 1247 833 ab
1263 806 1431 840 imperatore
1446 805 1474 832 in
1483 809 1555 832 nunc
1571 804 1650 831 finem
1661 803 1747 830 missa

954 859 1048 887 opera,
1073 851 1118 887 qui
1143 859 1174 879 ea
1201 851 1343 886 abrogata,
1374 849 1506 877 Flaviano
1536 850 1690 876 Antiochiae
1721 853 1749 876 ct

954 898 1020 926 Elim
1043 897 1311 933 Hierosolymorum,
1323 896 1508 931 subiectisque
1525 895 1592 931 ipsis
1600 895 1746 930 episcopis,

955 948 996 977 ut,
1015 951 1076 979 quae
1091 943 1159 977 ipsis
1175 943 1326 978 placerent,
1344 942 1377 969 ad
1392 941 1585 976 imperatorem
1599 940 1747 970 referrent.

954 993 1050 1017 auctor
1074 989 1135 1016 fuit.
1150 988 1299 1015 Flavianus
1327 994 1409 1023 porro
1431 986 1551 1022 synodos
1569 990 1624 1014 tres
1645 986 1748 1014 solum-

954 1035 1035 1064 modo
1050 1039 1078 1063 οι
1101 1034 1220 1062 Zenonis
1249 1033 1414 1061 lleuoticum
1444 1040 1473 1060 se
1489 1033 1610 1067 recipere
1626 1031 1747 1066 scripsit,

955 1080 1031 1108 nulla
1058 1087 1171 1115 prorsus
1196 1080 1230 1107 de
1252 1077 1473 1106 Cltalccdonensi
1497 1078 1568 1105 facta
1592 1077 1748 1105 mentione:

956 1127 1029 1153 Eiias
1056 1131 1148 1153 autem
1166 1125 1418 1160 Hierosolymorum
1434 1125 1579 1160 episcopus
1597 1124 1750 1152 Chalcedo-

956 1180 1069 1200 nensem
1107 1179 1137 1199 se
1159 1171 1333 1207 prescribere
1358 1174 1476 1199 testatus
1499 1175 1559 1198 est:
1588 1170 1750 1198 Soleriebus

954 1224 1045 1245 autem
1074 1217 1206 1245 Caesareae
1229 1217 1408 1252 Cappadocia:
1435 1221 1462 1244 et
1485 1216 1603 1244 Xetiaias
1629 1217 1750 1251 impera-

956 1263 1008 1291 tori
1032 1262 1164 1290 adversus
1183 1262 1344 1289 Flavianum
1369 1266 1396 1290 et
1421 1262 1508 1289 Eliam
1535 1262 1749 1297 rescripserunt,

956 1308 1032 1343 ipsos
1060 1308 1203 1341 nimirum,
1233 1308 1297 1335 dum
1332 1308 1466 1336 adversus
1497 1308 1749 1336 Chalcedoneusem

957 1354 1091 1390 synodum
1109 1353 1198 1390 palam
1223 1353 1289 1381 dare
1305 1355 1471 1381 sententiam
1498 1358 1668 1387 recusarent,
1683 1362 1750 1389 quo-

957 1400 1049 1428 minus
1079 1400 1107 1427 in
1136 1403 1238 1427 coetum
1266 1404 1294 1427 et
1317 1407 1400 1427 unum
1433 1407 1545 1427 sensum
1573 1401 1690 1433 coirent,
1720 1402 1747 1428 in

958 1453 1041 1474 causa
1061 1445 1158 1473 fuisse.
1185 1445 1276 1478 Quare
1298 1445 1385 1473 iratus
1402 1444 1564 1474 Anastasius
1594 1445 1670 1474 falsis
1689 1445 1749 1481 qui-

959 1492 1075 1520 busdam
1101 1492 1253 1525 monachis,
1279 1496 1309 1519 ut
1322 1492 1476 1520 Antiochia:
1501 1493 1689 1527 convenirent,
1706 1493 1752 1521 ubi

961 1540 1078 1567 tumultu
1102 1540 1130 1567 in
1156 1538 1317 1566 Flavianum
1346 1538 1478 1573 excitato,
1500 1539 1751 1568 Chalcedonensem

961 1586 1096 1622 synodum
1129 1585 1267 1620 simulque
1295 1583 1455 1617 Diodorum,
1473 1584 1657 1616 Theodorum,
1678 1585 1751 1612 Ibam

921 1632 942 1661 C
960 1637 987 1661 et
1019 1631 1222 1660 Theodoretum
1253 1639 1316 1659 cum
1346 1632 1535 1660 exsecratione
1560 1640 1622 1661 eum
1644 1632 1753 1668 ejurare

104 1679 296 1714 postularent,
316 1679 468 1714 suggessit:
486 1679 561 1713 quod
592 1678 638 1712 ille
659 1686 692 1706 es
722 1679 806 1706 animi
841 1680 996 1716 dejectione
1019 1683 1167 1707 exsecutus
1182 1683 1236 1712 est,
1270 1682 1297 1706 et
1323 1678 1350 1705 in
1368 1678 1495 1707 ecclesiae
1536 1679 1647 1714 publico
1685 1687 1753 1707 con.

104 1730 194 1752 ventu
222 1732 273 1752 eos
297 1732 351 1752 una
378 1732 441 1752 cum
461 1726 568 1761 synodo
586 1725 664 1760 132
685 1726 823 1759 percussit
840 1727 1024 1755 anathemate.

145 1771 193 1806 Τῷ
209 1770 234 1797 δ’
257 1771 332 1805 αύτῷ
354 1770 409 1797 ἔτει
433 1772 480 1798 καὶ
504 1772 575 1798 κατὰ
595 1771 764 1798 Μακεδονίου
789 1772 803 1799 ό
831 1772 908 1807 βασι-

105 1817 175 1849 λεὺς
191 1817 251 1852 (9.5)
279 1817 498 1844 κατεσκεύασεν·
527 1819 575 1844 καὶ
602 1818 627 1844 οἱ
653 1818 817 1854 ἁποσχισταὶ
838 1819 908 1854 μετὰ.

108 1863 260 1899 μισθωτῶν
273 1863 361 1898 ὄχλων
382 1864 411 1890 ὲν
435 1863 475 1899 τῷ
498 1863 677 1899 Ἀρχαγγέλῳ
701 1864 749 1891 τοῦ
772 1865 905 1892 παλατίου

107 1909 158 1935 καὶ
170 1910 202 1936 ἰν
215 1910 250 1944 τῇ
265 1908 379 1943 Μεγάλῃ
402 1909 551 1944 Ἐκκλησία⁸
565 1909 712 1944 ψάλλοντες
727 1910 756 1936 ἐν
778 1911 904 1946 κυριακῇ

107 1955 142 1981 τὸ
158 1955 311 1990 Τρισὰγιον
329 1955 506 1990 προσετιθουν
519 1956 559 1988 τὸ,
579 1955 610 1982 '0
627 1956 649 1972 "
668 1957 849 1990 σταυρωθεὶς
868 1956 906 1983 δι’

107 2000 203 2035 ἡμᾶς,
223 2000 295 2027 ὥστε
308 2001 371 2032 τοὺς
384 2000 542 2036 ὀρθοδόξους
561 2001 591 2034 ἐξ
610 2001 734 2037 ἀνάγκης
750 2002 820 2037 μετὰ
834 2001 906 2036 πλη-ν

108 2047 171 2082 γῶν
185 2047 286 2073 αὐτοὺς
316 2046 422 2073 ἐλάσαι.
446 2046 475 2073 '0
497 2046 526 2073 δὲ
552 2047 678 2082 βασιλεὺς
701 2047 848 2083 προφανῶς
862 2048 908 2074 διά

110 2093 170 2118 τῶν
183 2091 359 2126 ἀποσχιστῶν
375 2092 500 2127 μοναχῶν
518 2093 565 2119 καὶ
580 2092 719 2128 κληρικῶν
735 2092 782 2119 καὶ
802 2092 911 2119 Ἰουλια-

111 2137 162 2165 νοῦ
173 2137 222 2164 τοῦ
240 2138 263 2153 ¹⁹
282 2137 389 2174 Καρίας
405 2138 428 2154 ’⁵
441 2138 506 2165 ποτὲ
517 2139 678 2172 ἐπισκόπου,
691 2138 786 2166 ἔπειτα
800 2138 828 2165 δὲ
839 2138 911 2165 ’Δλι-

110 2184 285 2220 καρνασσοῦ,
304 2185 352 2211 καὶ
376 2185 496 2220 Σευήρου
511 2184 559 2211 τοῦ
571 2184 716 2216 δυσσεϐοῦς
735 2184 775 2211 ἔτι
792 2185 909 2220 μοναχοῡ

997 1771 1054 1799 Hoc
1064 1771 1146 1798 etiam
1164 1777 1237 1798 anno
1252 1770 1401 1806 imperator
1416 1770 1576 1798 Macedonio
1594 1771 1696 1799 struxit
1708 1771 1753 1800 iu-

959 1818 1045 1846 sidias
1059 1826 1066 1845 :
1084 1816 1251 1845 schismatici
1266 1824 1330 1844 vero
1346 1818 1424 1844 turba
1441 1817 1566 1845 mercede
1576 1818 1711 1845 conducta
1726 1819 1753 1846 iu

959 1864 1016 1892 aede
1034 1863 1068 1890 ad
1093 1863 1227 1898 palatium
1251 1862 1425 1898 Arcbangelo
1447 1863 1538 1891 dicata
1563 1867 1591 1891 et
1607 1864 1634 1891 in
1657 1863 1753 1900 Magna

958 1916 1068 1946 quoque
1088 1909 1205 1937 ecclesia
1226 1909 1271 1937 die
1293 1908 1434 1936 Dominico
1457 1913 1499 1936 ter
1524 1914 1650 1936 sanctum
1673 1910 1752 1945 hym-

960 1963 1024 1984 num
1050 1961 1193 1988 canentes,
1221 1954 1378 1983 addidere:
1404 1955 1457 1987 Ωιιὶ
1485 1955 1630 1990 cruciﬁxus
1650 1964 1676 1982 es
1704 1964 1752 1990 pro

960 2002 1035 2029 nobis
1056 2009 1065 2028 :
1087 2009 1119 2029 ex
1136 2009 1192 2037 quo
1206 2001 1238 2029 ad
1260 2009 1308 2030 eos
1333 2001 1414 2029 etiam
1436 2001 1573 2036 adjunctis
1593 2002 1753 2030 verberibus

959 2048 1146 2075 extrudendos
1173 2047 1285 2082 impulsi
1318 2051 1384 2075 sunt
1409 2047 1567 2075 orthodoxi.
1601 2047 1753 2083 Imperator

961 2097 1052 2121 autem
1069 2094 1311 2122 sebismaticorum
1327 2093 1526 2121 monachorum
1540 2093 1663 2130 clerique
1678 2095 1753 2122 viro-

963 2147 1023 2166 rum
1044 2144 1071 2167 et
1093 2138 1196 2167 Iuliani
1217 2139 1354 2174 quondam
1369 2140 1472 2172 ϐαι-ιω,
1492 2142 1666 2175 postmodum
1689 2148 1753 2168 vero

964 2185 1151 2213 Halicarnassi
1174 2186 1307 2221 episcopi,
1324 2189 1351 2212 et
1372 2185 1446 2221 impii
1473 2185 1566 2213 Severi
1587 2187 1753 2214 monachum

109 2231 202 2262 ιντος.
216 2229 348 2265 ἐπολέμει
361 2229 406 2256 τδν
417 2229 593 2262 Μακεδόνων,
610 2229 721 2265 ὕϐρεσιν
732 2230 814 2256 αὑτὸν
825 2230 904 2265 δημο‹

960 2231 1051 2259 adhuc
1075 2232 1180 2266 agentis
1195 2238 1276 2267 opera
1304 2231 1384 2259 foedis
1405 2231 1493 2266 palam
1523 2232 1634 2260 emissis
1652 2237 1754 2260 contu-

756 2275 874 2303 VARIAS
894 2277 1097 2306 LECTIONES.

150 2324 162 2340 '
174 2324 275 2360 Σιδῶνι
285 2323 319 2355 Δ.
330 2323 453 2360 simul;
465 2323 538 2360 vuig.

110 2360 178 2393 τέγ.
190 2359 280 2390 οὕτως
293 2359 367 2393 vuig.
407 2360 427 2374 “
438 2357 581 2394 απελϐεῖν]
593 2358 741 2394 ἀποθανεῖν
756 2359 779 2384 Α
793 2366 819 2386 e.

113 2430 227 2464 ἠγαγεν
239 2430 272 2456 Α.
312 2430 333 2447 ¹⁷
354 2428 493 2456 συνελθεῖν
507 2428 540 2462 Δ,
554 2428 642 2455 συνδιε

111 2472 143 2497 a,
156 2464 331 2501 Καισαρείας
341 2464 363 2492 f.

576 2324 587 2340 '
613 2323 788 2354 ’Λναστάσιος
807 2324 871 2351 add.
891 2332 922 2351 ex
938 2324 964 2351 Ι).

869 2361 890 2376 ⁸³
905 2360 935 2386 ὲν
952 2360 1039 2387 Χαλκ.
1060 2362 1092 2394 Δ,
1113 2361 1142 2386 ὲν
1158 2361 1190 2394 τῇ

111 2403 149 2421 ex
168 2395 201 2421 Δ.
243 2395 265 2410 ⁸⁸
282 2395 316 2421 τὰ
329 2394 399 2429 πρὸς
414 2393 511 2434 ᾑδονὴν
527 2394 555 2425 b,
569 2393 605 2420 τὰ
621 2393 688 2454 πρὸς
701 2393 861 2426 ΣιδόνιονΑ,
873 2395 908 2420 τὰ
921 2395 996 2429 παρὰ
1011 2395 1141 2421 Σιδωνίαν
1153 2393 1227 2434 yulg.

113 2430 227 2454 tum:
239 2430 272 2454 Δ.
312 2430 333 2447 ¹⁷
354 2429 493 2454 συνελθεῖν
507 2428 540 2454 Δ.
554 2428 642 2454 συνδιε
661 2427 718 2454 θεῖν
736 2429 810 2454 νιιΙιι.
832 2429 854 2445 ¹⁸
868 2430 882 2454 ό
893 2430 955 2454 add.
971 2438 1003 2454 ex
1015 2431 1048 2454 A.
1087 2429 1108 2446 ”
1122 2438 1169 2454 του
1183 2429 1216 2454 Α.

661 2427 718 2455 θεῖν
736 2429 810 2464 vulg.
832 2429 854 2445 ⁸⁸
868 2430 882 2455 ό
893 2427 1003 2457 οιιιιξοι
1015 2431 1048 2457 Α.
1087 2429 1108 2446 ¹⁹
1122 2428 1169 2456 τοῦ
1183 2427 1216 2462 Α]
1226 2431 1275 2466 τῆς
1290 2430 1363 2466 vulg.
1401 2430 1424 2446 ¹⁰
1443 2432 1556 2466 Καρυᾶς
1571 2431 1586 2458 b
1598 2438 1623 2463 e,
1636 2431 1754 2467 Βαρείας

1022 2325 1042 2341 ¹⁶
1057 2324 1262 2360 πολεμιώτατος
1277 2325 1388 2359 γέγονεν
1403 2321 1480 2356 οὗτος
1507 2325 1534 2357 b,
1561 2325 1753 2360 πολεμιώτατα

1217 2361 1250 2386 Χ.
1265 2360 1339 2395 vulg.
1378 2360 1401 2376 ”
1414 2361 1460 2386 καὶ
1475 2365 1539 2387 ante
1560 2362 1674 2395 συνέστη
1690 2362 1752 2389 add.

1267 2395 1289 2410 "
1303 2396 1349 2421 καὶ
1363 2395 1475 2426 Ξεναῖας
1487 2403 1540 2422 οιιι.
1552 2395 1573 2422 Λ
1589 2403 1613 2423 e.
1669 2397 1690 2412 ’θ
1708 2398 1755 2423 ἀν-

787 2509 863 2544 JAC.
874 2509 978 2538 GOARI
992 2509 1106 2539 NOTAE.

156 2558 215 2594 (20)
231 2557 353 2593 Cyrilius
371 2562 469 2594 auctor
486 2555 554 2584 Vitae
567 2556 596 2594 Sp.
615 2556 693 2594 Saba:
711 2556 911 2594 apu_d_Surium

111 2591 167 2621 die
177 2594 195 2620 5
207 2591 371 2628 Decembris
384 2600 418 2619 es
434 2592 475 2619 his
489 2592 620 2619 nonnulla
637 2591 721 2619 refert
735 2599 742 2617 :
757 2591 807 2618 fuit
819 2596 910 2628 autem

111 2629 311 2664 Cyrillusrtlle
339 2627 418 2655 Sabae
449 2634 571 2661 suppar,
598 2634 631 2654 ac
658 2634 726 2661 pene
753 2627 909 2664 coaalauetts

112 2662 261 2691 Anastasii
278 2663 345 2697 imp.
364 2667 391 2690 et
414 2663 620 2697 episcoporum,
640 2669 757 2696 quorum
770 2662 819 2697 hie
833 2664 910 2697 gesta

113 2695 371 2726 ταοιιιειιιυτίοο
397 2695 494 2733 synodi
511 2695 598 2724 istius
620 2695 693 2723 anno
714 2695 821 2724 auctori
839 2695 910 2722 Mar-

113 2734 239 2761 cellinus
256 2741 312 2760 non
331 2733 480 2760 consentit.

159 2769 214 2804 (2|)
242 2768 304 2795 Istis
333 2766 650 2804 adversaturipraefatus
667 2766 804 2804 Cyrillus,
828 2764 910 2804 cuius

114 2800 312 2831 testimonium
342 2803 476 2836 approbat
504 2800 640 2829 Baronius
669 2800 703 2829 ad
725 2809 827 2828 annum
848 2800 910 2831 512,

115 2847 201 2867 mnu.
215 2839 250 2865 IG
262 2859 269 2870 ,
283 2835 415 2865 Petavius
432 2838 478 2864 lib.
498 2845 546 2864 xm
564 2837 602 2864 De
625 2837 695 2864 doct.
713 2842 790 2870 temp.
807 2840 834 2863 et
852 2835 911 2866 alii,

116 2875 261 2902 sincerqu
282 2873 443 2900 onhodoxaa
459 2873 520 2900 fidei
533 2873 706 2901 defensorem
721 2871 808 2899 Etiam
828 2871 911 2899 istutn

283 2921 421 2951 PATROL.
442 2921 499 2951 GR.
510 2920 620 2951 CVIII.

967 2562 1123 2586 asserentes
1136 2566 1144 2585 :
1159 2557 1193 2585 de
1207 2556 1336 2585 Flaviano
1349 2558 1475 2593 superius
1487 2561 1588 2585 actutn.
1602 2556 1753 2592 Utrumque

964 2597 1040 2619 certe
1058 2594 1201 2627 sequentia
1224 2593 1362 2620 vindicant
1377 2592 1389 2619 ί
1405 2597 1435 2620 ιιι
1458 2593 1522 2626 quid
1540 2593 1612 2619 enim
1631 2592 1656 2618 in
1678 2593 1753 2626 judi-

964 2627 1037 2654 cium
1056 2628 1130 2655 velut
1154 2628 1194 2655 rei
1212 2630 1396 2659 traherentur,
1419 2627 1466 2662 qui
1489 2627 1545 2660 jam
1565 2628 1592 2654 in
1607 2632 1752 2655 accusato-

965 2670 1025 2689 rum
1052 2668 1163 2697 partes,
1190 2663 1214 2690 si
1233 2670 1294 2689 vera
1319 2662 1389 2689 foret
1414 2663 1540 2694 historia,
1555 2662 1752 2697 Iransiissent?

966 2697 1039 2725 hlias
1055 2696 1114 2733 ipse
1133 2697 1322 2733 defensionem
1347 2705 1425 2725 suam
1444 2697 1566 2724 instituit
1583 2696 1655 2731 apud
1683 2698 1753 2725 Era-

966 2733 1065 2767 grium,
1082 2733 1130 2759 Iib.
1143 2740 1184 2763 ιιι,
1200 2739 1260 2766 cap.
1276 2732 1319 2758 ⁸51.

1002 2767 1058 2802 (22)
1084 2767 1112 2794 In
1132 2769 1297 2802 contrariam
1323 2771 1440 2794 mentem
1468 2766 1570 2794 factum
1591 2767 1643 2795 hoc
1671 2768 1752 2796 vertit

966 2800 1099 2834 Erauﬁus
1115 2810 1178 2836 cap.
1194 2801 1239 2828 52.

1003 2836 1059 2873 (Ξῖἢ
1075 2836 1178 2865 Tlteod.
1197 2836 1270 2863 Lect.
1286 2842 1408 2872 excerpt.

1541 2915 1577 2944 12
