2008 3156
219 174 269 205 δτι

921 173 1165 205 THEOPHANIS

1799 169 1852 200 372

215 234 292 257 runt.
321 229 452 257 Caeterum
483 228 522 255 Dii
555 228 713 256 monasterii
745 228 875 264 praefecto
897 236 913 257 e
936 229 1005 257 vivis

1062 231 1139 258 παντὶ
1155 230 1291 266 ἀνθρώπῳ
1305 229 1343 264 τῷ
1364 229 1400 264 μὴ
1415 227 1552 263 δεχομένῳ
1575 226 1624 261 τὴν
1649 226 1677 252 ὲν
1698 225 1851 260 Χαλκηδόνι

217 276 334 308 sublato,
349 274 511 303 Timotheus
530 276 697 310 superiorem
711 275 793 302 alium
805 276 1006 304 substituturus

217 321 345 348 accessit.
368 321 400 346 At
419 320 464 355 qui
494 321 697 356 pro‘movcndus
711 325 772 348 erat
790 321 859 348 dixit
876 329 884 349 :
909 329 924 349 a
948 322 1007 349 viro

217 366 526 401 quiChaleedonensem
547 367 680 402 synodum
700 367 899 403 reprobaverit,
925 368 1008 395 bene-

217 412 364 439 dictionem
376 420 405 439 se
419 413 490 439 nolle
503 414 637 448 accipere.
657 413 808 448 Respondit
822 413 984 441 Timotheus
998 421 1006 441 :

216 458 399 486 Anathemale
419 457 537 486 feriatur
549 460 675 494 quisquis
691 459 939 487 Chalcedonensem
953 466 1007 487 non

217 503 361 531 admiserit
375 505 509 540 synodum
529 514 535 532 :
560 509 642 540 atque
656 505 691 533 ita
708 514 737 534 se
756 506 789 533 ab
802 514 834 533 eo
850 506 1008 534 conﬁrmari

218 557 272 576 non
300 549 423 584 permisit
441 550 595 585 praefectus.
620 551 738 579 Joannes
759 556 850 579 autem
872 551 1008 580 Timothei

219 594 432 623 archidiaconus
448 603 510 623 eum
528 601 602 625 esset
619 596 804 631 Manichzeus,
828 597 960 633 conjectis
980 599 1007 625 in

218 639 393 669 Timotheum
404 642 549 676 conviciis,
562 651 619 672 rem
640 644 673 671 ad
692 644 882 679 imperatorem
899 644 1006 672 detulit.

219 686 273 714 Sed
297 694 360 714 cum
387 688 537 722 imperator
564 689 652 724 ipsum
679 690 862 725 ignominiose
889 695 916 718 et
942 691 1010 719 dure

219 732 410 767 corripuisset.
435 733 596 763 Timotheus
609 739 673 762 ante
696 736 873 770 imperatoris
891 744 1008 771 conspe-

219 782 293 805 ctum
315 787 371 806 rem
387 780 496 815 negavit
511 788 618 808 omnem
637 802 644 815 ,
665 785 692 808 et
706 783 753 817 qui
777 783 911 818 synodum
929 783 1011 810 Chal-

219 824 323 853 cedone
343 826 422 861 136
444 827 610 854 celebratam
633 828 806 863 reciperent,
836 830 1011 857 anathemate

219 870 391 903 perstrinxit.
406 870 525 900 Joannes
540 877 630 900 autem
647 873 748 909 impius
762 874 935 903 Alexandriae
946 883 1011 910 prte-

220 915 262 943 sul
277 915 418 951 Aigyptios
441 916 658 954 llierosolymant
684 905 832 948 ascendere
858 905 1008 955 prohibuit,
1023 905 1048 935 Β

219 969 254 988 ne
272 962 299 989 in
316 967 419 990 sancta),
442 964 533 991 crucis
566 965 745 993 exaltationis
766 965 837 993 festo
857 966 1010 995 Chalcedo-

220 1009 314 1036 nensis
328 1009 425 1044 synodi
449 1009 579 1038 Patribus
594 1011 841 1038 communicarent.
855 1011 924 1040 Tum
947 1021 1011 1040 vero

220 1061 266 1080 res
280 1061 393 1088 prorsus
416 1054 559 1082 horrendae
574 1055 608 1082 ab
625 1055 658 1083 iis
673 1056 719 1090 qui
734 1055 903 1084 daemonibus
918 1064 1011 1084 corre-

221 1099 259 1133 pti
286 1103 366 1127 erant
386 1099 584 1135 Hierosolymis
609 1101 700 1128 editae.
727 1101 892 1129 Anastasius
920 1106 1009 1130 autem

220 1144 372 1172 Palaestina:
394 1145 447 1173 dux
472 1146 529 1173 ﬁcri
554 1154 618 1173 cum
638 1147 767 1178 ainbiret.
790 1147 842 1176 nisi
864 1147 1009 1180 Joannem,

221 1191 268 1224 qui
287 1194 347 1224 post
359 1190 444 1217 Eliam
462 1190 714 1227 Hierosolymorum
730 1193 888 1228 episcopum
903 1195 1009 1229 agebat.

221 1244 283 1263 cum
306 1236 406 1263 Severo
429 1237 653 1265 communionem
677 1237 778 1266 habere
796 1238 937 1271 suaderet,
959 1239 1011 1267 500

223 1280 281 1307 auri
296 1280 380 1308 libras
392 1281 552 1316 imperatori
571 1290 601 1310 se
623 1290 771 1317 pensurum
796 1284 935 1319 promisit.
949 1284 1009 1312 Mox

222 1325 354 1360 dignitate
371 1330 478 1362 arrepta
492 1346 499 1359 ,
513 1328 586 1355 venit
600 1328 817 1362 Hierosolymam
833 1334 859 1357 et
875 1329 1010 1357 Joannem

223 1371 274 1399 sibi
295 1373 474 1400 reluctantem
492 1374 611 1409 conjecit
628 1375 654 1401 in
673 1375 838 1404 custodiam.
863 1376 1012 1404 Zacharias

222 1422 312 1445 autem
329 1418 440 1453 quidatu
457 1419 609 1447 Palaestinae
623 1420 780 1456 praefectus,
798 1422 840 1449 vir
854 1422 1009 1457 religiosius,

222 1463 316 1491 divino
339 1465 398 1492 zelo
415 1470 518 1498 motus,
544 1466 671 1502 episcopo
692 1468 843 1503 suggessit,
864 1468 925 1495 duci
951 1475 1012 1503 quae

221 1510 322 1544 placita
347 1509 436 1537 forent
459 1517 652 1539 exsecuturum
674 1513 862 1547 polliceretur,
884 1513 906 1540 si
930 1513 1012 1541 modo

224 1555 362 1589 propriam
379 1556 429 1583 sibi
444 1556 535 1583 sedem
545 1557 689 1593 reciperet.
700 1558 758 1590 Quo
770 1558 846 1585 illum
858 1559 1012 1586 dimittente

225 1607 256 1626 ac
269 1600 370 1627 throno
387 1602 557 1634 restituente,
574 1610 635 1629 mox
653 1603 697 1630 illc
713 1604 880 1631 monasteria
898 1611 1013 1639 quzeque

224 1647 253 1673 in
269 1645 297 1673 S.
313 1645 443 1681 Stephani
461 1647 591 1682 templum
607 1649 727 1684 collegit,
740 1654 767 1676 et
778 1650 883 1677 sanctis
895 1655 1013 1685 quatuor

225 1692 405 1720 weumenieis
422 1693 547 1721 conciliis
559 1694 668 1728 publice
683 1695 858 1729 proclamatis
874 1696 900 1723 in
915 1695 1013 1724 Nesto-

224 1740 309 1773 rium,
331 1739 493 1775 Eutychem,
518 1739 649 1769 Severum
675 1746 700 1769 et
726 1741 899 1770 Soteriehum
923 1742 1014 1770 Caesa-

223 1795 278 1814 reae
299 1787 442 1822 pnesulem
461 1787 606 1814 anathema
627 1795 660 1815 ex
679 1788 795 1815 amboue
815 1789 1013 1823 pronuntiavit.

224 1832 274 1861 llis
297 1833 422 1861 interfuit
438 1833 570 1869 Hypatius
587 1834 762 1869 imperatoris
781 1842 814 1862 ex
831 1833 917 1862 fratre
929 1842 1014 1870 nepos

225 1889 240 1908 a
264 1881 358 1909 Severi
382 1881 575 1910 communione
597 1882 706 1916 penitus
732 1883 856 1910 alienus.’
877 1882 928 1909 Hic
951 1890 1014 1910 cum

225 1927 324 1955 Joanni
340 1927 567 1962 communicaret,
584 1926 740 1955 Theodosio
760 1932 856 1956 sancto
876 1932 1015 1955 monaste-

175 1980 182 1986 '
226 1974 330 2002 riorum
347 1975 495 2010 przrposito
510 1978 620 2001 centum
637 1974 696 2000 auri
714 1974 797 2002 libras
814 1979 878 2002 tunc
891 1974 1014 2006 donavit,

225 2029 295 2055 quas
313 2022 340 2048 in
355 2020 515 2053 monachos,
529 2019 575 2055 qui
591 2025 694 2048 rectam
715 2020 793 2047 ﬁdem
806 2024 833 2048 et
843 2020 1016 2048 Chalcedone

226 2067 361 2102 synodum
380 2071 468 2094 actam
491 2071 645 2098 tuerentur,
662 2067 849 2094 distribueret.
866 2066 1016 2101 Imperator

224 2120 309 2147 porro
326 2113 535 2148 magistratuum
550 2113 702 2145 nonnullis,
722 2117 751 2140 ut
772 2113 799 2139 in
820 2112 907 2139 sancti
929 2111 1016 2140 Theo-

225 2157 285 2185 dori
310 2158 522 2192 Spharaeiorum
544 2159 647 2193 templo
669 2166 701 2185 ex
726 2158 844 2185 atnbone
862 2158 953 2193 hymni
975 2161 1016 2185 ter

226 2203 314 2232 sancti
330 2203 497 2238 subiicerent
510 2204 724 2231 additamentum
741 2204 889 2238 praecepit:
916 2211 948 2231 cx
960 2211 1015 2238 quo

1057 278 1166 304 σύνοδον
1175 278 1196 294 ³⁷
1209 285 1216 293 ·
1234 277 1282 304 καὶ
1296 276 1382 308 οὕτως
1394 273 1618 311 προχειρισθῆναι
1633 273 1680 299 ὑπ’
1690 272 1773 298 αὑτοῦ
1787 273 1817 298 οὺ
1827 271 1851 287 ⁸⁸

1057 323 1218 355 κατεδέξατο
1229 323 1243 348 ὁ
1259 321 1420 357 ἡγούμενος.
1433 320 1559 354 Ἰωάννης
1581 319 1608 345 δὲ
1623 318 1637 344 ὁ
1663 318 1852 353 ἀρχιδιάκονος

1057 369 1192 403 Τιμοθέου
1209 369 1360 403 Μανιχαῖος
1370 367 1418 398 ὣν,
1435 366 1550 402 ὑϐρίσας
1560 365 1702 400 Τιμόθεον,
1719 364 1759 399 τῷ
1773 364 1852 399 βασα-

1058 415 1099 442 λεῖ
1112 415 1255 451 ἐμήνυσεν.
1274 415 1304 442 ‘0
1320 414 1349 440 δὲ
1359 413 1485 449 βασιλεὺς
1499 411 1786 447 ἀτιμάσαςτιμόθεον,
1802 418 1853 445 χα-

1058 461 1149 493 λεπῶς
1165 460 1237 488 κατά
1259 461 1406 496 πρόσωπον
1431 458 1599 494 ἀρνούμενον
1613 455 1693 493 εὗρεν
1707 456 1756 483 καὶ
1770 456 1853 482 πάλιν

1058 507 1292 542 ἀναθεματίζοντα
1314 507 1377 537 τοὺς
1405 506 1566 541 δεχομένους
1590 504 1640 540 τὴν
1656 505 1685 530 ὲν
1699 503 1852 537 Χαλκηδόνι

1060 552 1308 588 σύνοδον.’ῐωάννης
1325 553 1353 579 δὲ
1364 553 1378 579 ό
1389 551 1594 587 Ἀλεξανδρείας
1604 552 1618 578 ὁ
1633 549 1766 584 δυσσεϐὴς
1781 549 1852 575 ὲκὼ-

1059 597 1124 624 λυσε
1152 598 1216 628 τοὺς
1235 597 1401 631 Αίγυπτίους
1416 597 1579 632 ἀνέρχεσθαι
1595 597 1636 627 εἰς
1651 595 1685 622 τὰ
1703 594 1853 629 Ἰεροσόλυ-

1060 652 1110 679 μα,
1122 644 1166 671 διὰ
1182 643 1212 670 τὸ
1232 643 1270 678 μὴ
1284 645 1420 670 κοινωνεῖν
1436 643 1465 669 ἐν
1479 644 1512 677 τῇ
1532 641 1635 676 ὑψώσει
1651 642 1684 676 τῇ
1701 641 1729 666 ὲν
1742 639 1854 674 Χαλκη-

1060 689 1114 716 δόνι
1147 689 1257 724 συνόδῳ.
1291 688 1397 724 Φοϐερά
1423 688 1452 715 δέ
1481 696 1544 714 τινα
1569 687 1623 714 ὑπὸ
1650 685 1854 721 δαιμονιώντων

1061 735 1169 768 ἐγένετο
1182 736 1222 766 είς
1243 735 1416 770 Ἱεροσόλυμα
1430 735 1490 761 τότε
1506 735 1540 761 ⁵³.
1555 733 1731 764 Ἀναστάσιος
1745 732 1774 758 δὲ
1790 731 1853 758 ἑπι-

1061 780 1156 815 θυμῶν
1167 780 1295 814 γενέσθαι
1305 780 1366 812 δοὺξ
1374 779 1565 814 Παλαιστίνης,
1579 779 1712 812 ὑπέσχετο
1719 776 1758 812 τῷ
1775 776 1854 812 βασι-

1061 826 1118 859 λεῖ,
1135 826 1160 852 εἰ
1176 826 1212 861 μὴ
1229 825 1316 852 πείσω
1336 826 1359 841 ⁶⁰
1373 825 1502 859 Ἰωάννην
1524 824 1569 850 τὸν
1587 823 1658 859 μετὰ
1671 823 1763 849 Ἠλίαν
1793 822 1855 848 ἐπί-

1063 879 1163 898 σκοπον
1198 871 1393 906 Ἰεροσολύμων
1426 870 1591 904 κοινωνῆσαι
1620 869 1743 904 Σευήρῳ,
1772 867 1856 895 δὲδειν

1061 917 1220 953 τριακοσίας
1228 916 1321 951 λίτρας
1331 916 1455 951 χρυσίου.
1464 915 1562 942 Λαϐὼν
1571 915 1598 942 δὲ
1610 915 1661 951 τὴν
1674 915 1761 950 ἀρχὴν
1772 912 1856 950 ἦλθεν

1062 964 1101 993 εἰς
1111 962 1145 989 τὰ
1165 962 1351 998 Ἰεροσόλυμα,
1367 962 1415 988 καὶ⁸
1431 962 1560 996 Ἰωάννην
1578 961 1616 996 μὴ
1632 961 1793 995 πειθόμενον
1814 961 1856 992 εἰς

1062 1008 1184 1044 φρουρὰν
1193 1008 1329 1034 ἐνέϐαλεν.
1346 1008 1486 1043 Ζαχαρίας
1501 1007 1531 1034 δέ
1543 1016 1586 1038 τις
1598 1008 1689 1042 ἄρχων
1703 1006 1855 1033 Παλαιστί-

1061 1065 1120 1091 νης,
1137 1055 1265 1091 θεοφιλὴς
1280 1055 1359 1091 ἀνὴρ,
1373 1055 1488 1082 ὑπέθετο
1501 1055 1540 1090 τῷ
1552 1055 1694 1090 ὲπισκόπῳ
1706 1054 1781 1089 ζήλῳ
1791 1053 1858 1088 θείῳ

1062 1102 1213 1138 φερόμενος
1241 1101 1409 1137 ὑποσχέσθαι
1424 1101 1463 1136 τῷ
1477 1101 1552 1128 δουκὶ
1569 1101 1655 1127 ποιεῖν
1677 1100 1712 1127 τὰ
1724 1099 1857 1127 δοκοῦντα

1061 1148 1146 1183 αὐτῷ,
1160 1149 1183 1174 εί
1197 1148 1407 1183 ἀποκατασταθῇ
1420 1148 1460 1179 εἰς
1479 1147 1523 1174 τὸν
1538 1147 1633 1182 θρόνον
1644 1146 1738 1174 αὐτοῦ.
1756 1146 1810 1172 Τοῦ
1826 1145 1857 1172 δὶ

1062 1193 1248 1226 ἀπολύσαντος
1261 1189 1354 1226 αὐέὺν,
1368 1194 1416 1221 καὶ
1429 1194 1717 1229 ἀποκαταστήσαντος,
1736 1200 1858 1225 συναγα·

1061 1239 1118 1274 γὼν
1132 1240 1167 1266 τὰ
1183 1240 1354 1275 μοναστήρια
1380 1240 1420 1271 είς
1437 1240 1483 1266 τὸν
1502 1239 1566 1266 ναὸν
1585 1239 1632 1265 τοῦ
1657 1238 1736 1272 ἁγίου
1751 1237 1857 1271 Στεφά-

1062 1295 1118 1319 νου,
1128 1286 1174 1312 καὶ
1185 1285 1306 1313 ἀνελθὼν
1320 1285 1363 1314 ἐπ’
1371 1285 1507 1320 ἄμὸωνος,
1520 1285 1699 1319 ἀνεθεμάτισε
1707 1283 1857 1318 Νεστόριον

1063 1333 1109 1360 καὶ
1122 1332 1244 1367 Εὑτυχέα
1257 1332 1303 1358 καὶ
1318 1331 1438 1367 Σευῆρον
1455 1332 1501 1358 καὶ
1517 1331 1673 1366 Σωτήριχον
1687 1329 1733 1356 τὸν
1747 1329 1856 1355 Καισα-

1064 1378 1150 1414 ρείας,
1162 1378 1348 1414 ἀναγορεύσας
1362 1378 1411 1409 τὰς
1427 1378 1509 1412 ἁγίας
1524 1379 1570 1404 καὶ
1580 1375 1774 1412 οίκουμενικάς
1788 1375 1852 1402 τέσ-

1063 1432 1150 1460 σαρας
1171 1424 1311 1455 συνόδους·
1331 1424 1423 1458 παρῆν
1437 1423 1466 1450 δὲ
1489 1423 1536 1450 καὶ
1563 1423 1691 1454 Ὑπάτιος
1714 1422 1729 1448 ὁ
1747 1420 1857 1454 ἀδελφι-

1062 1469 1124 1501 δοῦς
1139 1469 1159 1485 ⁶¹
1177 1468 1233 1504 (49)
1242 1468 1289 1495 τοῦ
1306 1469 1437 1504 βασιλέως
1451 1468 1487 1503 μὴ
1500 1468 1636 1495 κοινωνῶν
1649 1469 1688 1503 τῷ
1701 1468 1814 1504 Σευήρῳ
1824 1468 1857 1494 τὸ

1064 1514 1184 1541 σύνολον.
1208 1511 1292 1545 Οὗτος
1306 1514 1474 1549 κοινωνήσας
1487 1514 1525 1548 τῷ
1539 1514 1650 1549 Ἰωάννῃ
1665 1515 1726 1541 τότε
1742 1513 1856 1549 χρυσίου

1065 1560 1159 1595 λίτρας
1173 1559 1271 1586 ἑκατὸν
1287 1559 1420 1595 Θεοδοσίῳ
1436 1560 1474 1595 τῷ
1484 1560 1550 1594 ὁσίῳ
1567 1560 1590 1575 ⁶¹
1601 1559 1707 1594 ὲξάρχῳ
1725 1559 1782 1588 ὖντι
1802 1559 1857 1585 τῶν

1067 1606 1258 1641 μοναστηρίων
1273 1605 1329 1642 (50)
1346 1606 1385 1638 είς
1403 1605 1535 1640 διανομὴν
1547 1605 1601 1631 τῶν
1625 1604 1696 1640 ὑπὲρ
1711 1605 1760 1640 τῆς
1773 1604 1858 1639 ὀρθῆς

1065 1651 1241 1682 πίστεως-καὶ
1251 1652 1299 1686 τῆς
1317 1652 1346 1678 ὲν
1360 1651 1512 1686 Χαλκηδόνι
1524 1652 1547 1667 ⁸³
1563 1651 1715 1686 ζηλούντων
1732 1650 1858 1686 μοναχῶν

1065 1697 1190 1724 δέδωκεν.
1216 1697 1245 1723 '0
1271 1697 1300 1724 δὲ
1326 1697 1453 1732 βασιλεὺς
1467 1697 1543 1728 τινὰς
1564 1696 1620 1732 (51)
1637 1696 1858 1734 τῶνοάρχὸντων

1065 1743 1234 1779 προσέταξεν
1257 1744 1297 1775 είς
1325 1743 1371 1770 τὸν
1392 1744 1455 1769 ναὸν
1479 1742 1525 1769 τοῦ
1541 1743 1619 1777 ἁγίου
1643 1742 1782 1778 Θεοδώρου
1802 1741 1858 1768 τῶν

1066 1790 1222 1824 Σφαρακίου
1249 1790 1292 1816 ἐπ’
1307 1789 1432 1824 ἄμϐωνας
1448 1789 1498 1824 τὴν
1524 1789 1684 1824 προσθήκην
1698 1788 1745 1815 τοῦ
1773 1788 1860 1823 Τρισ-

1065 1836 1143 1871 αγίου
1163 1835 1407 1868 ὑποϐάλλειν,ὥστε
1421 1836 1454 1862 τά
1466 1835 1556 1871 πλήθη
1568 1834 1775 1870 ἀγανακτοῦντα
1787 1833 1860 1867 ἐξελ-

1066 1883 1122 1909 θεῖν
1137 1882 1206 1909 κατὰ
1216 1882 1265 1917 τὴν
1281 1883 1388 1917 ἡμέραν
1402 1883 1451 1917 τῆς
1461 1881 1538 1917 λιτῆς
1551 1881 1698 1917 γινομένης
1708 1882 1737 1907 ὲν
1751 1880 1860 1915 τῴΤρια

1067 1929 1159 1964 κόγχῳ
1168 1929 1211 1955 διὰ
1227 1929 1276 1964 τὴν
1290 1929 1363 1955 κόνιν
1373 1936 1381 1945 ·
1400 1929 1481 1965 ἡνίκα
1495 1930 1542 1956 καὶ
1557 1929 1688 1963 Τιμόθεος
1704 1928 1737 1955 δι’
1752 1928 1858 1963 ἐγγρά-

1067 1983 1117 2008 φου
1132 1973 1335 2009 ὑπομνηστικοῦ
1351 1973 1450 2005 πάσαις
1465 1974 1523 2005 ταῖς
1535 1972 1693 2006 ἐκκλησίαις
1708 1970 1860 2006 προσέταξε

1066 2021 1097 2048 τὸ
1115 2021 1263 2057 Τρισάγιον
1278 2021 1306 2047 ὲν
1321 2022 1381 2052 ταῖς
1394 2020 1482 2051 λιταῖς
1499 2019 1569 2055 μετὰ
1581 2020 1630 2054 τῆς
1648 2018 1807 2053 προσθήκης
1821 2019 1861 2043 εἱ-

1067 2068 1138 2093 πεῖν.
1151 2067 1238 2102 Ὅπερ
1254 2067 1346 2093 πολλοὶ
1358 2066 1521 2101 φοϐούμενοι
1535 2065 1677 2100 ἐποίησαν.
1686 2064 1718 2091 Οἱ
1733 2065 1760 2090 δὲ
1776 2072 1861 2098 μονα-

1066 2113 1110 2148 Xo).
1126 2113 1204 2140 ἄλλον
1217 2112 1325 2148 ψαλμὸν
1342 2110 1423 2147 ἦλθον
1441 2111 1599 2147 ψάλλοντες.
1611 2111 1728 2142 Τούτους
1742 2109 1770 2136 δὲ
1797 2108 1861 2135 ἰδὼν

1067 2158 1081 2184 ό
1096 2157 1160 2188 λαὸς
1174 2156 1300 2192 ἔκραξεν·
1315 2157 1419 2191 Καλῶς
1434 2157 1529 2192 ἦλθον
1544 2160 1570 2184 οἱ
1584 2155 1748 2191 ὀρθόδοξοι.
1760 2155 1860 2186 Στάσις

1067 2213 1097 2231 τε
1111 2205 1196 2239 πολλὴ
1211 2204 1306 2239 γέγονε
1323 2204 1369 2230 καὶ
1395 2203 1560 2240 ὲμπρησμὺς
1577 2203 1660 2229 οἴκων
1684 2201 1789 2228 πολλῶν
1812 2201 1860 2227 καὶ

225 2249 342 2284 populus
367 2250 544 2285 indignatus.
566 2257 600 2278 ex
623 2250 808 2285 processiouis
832 2249 957 2284 precibus
981 2249 1012 2277 ad

1070 2251 1145 2285 φόνοι
1161 2251 1262 2287 μυρίοι,
1276 2249 1323 2277 τοῦ
1339 2250 1417 2285 ὗχλου
1441 2249 1629 2280 καταϐοῶντος
1647 2246 1815 2280 Ἀναστασίῳ
1825 2246 1860 2279 ⁸⁸,

227 2296 410 2324 Triconchum
425 2304 457 2324 eo
473 2297 518 2324 die
530 2300 641 2332 propter
655 2297 797 2332 pulverem
814 2296 923 2331 igneum
940 2296 1018 2324 habi-

226 2342 272 2375 tis,
296 2349 326 2369 sc
350 2342 480 2370 subduxit
501 2352 508 2370 :
526 2351 588 2370 cum
610 2343 692 2370 etiam
710 2342 872 2370 Timotheus
886 2343 1017 2371 omnibus

1067 2298 1115 2324 καὶ
1129 2297 1208 2324 ἄλλον
1225 2296 1337 2332 βασιλέα
1351 2295 1510 2326 αἰτούντων,
1528 2293 1687 2321 Βιταλιανὸν
1701 2293 1731 2319 δὲ
1750 2292 1860 2318 πάντων

1067 2343 1274 2378 εὐφημούντων,
1300 2342 1338 2373 ὡς
1359 2341 1559 2376 αὐτοκράτορα,
1579 2340 1650 2366 ὥστε
1671 2339 1766 2373 φυγεῖν
1778 2338 1860 2364 Ἀνα-

225 2387 352 2415 ccclesiis
375 2395 423 2423 per
445 2388 566 2416 libellum
583 2389 717 2424 scriptum
732 2388 828 2421 edixit,
851 2393 880 2416 ut
895 2393 936 2416 ter
954 2397 1012 2417 san-

1068 2389 1188 2421 στάσιον,
1201 2387 1248 2414 καὶ
1263 2387 1399 2423 κρυϐῆναι
1414 2388 1443 2413 ἐν
1458 2386 1613 2422 προαστείῳ
1635 2385 1719 2420 ἐγγὺς
1739 2384 1861 2418 Βλαχερ-

224 2437 300 2461 ctum
317 2434 461 2469 hymnum,
477 2443 532 2462 non
549 2435 653 2462 omisso
671 2434 867 2467 addilatnento,
884 2435 910 2462 in
927 2435 1017 2470 publi-

225 2479 266 2507 cis
279 2480 501 2514 proeessionibus
518 2479 697 2507 decantarent
713 2489 720 2507 :
740 2480 811 2514 quod
828 2480 949 2515 plerique
960 2488 1015 2515 prae

1070 2434 1135 2467 νῶν,
1152 2433 1197 2460 ὑπ’
1211 2433 1296 2468 αὑτῆς
1314 2433 1342 2460 δὲ
1353 2433 1501 2467 Ἀρεάδνης
1516 2432 1688 2468 ὑϐρισθῆναι,
1703 2431 1741 2462 ὡς
1755 2429 1860 2456 πολλῶν

1070 2480 1165 2507 κακῶν
1179 2479 1266 2507 αἴτιον
1281 2480 1466 2515 Χριστιανοῖς.
1486 2477 1704 2513 ’Δλαμουνδάρου
1724 2477 1746 2493 ⁸⁸
1764 2475 1792 2503 δὲ
1811 2474 1861 2502 τοῦ
1917 2474 1926 2480 ⁸

868 2537 985 2566 VARI/8
1003 2537 1205 2566 LECTIONES.

262 2595 286 2612 "
303 2594 437 2630 Τιμόθεος
453 2596 481 2622 δὲ
492 2596 544 2630 ἔφη

227 2629 379 2666 στάσιος-⁷1).
429 2631 454 2647 ⁸⁸
465 2629 528 2657 fort.
540 2629 647 2658 autem.
701 2632 723 2647 εί
741 2631 856 2666 ἀδελφὸς
869 2632 890 2657 Α
903 2639 928 2659 e.

558 2611 637 2617 --
657 2596 767 2623 σύνοδον
780 2604 835 2623 orn.
851 2596 873 2623 Α
893 2597 910 2624 b
928 2596 948 2623 Γ.
996 2597 1018 2613 ³⁸
1029 2597 1059 2624 οὐ
1072 2597 1133 2625 add.
1148 2605 1179 2624 ex
1194 2598 1214 2624 A
1226 2598 1254 2625 Ι),

984 2633 1006 2647 “
1020 2633 1087 2667 ὁσίῳ
1102 2641 1157 2659 om.
1174 2634 1196 2659 Λ
1208 2641 1224 2660 e
1238 2634 1256 2660 Γ.

227 2665 250 2681 ’δ
262 2665 438 2693 ’Δναστσσίου
453 2674 478 2693 a.
498 2668 521 2683 ⁸⁵
535 2667 744 2703 ’Λλαμουνδάρῳ
754 2666 793 2701 τῷ
810 2665 972 2702 φυλάρχῳ-
988 2665 1164 2702 βαπτισθέντι
1183 2669 1209 2694 h.

1308 2599 1331 2614 "
1346 2598 1385 2628 εἰς
1403 2596 1588 2630 Ἰεροσόλυμα.
1610 2595 1670 2621 τότε
1684 2595 1711 2621 δέ
1724 2603 1764 2625 τις
1779 2594 1861 2620 Ἀνα-

1308 2633 1331 2648 ⁶¹
1345 2632 1499 2667 Χαλκηδόνι
1526 2631 1636 2658 συνόδου
1655 2630 1806 2656 λαλούντων
1826 2630 1858 2656 Α.

883 2724 954 2752 JAC.
971 2724 1078 2753 GOARI
1100 2725 1218 2754 NOT/E.

263 2780 318 2817 (49)
330 2780 358 2807 In
376 2781 435 2817 Hyp
444 2782 490 2809 vtio
504 2790 580 2809 error
591 2781 648 2817 jam
662 2785 781 2814 notatus,
791 2788 870 2815 nepos
880 2789 912 2808 ιε
923 2788 1013 2808 sorore

226 2815 371 2848 Anastasii,
388 2815 441 2844 non
457 2825 489 2844 ex
506 2815 600 2844 fratre}

262 2851 319 2886 (50)
342 2851 410 2884 Quis
437 2853 612 2880 monasteriis
640 2850 800 2886 prmposilus
832 2851 858 2877 in
890 2850 1013 2878 Ecclesia

227 2883 280 2912 (ΣΡ.
295 2883 406 2922 exponit
417 2887 622 2924 euchologlum,
634 2883 661 2916 et
675 2883 796 2915 deinus
810 2890 905 2914 nostro
922 2886 1014 2913 labore

1068 2782 1232 2811 illustratus.

1105 2818 1161 2854 (51)
1178 2818 1278 2846 Eadem
1298 2818 1332 2846 ab
1344 2819 1459 2854 Evagrio
1475 2817 1524 2846 lib.
1537 2825 1578 2845 tu.
1599 2825 1658 2852 cap.
1678 2816 1728 2844 ult.
1742 2814 1859 2843 dit-crsiv

1071 2853 1148 2881 mode
1163 2858 1284 2881 narrata.
