2008 3156
153 172 209 205 373

807 180 856 211 CH
861 179 988 210 RONOG
994 179 1136 210 RAPHIA
1143 203 1150 209 .

1738 182 1791 215 374

156 228 295 264 φυλάρχου
304 230 360 265 (5‘2)
372 231 425 258 τῶν
435 231 602 269 Σαρακηνῶν
615 234 820 270 βαπτισθέντος,
831 236 949 272 Σευῆρος

1010 239 1075 264 netu
1100 236 1199 264 fecere.
1226 235 1361 263 Caeterum
1394 236 1521 263 monachi
1554 237 1693 264 canticum
1716 239 1789 266 aliud

155 275 169 301 ὸ
182 274 318 312 δυσσεϐὴς
337 277 383 303 δύο
412 278 579 312 ἐπισκόπους
603 281 626 297 ⁸⁸
641 280 765 317 ἐπεμψεν
791 282 841 317 τῆς
858 282 948 318 λώϐης

155 321 238 348 αὐτοῦ
256 323 419 357 μεταδοῦναι
436 325 520 361 αὐτῷ.
538 326 606 353 Θεοῦ
629 327 658 354 δὲ
676 328 791 364 προνοίᾳ
820 329 873 355 ὑπὸ
894 329 949 356 τῶν

156 368 305 402 όρθοδόξων
319 371 333 396 ό
347 371 417 407 ἀνὴρ
430 371 581 408 ἐϐαπτίσθη
593 373 646 400 τῶν
661 374 812 410 δεχομένων
821 375 870 409 τὴν
885 375 946 402 σύν-

156 413 225 441 οδον.
243 415 303 441 Τῶν
317 416 345 442 δὲ
360 417 517 445 ἐπισκόπων
529 419 576 446 τοῦ
585 420 705 455 Σευήρου
717 420 891 456 διαστρέφειν
903 421 950 448 τὸν

157 458 297 495 φύλαρχον
314 461 360 488 τοῦ
388 463 507 497 ἀληθοῦς
533 465 667 499 δόγματος
684 467 864 500 σπευδόντων,
882 467 949 495 θαυ-

158 505 269 540 μαστῶς
284 506 383 540 αὐτοὺς
410 509 524 544 ἧλεγξεν
540 510 759 547 Ἀλαμούνδαρος
777 513 951 550 δραματουρ-

156 551 204 586 γῖᾳ
216 551 339 589 τοιαύτῃ·
357 553 429 590 Ἔφη
444 555 499 591 γὰρ
511 557 533 572 ⁶⁷
546 557 614 593 πρὸς
632 558 730 591 αὐτούς
740 566 747 573 ·
776 559 949 594 Γράμματα,

157 597 251 631 φησιν,
264 598 416 634 ἐδεξάμην
427 601 573 636 σήμερον,
585 603 630 630 ὅτι
643 604 767 638 Μιχαὴλ
783 606 799 632 ό
809 605 952 640 ἀρχάγγε-

156 645 213 676 λος
222 644 245 661 ⁶¹
258 644 384 679 τέθνηκε
395 647 530 682 σήμερον
545 650 577 677 δ’.
591 650 651 677 Τῶν
659 650 688 677 δὶ
704 651 837 679 εἰπόντων
854 652 952 679 ἀδύνα-

156 697 203 715 τον
219 688 389 726 εἶναιτοῦτο,
401 692 452 728 ἔφη
475 694 544 728 πρὸς
567 695 666 728 αὐτοὺς
690 697 704 723 ό
719 696 873 732 φύλαρχος’
896 697 952 725 Kal

155 733 220 768 πῶς
242 736 316 770 Θεὸς
343 738 457 772 γυμνός
479 739 654 774 ἐσταυρώθη
680 741 844 776 καθ’ὐμᾶς,
866 743 892 769 εί
907 742 951 777 μὴ

157 780 213 807 δύο
225 781 349 816 φύσεων
367 781 406 818 ἦν
423 786 440 811 d
462 786 603 820 Χριστὸς,
616 787 701 822 ειπερ
719 788 799 823 μηδὲ
826 788 953 823 ἄγγελος

156 827 363 862 ἀποθνήσκεις
379 830 433 857 Καὶ
448 830 521 858 οὕτω
548 833 608 867 μετ’
621 833 754 868 αἰσχύνης
774 833 953 869 ἀνεχώρησαν

156 872 180 898 οἱ
198 872 244 900 τοῦ
260 873 384 910 Σευήρου
409 876 566 906 ἐπίσκοποι.
579 877 710 914 Καὸάδης
724 879 752 906 δέ
766 888 844 911 τινας
855 879 910 906 τῶν
922 880 952 907 ὲν

1001 281 1187 317 procedebant
1213 282 1369 317 psallentes.
1397 281 1432 310 lis
1452 283 1607 317 conspectis
1629 284 1792 312 exclamavit

1000 328 1134 362 populus:
1153 327 1223 355 Bene
1236 328 1352 355 venerint
1365 328 1505 355 orthodoxi
1518 336 1527 355 :
1540 337 1572 356 ex
1589 336 1642 364 quo
1658 330 1792 357 tumultus

1001 373 1148 401 vehemens
1174 378 1287 401 exortus
1311 377 1363 405 est,
1387 374 1537 401 multarum
1565 373 1709 401 domorum
1732 375 1792 401 visa

1000 419 1138 452 incendia,
1162 423 1189 447 et
1219 420 1370 447 innumerae
1395 420 1484 447 caedes
1504 424 1678 454 perpetratae,
1700 420 1793 454 populi

1000 466 1117 494 confusa
1145 466 1222 501 plebe
1239 466 1449 493 contumeliosis
1477 465 1591 493 vocibus
1615 465 1793 493 Anastasium

1001 513 1160 548 impotente,
1177 515 1204 540 et
1220 512 1303 539 alium
1320 511 1354 539 ad
1369 511 1514 547 imperium
1526 511 1685 544 advocante,
1704 515 1794 538 etuno

1000 565 1151 591 consensu,
1171 564 1221 585 ceu
1245 557 1301 591 jam
1318 557 1489 585 declaratum
1516 557 1721 592 imperatorem,
1746 565 1794 585 ac-

1001 593 1136 630 clamante
1153 602 1320 630 Vitalianum
1339 611 1345 630 :
1367 603 1435 630 adeo
1458 606 1488 630 ut
1513 602 1613 638 fugerit
1630 603 1794 630 Anastasius

1001 652 1028 676 et
1046 647 1205 677 Blachernis
1220 649 1344 683 proxime
1369 648 1397 675 in
1411 649 1547 676 suburbio
1565 648 1714 679 delituerit.
1731 656 1794 676 eum

1001 702 1079 727 vero,
1091 695 1164 723 velut
1179 695 1326 722 multorum
1342 699 1483 722 auctorem
1499 695 1646 725 malorum,
1662 694 1795 722 conviciis

1003 748 1054 768 usa
1065 739 1191 768 Areadna
1201 739 1377 774 corripuerit.
1385 739 1469 766 Porro
1480 738 1665 765 Alamnndaro
1675 738 1792 765 Sarace-

1003 786 1129 814 nicarum
1143 785 1264 813 tribuum
1274 785 1399 820 principe
1411 784 1547 820 haptizato
1559 784 1592 819 (Γ)
1605 785 1673 811 duos
1687 784 1795 819 episco-

1002 839 1064 867 pos,
1081 832 1186 862 eadem,
1205 839 1260 866 qua
1279 831 1348 866 ipse,
1367 831 1428 859 tabe
1441 831 1570 863 inlectos,
1585 835 1615 858 ut
1630 829 1682 865 ipsi
1704 830 1796 858 tabem

1004 879 1031 905 in
1052 886 1115 905 eum
1138 881 1311 913 spargerent,
1330 876 1363 904 ad
1382 884 1444 904 eum
1467 876 1626 903 destinavit.
1643 875 1684 903 Ab
1699 875 1795 903 ortho-

157 918 452 956 ΠερσιδιΧριστιανῶν
465 922 700 960 ¹Ιλγκυλοκόπησεν,
726 925 752 952 οἱ
773 925 842 960 μετά
865 925 952 952 ταῦτα

1010 924 1084 952 doris
1109 931 1175 951 vero
1202 923 1307 959 synodo
1321 923 1390 950 bene
1414 922 1532 953 allectis,
1549 922 1596 949 Dei
1622 921 1797 957 providentia

156 971 189 989 πε
194 964 311 1001 ριεπάτη
315 975 375 994 σαν.

1006 969 1172 1005 baptizatus,
1195 969 1352 997 Severianis
1369 968 1504 1004 episcopis
1525 976 1540 994 a
1554 975 1618 994 vero
1640 966 1719 1002 137
1735 965 1796 994 ﬁdei

157 1017 242 1037 sensu
258 1018 321 1038 eum
356 1011 494 1041 divertere
531 1014 658 1044 studiose
678 1015 913 1047 machinantibus.
932 1016 990 1051 ipse
1006 1015 1211 1043 Alamundarus
1224 1019 1283 1042 arte
1296 1015 1364 1042 mira
1379 1020 1536 1042 commento
1557 1015 1640 1042 hoece
1655 1013 1798 1049 proposito

156 1064 204 1084 eos
219 1059 346 1092 coarguit
359 1067 368 1087 :
381 1058 477 1092 Hodie,
491 1060 580 1096 inquit
600 1061 634 1089 ad
649 1069 709 1096 eos,
729 1063 817 1097 accepi
835 1063 949 1097 litteras,
970 1064 1065 1099 quibus
1077 1062 1266 1098 archangelum
1280 1061 1438 1089 Michaolem
1452 1061 1548 1088 abiisse
1559 1062 1606 1088 hac
1633 1060 1724 1099 eodem
1754 1061 1797 1087 die

155 1103 309 1130 nuntiatur.
327 1103 567 1140 Respondentibus
583 1108 650 1141 illis,
681 1116 739 1136 rem
772 1117 836 1138 esse
851 1117 912 1145 quae
927 1098 985 1138 ﬁeri
1005 1110 1133 1145 nequiret
1148 1129 1156 1142 .
1181 1109 1215 1136 ad
1237 1116 1284 1137 eos
1299 1109 1420 1136 tribuum
1436 1108 1565 1143 princeps
1586 1098 1722 1136 eoiivertit
1736 1115 1797 1136 ser-

157 1156 269 1177 monem
287 1157 295 1177 :
322 1150 358 1178 Et
382 1153 523 1188 quomodo,
548 1154 596 1186 ait,
614 1162 697 1189 purus
720 1163 859 1188 metusque
881 1156 952 1183 Deus
969 1155 1050 1191 juzta
1067 1160 1178 1183 utentem
1191 1160 1306 1182 castram
1324 1155 1376 1190 fuit
1392 1156 1465 1181 cruci
1486 1155 1605 1189 ett/ﬁxus,
1641 1155 1693 1181 nisi
1729 1155 1797 1182 duo:

157 1195 207 1222 bu:
225 1203 258 1222 ex
277 1198 383 1225 naturis
417 1199 565 1226 constiterit
583 1198 706 1228 Christus
719 1209 728 1227 :
751 1201 964 1236 quandoquidem
984 1209 1066 1236 neque
1089 1200 1198 1236 angelus
1219 1199 1288 1227 letho
1303 1203 1389 1234 potest
1403 1200 1537 1235 exstingui
1551 1201 1563 1228 Ζ)
1577 1199 1664 1235 Atque
1681 1199 1717 1227 ita
1735 1207 1798 1228 cum

156 1242 294 1270 dedecore
311 1242 450 1272 Severiani
467 1245 591 1281 episcopi
611 1246 811 1275 discesserunt.
828 1247 952 1275 Cabades
971 1254 1054 1282 porro
1064 1245 1229 1282 quibusdam
1242 1253 1290 1281 per
1298 1245 1439 1274 Persidem
1463 1245 1631 1273 Christianis
1664 1246 1798 1281 poplitum

157 1289 279 1316 succidit
292 1296 404 1322 nervos.
419 1292 465 1326 qui
479 1291 564 1319 nihilo
578 1291 670 1320 secius
685 1293 860 1328 postmodum
876 1296 952 1320 recta
972 1294 1170 1327 processerunt

193 1336 228 1363 A.
254 1335 293 1363 M.
317 1335 399 1363 6006.
417 1352 451 1358 —
477 1337 592 1373 Ῥώμης
607 1338 779 1366 ἐπισκόπου
808 1338 955 1374 ὀρμίσδα

155 1380 228 1414 ἔτος
242 1379 280 1409 α’.

195 1427 294 1464 Τούτῳ
308 1428 348 1464 τῷ
365 1428 420 1456 ἔτει
431 1429 589 1462 Βιταλιανδς
606 1431 774 1466 παραλαὸὼν
790 1432 847 1467 (55)
865 1432 956 1459 πᾶσαν

155 1475 209 1509 τὴν
216 1474 330 1510 Θρᾴκην
339 1476 387 1503 καὶ
394 1476 513 1503 Σκυθίαν
528 1477 574 1503 καὶ
584 1477 703 1510 Μυσίαν,
711 1477 781 1514 ἔχων
791 1478 850 1513 μεθ’
860 1479 957 1506 ἑαυτοῦ

157 1521 254 1556 πλήθη
263 1520 372 1549 οὖννων
380 1522 427 1549 καὶ
440 1521 614 1558 Βουλγάρων,
625 1524 779 1560 παρέλαϐεν
789 1525 838 1560 τὴν
845 1525 957 1560 Ἀγχία-

156 1568 206 1594 λον
214 1568 263 1595 καὶ
273 1568 322 1603 τὴν
330 1568 532 1604 Ὀδυσσόπολιν,
546 1570 648 1602 πιάσας
660 1571 706 1598 καὶ
718 1571 904 1607 τδνΚύριλλον
911 1572 957 1599 τὸν

160 1612 355 1647 στρατηλάτην
366 1612 488 1649 Θρᾴκης,
506 1615 554 1641 καὶ
569 1612 652 1650 ἦλθεν
668 1616 822 1652 πραιδεύων
840 1616 893 1648 ἕως
907 1617 956 1644 τοῦ

160 1656 326 1688 Βυζαντίου.
348 1658 509 1693 Φειδόμενος
535 1659 563 1686 δὲ
579 1659 628 1695 τῆς
641 1660 746 1692 πόλεως
766 1661 794 1686 ὲν
814 1660 958 1695 Σωσθενίῳ

161 1704 426 1740 ἐστρατοπέδευσεν.
455 1706 630 1738 Ἀναστὰσιος
649 1706 677 1733 δὲ
693 1706 827 1740 ἀπογνοὺς
854 1707 957 1742 πέμπει

161 1751 241 1782 τινας
254 1751 307 1785 τῆς
320 1752 474 1788 συγκλήτου
496 1752 665 1788 παρακαλῶν
678 1752 836 1789 είρηνεῦσαι
858 1753 939 1781 αὐτόν
948 1762 955 1769 ·

163 1797 213 1822 καὶ
227 1796 339 1831 ὤμοσεν
355 1796 378 1813 ¹¹⁹
395 1797 443 1824 σὺν
469 1798 502 1833 τῇ
525 1798 681 1833 συγκλήτῳ,
707 1799 755 1825 καὶ
782 1799 845 1831 τοὺς
868 1799 958 1836 ἐξορι-

162 1841 279 1874 σθέντας
296 1842 462 1875 ἐπισκόπους
477 1844 671 1872 ἀνακαλεῖσθαι
695 1845 724 1872 ὲν
745 1845 894 1882 Ἡρακλείᾳ
907 1847 959 1882 τῆς

161 1887 289 1924 θρᾲκης.
311 1887 343 1916 ’0
360 1889 388 1916 δὲ
419 1889 574 1922 Βιταλιανδς
601 1890 783 1927 προσέθηκεν,
806 1891 849 1919 ἵνα
870 1892 917 1919 καὶ
932 1893 957 1920 οἱ

165 1934 318 1968 πρίγκιπες
334 1934 454 1970 ἑκάστης
470 1935 569 1971 σχολῆς
582 1936 703 1970 όμόσωσι
718 1936 798 1963 τοῦτο
808 1945 814 1952 ·
831 1938 878 1964 καὶ
897 1938 958 1964 Μα-

165 1980 288 2011 κεδόνιος
298 1980 346 2006 καὶ
357 1980 508 2013 Φλαῦιανὺς
524 1982 548 2009 οἱ
570 1982 670 2014 ἀδίκως
693 1982 872 2018 ἐκϐληθέντες
888 1983 957 2009 ἁπο-

165 2025 269 2052 λάὸωσι
278 2027 299 2042 ⁷¹
311 2027 375 2059 τοὺς
383 2027 463 2059 ἰδίους
472 2027 593 2063 θρόνους,
600 2028 700 2063 ὁμοίως
709 2029 755 2055 καὶ
763 2028 863 2060 πάντες
871 2029 896 2055 οι
904 2029 958 2056 λοι-

164 2071 213 2098 ποὶ
228 2072 383 2105 ἐπίσκοποι,
412 2072 459 2099 καὶ
474 2072 561 2104 οὕτως
580 2074 752 2110 ωγκροτηθῇ
768 2074 790 2090 ⁷²
803 2074 820 2109 ἡ
838 2074 958 2106 σύνοδος,

167 2117 317 2152 ἐρχομένου
333 2118 380 2145 καὶ
388 2118 434 2145 τοῦ
449 2118 625 2154 Ῥώμηςέκαὶ
636 2120 746 2148 πάντων
754 2120 808 2146 τῶν
817 2120 838 2135 ⁷³
849 2121 960 2147 ἐπισκό-

168 2172 238 2194 πων,
257 2165 305 2190 καὶ
316 2163 388 2191 οὕτω
402 2166 477 2200 κοινῇ
492 2165 582 2200 κρίσει
593 2165 726 2201 ἐξετασθῇ
740 2165 762 2181 ⁷⁸
774 2165 810 2192 τὰ
821 2167 892 2193 κατὰ
905 2166 958 2193 τῶν

168 2209 320 2245 ὁρθοδόξων
344 2211 525 2246 τολμηθέντα.
555 2211 608 2238 Τοῦ
634 2211 663 2238 δὲ
687 2211 819 2247 βασιλέως
842 2212 889 2239 καὶ
909 2213 960 2247 τῆς

170 2255 324 2290 συγκλήτου
341 2257 390 2283 καὶ
406 2256 461 2282 τῶν
482 2256 583 2283 λοιπῶν
603 2257 742 2292 ἀρχόντων
767 2266 797 2284 τε
817 2259 865 2284 καὶ
886 2258 959 2284 λαῶν

169 2301 394 2336 ὀμοσάντωνμώ
404 2302 612 2337 βεϐαιωσάντων
626 2303 713 2330 ταῦτα
724 2302 812 2335 οὕτως
825 2303 959 2338 γίνεσθαι,

172 2348 271 2383 εἰρήνη
286 2348 407 2382 γέγονεν,
424 2348 472 2375 καὶ
493 2348 673 2382 ὲπανέζευξεν
692 2349 739 2376 ἐπὶ
768 2349 802 2376 τὰ
822 2350 887 2378 ἴδια.
910 2350 961 2376 Σε-

1042 1339 1075 1366 Α.
1092 1338 1124 1366 C.
1141 1338 1212 1374 ⁴506.
1226 1353 1260 1359 -
1284 1338 1374 1366 Romae
1395 1338 1507 1372 episcopi
1524 1337 1678 1366 Hormist
1713 1347 1799 1370 σηηιιε

1005 1385 1118 1418 primus.

1044 1429 1101 1457 Hoc
1118 1437 1192 1457 anno
1205 1428 1360 1457 Vitalianus
1373 1433 1506 1464 occupata
1521 1429 1650 1458 universa
1664 1429 1782 1458 Thracia
1792 1452 1799 1464 ,

1011 1476 1123 1511 Scythia
1140 1481 1167 1503 et
1181 1475 1277 1512 Mysia,
1292 1475 1398 1503 ducens
1425 1482 1518 1503 secum
1538 1475 1676 1511 ingentem
1690 1475 1801 1504 Hunno-

1011 1529 1072 1550 rum
1087 1526 1114 1550 et
1125 1522 1304 1558 Bulgarorum
1332 1528 1476 1548 numerum
1505 1521 1578 1556 cepit
1597 1521 1759 1549 Anchialum
1773 1527 1802 1550 et

1011 1567 1215 1603 Odyssopolim,
1224 1566 1372 1601 ipsumque
1379 1565 1520 1594 Thracios;
1530 1566 1633 1593 militiai
1641 1567 1802 1601 magistrum

1010 1614 1155 1650 Cyrillum,
1174 1613 1275 1648 praedis
1291 1620 1499 1648 quaquaversus
1518 1613 1553 1639 ad
1577 1611 1742 1648 Byzantium
1755 1620 1803 1641 us-

1011 1668 1065 1694 que
1090 1659 1206 1692 abaetis,
1228 1658 1447 1694 comprehendit.
1466 1659 1575 1686 Atcum
1593 1659 1654 1686 urbi
1667 1663 1803 1694 parceret.

1011 1707 1046 1734 ad
1063 1706 1240 1735 Sosthenium
1257 1711 1349 1734 castra
1368 1709 1488 1733 metatus
1499 1709 1554 1733 est.
1584 1706 1749 1734 Anastasius
1761 1713 1804 1733 re-

1012 1753 1064 1780 bus
1083 1753 1110 1779 in
1127 1752 1282 1787 desperatis
1304 1752 1437 1780 senatorii
1459 1751 1566 1779 ordinis
1592 1751 1740 1783 nonnullos
1755 1750 1803 1786 qui

1012 1799 1045 1826 de
1061 1805 1129 1834 pace
1152 1798 1257 1833 agenda
1279 1805 1344 1825 eum
1364 1799 1505 1831 rogarent,
1528 1795 1625 1825 misit;
1647 1794 1805 1830 jursvitque

1013 1852 1067 1873 una
1082 1851 1143 1871 cum
1159 1845 1290 1872 universo
1308 1846 1405 1871 senatu
1420 1842 1566 1877 episcopos
1581 1840 1691 1870 exsules
1716 1840 1804 1868 Hera-

1012 1891 1099 1919 cleam
1120 1890 1245 1918 Thraciae
1261 1897 1291 1918 se
1304 1892 1510 1917 revocaturum.
1525 1887 1574 1915 His
1588 1887 1710 1914 additum
1719 1885 1806 1914 voluit

1014 1936 1180 1968 Vitalianus,
1194 1940 1224 1963 ut
1237 1934 1458 1969 uniuscujusque
1474 1933 1575 1960 schola
1585 1932 1722 1967 principes
1732 1932 1804 1959 idem

1011 1982 1191 2018 jurejurando
1216 1986 1371 2009 assererent
1388 1989 1395 2013 ;
1414 1983 1496 2014 atque
1519 1983 1549 2006 ut
1575 1977 1753 2006 Macedonius
1777 1981 1806 2005 et.

1013 2029 1160 2057 Flavianus
1178 2027 1296 2063 propriis
1307 2026 1414 2054 thronis
1430 2026 1531 2061 injuste
1553 2024 1671 2060 expulsi,
1686 2031 1734 2051 eos
1760 2031 1804 2051 re-

1013 2077 1146 2110 ciperent,
1160 2081 1193 2102 ac
1204 2073 1302 2108 reliqui
1334 2072 1436 2107 pariter
1451 2070 1573 2105 episcopi
1598 2077 1664 2098 suos
1681 2077 1689 2102 ;
1713 2072 1741 2097 et
1768 2068 1805 2096 ita

1013 2122 1124 2149 demqu
1141 2123 1343 2147 eonvocaretur
1368 2117 1503 2154 synodus,
1529 2117 1562 2144 ad
1578 2124 1661 2151 quam
1682 2115 1804 2150 pontifex

1014 2168 1157 2196 Romanus
1177 2171 1205 2194 et
1225 2165 1319 2194 cuncti
1342 2164 1507 2192 accederent
1534 2162 1680 2198 episcopi;
1703 2165 1732 2188 ut
1754 2161 1806 2188 hoc

1014 2218 1096 2248 pacto
1120 2219 1181 2247 qua:
1199 2212 1333 2239 adversus
1353 2210 1522 2238 orthodoxos
1534 2215 1678 2244 perperam
1695 2207 1805 2235 decreta

1015 2259 1144 2290 luissem,
1159 2257 1312 2286 communis
1324 2257 1421 2292 judicii
1437 2256 1641 2290 subjicerentur
1670 2253 1803 2282 examini.

1015 2304 1182 2339 lmperatore
1192 2311 1256 2331 vero
1271 2308 1299 2331 et
1312 2303 1440 2330 universo
1454 2306 1550 2329 senatu
1558 2301 1804 2336 etmagistratuum

1015 2350 1164 2385 populique
1180 2350 1294 2384 reliquis
1311 2348 1505 2383 jusjurandum
1526 2346 1806 2381 interponentibus,et

172 2393 330 2425 κουνδιανὺς
342 2393 400 2430 (5t)
411 2393 440 2420 δὲ
449 2395 464 2421 ό
476 2395 620 2430 πατρίκιος
632 2395 777 2431 όγαμϐρδς
785 2396 954 2422 Ἀναστασῐοι

1019 2396 1082 2423 data
1098 2394 1151 2422 tide
1168 2402 1212 2423 res
1227 2393 1323 2421 ordine
1346 2393 1471 2429 exposito
1509 2391 1645 2429 gerendas
1668 2390 1807 2418 allirmanv

125 2469 133 2474 I
171 2439 216 2466 ἐπ’
229 2439 346 2475 ἀδελφῇ.
371 2441 464 2476 πατὴρ
476 2440 505 2468 δὲ
523 2441 664 2472 ’Υπατίου,
679 2441 718 2473 είς
736 2440 798 2473 τοὺς
814 2441 897 2473 πόδας
915 2442 962 2468 Βι-

1019 2441 1103 2473 tibus,
1118 2448 1168 2474 pax
1185 2439 1339 2471 conciliata,
1358 2443 1384 2466 ct
1399 2439 1457 2473 ipse
1468 2438 1579 2465 domum
1595 2434 1808 2471 repetiit.Porro

170 2486 300 2515 ταλιανοῦ
315 2486 478 2523 προσπεσὼν
504 2488 611 2520 πολλοῖς
628 2488 770 2524 δάκρυσιν,
796 2488 926 2515 ’Υπάτιον
940 2489 954 2503 ⁷λ

1019 2486 1211 2515 Secundinnus
1223 2485 1355 2521 patricius
1368 2485 1503 2513 Anastasii
1513 2492 1547 2512 ex
1563 2490 1657 2511 sorore
1672 2488 1765 2518 gener,
1780 2485 1808 2508 et

812 2544 932 2573 VARlz’E
950 2544 1151 2573 LECTIONES.

210 2603 234 2619 ⁶⁶
248 2602 416 2635 ἐπισκόπους
429 2610 482 2629 om.
495 2603 526 2629 Δ.
582 2603 605 2619 ⁸⁷
617 2602 671 2637 γὰρ

174 2640 221 2666 καὶ
235 2638 334 2674 ὀμόσαι
347 2638 375 2665 b.

686 2602 747 2629 add.
762 2610 794 2629 ex
807 2603 827 2629 Δ
844 2611 869 2630 e.

426 2638 448 2655 “
464 2636 662 2665 ἀπολάϐωσιτζ
679 2637 718 2673 lci.
731 2636 775 2672 θρ.
796 2639 842 2673 ὸμ.
858 2645 913 2665 om.
928 2639 959 2664 A.

171 2671 322 2710 ἑτοιμασθῇ
336 2682 363 2707 e,
373 2672 524 2708 δοκιμασθῇ
537 2673 609 2709 vulg.
646 2673 669 2689 "
689 2671 819 2699 ’Υπάτιον
830 2681 886 2700 om.
904 2674 923 2699 Α
938 2681 964 2700 a.

919 2602 941 2618 ⁸⁸
954 2603 968 2629 ὁ
983 2602 1154 2638 ἀρχάγγελος
1169 2610 1222 2630 om.
1240 2602 1261 2629 Α
1274 2610 1288 2629 e
1301 2601 1326 2638 Ι¹ἱ
1358 2602 1379 2617 ⁸⁸
1393 2600 1513 2638 σήμερον
1526 2597 1653 2638 om.__A_f_.

998 2639 1021 2654 "’
1038 2638 1158 2674 κροτηοῇ
1172 2639 1203 2664 Α.

1694 2597 1715 2612 ⁷⁰
1731 2595 1807 2631 αὖτῷ

1255 2637 1278 2653 ⁷³
1293 2636 1347 2663 τῶν
1370 2631 1478 2662 οίιιίξρὶ
1499 2635 1531 2661 A.
1582 2633 1604 2649 “
1621 2631 1753 2667 ὲξετασθῇ
1769 2632 1803 2664 A,

827 2732 897 2760 «1Αο.
914 2731 1022 2759 GOARI
1037 2730 1153 2758 ΝΟΤΑΕ.

173 2829 185 2856 Ι
207 2794 265 2856 (5:2)
275 2793 429 2856 lie'fendam
443 2793 553 2822 exhibet
563 2794 704 2822 historiam
717 2795 786 2822 hanc
799 2793 959 2822 Theodorus

188 2837 226 2856 ,ηε
241 2837 273 2856 or
296 2838 302 2855 l
325 2837 373 2856 .Il.

407 2864 582 2893 Marcellinus
604 2873 698 2894 comes
721 2872 793 2893 anno
820 2863 959 2893 Anastasii

174 2899 305 2928 vicesimo
324 2900 404 2929 tertio
429 2904 457 2928 et
469 2905 577 2936 quarto,
595 2901 629 2930 ab
650 2901 764 2935 Evagrio
780 2901 827 2930 lib.
842 2909 882 2934 ιιι,
899 2908 960 2934 cap.

1013 2792 1048 2819 ιδ
1059 2813 1066 2825 ,
1081 2794 1108 2819 et
1125 2789 1273 2822 Jornandc,
1293 2789 1330 2816 De
1346 2796 1417 2823 regn.
1432 2792 1456 2814 et
1469 2791 1547 2821 temp.
1559 2793 1686 2817 succosa,
1701 2791 1807 2811 memo-

1012 2831 1106 2896 rati-4)
1133 2859 1184 2896 Qui
1213 2858 1338 2894 pluribus
1367 2858 1558 2894 superioribus
1585 2857 1652 2886 locis
1683 2856 1806 2884 Σεκουν-

1015 2895 1085 2928 δῖνος
1097 2895 1240 2924 Scribitur.
