2008 3156
247 143 297 175 391

935 144 1182 175 THEOPHANIS

1827 147 1879 179 392

246 207 310 226 cum
327 199 413 227 missa
429 198 566 235 legatione
578 199 710 236 acceptis,
721 207 784 227 cum
801 207 834 228 eo
845 201 948 236 pariter
965 209 1034 236 prae-

1096 201 1172 237 ῑάδης
1192 201 1260 238 πρὸς
1278 203 1369 235 αὐτὸν,
1394 203 1519 230 συνέθετο
1535 203 1582 230 καὶ
1599 203 1672 238 αὐτῷ
1685 203 1717 230 ³⁸.
1741 203 1827 230 Τοῦτο
1851 205 1879 232 δέ

247 245 308 273 liari
326 245 485 281 spopondit.
504 245 606 273 Nuntio
626 250 740 282 accepto
769 247 890 283 graviter
915 248 1037 276 oll‘ensus

245 295 290 319 est
304 291 440 318 Justinus.
459 291 498 318 Ad
525 291 626 318 bellum
651 291 744 328 itaque
771 296 867 320 contra
898 291 1037 320 Romanos

247 337 411 365 movendum
431 337 506 365 misit
528 337 647 373 Ziligdes
664 339 804 366 hominum
818 339 913 374 viginti
929 339 1014 366 millia
1029 349 1036 368 :

246 383 375 411 Justinus
393 391 464 410 novo
474 383 506 411 de
519 391 585 418 pace
599 389 719 412 tractatu
743 393 792 420 per
807 386 910 421 legatos
929 385 1038 413 instau-

248 434 319 461 rato,
333 429 461 463 datisque
477 428 557 464 quasi
581 436 665 463 super
678 429 730 456 alia
752 437 781 456 re
802 429 911 461 litteris.
936 429 1038 458 Cabadi

247 475 395 502 Persarum
415 474 472 509 regi
489 474 523 501 de
541 473 655 509 Ziligde,
680 479 710 502 ut
722 474 852 503 Romanis
876 476 977 502 auxilia
989 475 1039 502 da—

249 525 341 547 turum
361 520 443 547 etiam
463 527 524 546 cum
538 520 697 554 juramento
714 526 810 555 pactus
825 521 918 553 fuerit.
935 521 1038 556 signiﬁ-

246 569 294 593 cat
315 574 322 591 :
341 564 368 591 in
385 572 448 591 eum
469 564 550 591 linem
563 565 635 592 dona
660 566 778 600 plurima
804 566 953 600 accepisse,
970 566 1038 593 Per-

248 619 294 639 sas
317 610 450 638 Romanis
465 611 581 646 prodere
605 612 733 640 meditari
750 621 757 639 :
777 619 827 640 nos
853 612 945 648 itaque
965 613 1038 640 velut

250 658 360 688 fratres,
378 657 480 692 inquit,
503 657 531 684 in
555 658 705 685 amicitiam
726 658 827 690 redire,
853 663 881 686 et
894 666 909 685 a
923 658 1039 686 canibus

248 703 310 731 istis
325 703 377 730 hoc
393 708 475 738 pacto
505 703 620 731 minime
646 703 740 731 deludi
770 709 889 739 oportet.
917 704 1039 731 Cabadcs

249 748 334 783 igitur
347 747 480 783 Ziligdem
494 749 612 776 seorsim
628 749 790 783 interrogat,
816 757 881 776 num
905 749 940 776 ita
961 749 1040 777 delu-

247 794 377 821 dentibus
393 794 496 827 Persis,
509 795 665 830 accepisset
679 803 694 821 a
707 794 838 822 Romanis
851 802 963 823 munera
973 795 985 822 τ
994 795 1039 822 lla

251 846 290 869 eu
301 861 310 874 ,
322 842 530 876 respoudetille.
547 841 595 869 His
605 842 708 868 exarsit
720 842 882 872 Cabades,ct
894 842 981 876 ipsum
999 841 1039 869 in<

249 887 360 914 terfecit
375 886 538 921 :missisque
552 894 600 922 pcr
614 886 874 914 noctemPersarum
887 886 1041 922 agminibus
1057 882 1079 910 Β

249 933 344 967 copias
361 935 421 967 ejus
432 933 544 964 delevit,
567 941 630 961 eum
645 933 708 960 dolo
729 933 842 961 ductum
855 934 888 960 ad
904 941 934 961 se
948 940 1041 961 acces-

249 980 320 1006 sisse
339 979 508 1013 suspicatus.
521 978 540 1006 li
557 979 668 1006 demum
689 979 791 1014 quibus
820 978 882 1014 fuga
906 979 1041 1014 permissa

248 1028 291 1052 est
306 1024 418 1051 domum
433 1024 584 1052 redierunt.

285 1072 461 1107 Euphrasius
481 1077 576 1100 autem
591 1072 782 1101 Antiochenus
805 1072 1040 1102 Chalcedonensis

249 1118 346 1153 synodi
364 1118 476 1145 Patrum
489 1123 519 1146 et
534 1118 622 1154 ipsius
637 1126 712 1153 papae
731 1118 850 1145 Romani
871 1118 986 1145 nomina
997 1118 1040 1146 di-

248 1164 358 1200 ptychis
383 1165 527 1198 expunxit.
554 1164 733 1192 Postmodum
752 1173 830 1192 ~vero
857 1169 932 1192 metu
952 1164 1042 1199 ι)ωηί-

250 1214 312 1238 tens
330 1210 466 1244 redditus,
488 1213 608 1246 quatuor
635 1211 757 1246 synodos
785 1210 895 1245 publice
919 1211 1039 1245 promul-

250 1256 333 1291 gavit.
473 1289 478 1292 _

284 1302 419 1330 Caeterum
434 1302 557 1331 Cabades
571 1303 716 1331 Persarum
733 1311 779 1331 rex
794 1303 980 1332 Romanorum
991 1305 1043 1332 im—

251 1352 405 1382 peralorem
424 1348 523 1377 domus
540 1356 597 1377 suae
615 1354 772 1377 curatorem
786 1349 930 1378 instituere
943 1357 1042 1386 propo«

250 1392 305 1420 suit
324 1401 331 1420 :
348 1392 481 1427 majorem
497 1394 598 1429 quippe
613 1399 677 1421 natu
694 1394 882 1429 lilium,qucm
893 1394 1041 1423 Persarum

250 1437 325 1473 leges
341 1439 374 1466 ad
386 1446 501 1474 regnum
529 1439 677 1472 vocabant.
696 1441 738 1468 vel
754 1441 789 1468 ab
814 1447 847 1468 eo
876 1441 1040 1475 secundum,

250 1483 326 1518 quod
359 1485 457 1513 oculus
479 1485 505 1513 ei
531 1485 602 1514 foret
627 1486 755 1519 etlossus,
775 1494 891 1522 regnare
918 1487 1008 1515 noluit
1031 1496 1039 1515 :

252 1529 405 1558 Chosroem
424 1535 517 1559 autem
533 1539 566 1559 ex
581 1532 689 1566 Aspede
703 1539 801 1560 sorore
821 1537 979 1567 susceptum
997 1533 1040 1560 di-

253 1574 354 1609 ligebat
371 1580 459 1610 pater.
476 1575 567 1609 Quare
580 1584 642 1603 cum
665 1575 797 1604 Romanis
819 1585 914 1612 pacem
941 1577 1042 1606 habere

251 1620 385 1653 decrevit,
402 1625 428 1648 et
442 1621 594 1649 Chosroem
610 1621 784 1656 imperatoris
798 1622 882 1649 lilium
899 1623 1043 1651 instituere

251 1665 412 1696 meditatus.
428 1667 590 1701 Byzantium
617 1667 722 1703 legatos
737 1668 770 1694 ad
793 1667 932 1695 Justinum
948 1668 1040 1696 mittit.

251 1711 404 1747 imperator
417 1713 575 1752 adoptivum
586 1721 620 1740 ex
634 1717 748 1741 senatus
761 1714 880 1742 consilio
896 1722 958 1742 eum
981 1714 1041 1742 ﬁeri

251 1764 307 1784 non
323 1757 434 1786 admisit
450 1767 457 1785 :
476 1765 582 1785 merum
604 1759 677 1786 enim
691 1759 784 1786 dolum
798 1758 1042 1794 Romanorumque

252 1803 414 1838 perniciem,
445 1803 543 1831 Proclo
553 1808 691 1839 quaestore
713 1804 772 1832 viro
790 1806 923 1840 prudente
938 1813 970 1833 ae
995 1813 1042 1833 sa-

252 1849 311 1883 gaci
330 1849 460 1884 praeclare
483 1849 510 1877 id
527 1850 672 1884 suadente,
694 1850 833 1885 ejusmodi
857 1855 918 1879 arte
943 1851 1034 1887 parari

253 1899 460 1930 pcrsenserunt.

278 1992 313 2019 Δ.
334 1991 368 2019 C.
393 1992 456 2020 5N.
474 2007 509 2013 —-—
531 1993 611 2030 lu
642 1993 701 2022 Hoc
733 2002 806 2022 anno
841 1994 1040 2032 Dyrrhachium

250 2045 329 2066 novae
345 2038 419 2074 Epiri
437 2039 465 2066 in
490 2038 600 2074 Illyrico
621 2040 720 2069 civitas
739 2041 846 2077 plagam
861 2042 971 2070 caelitus
987 2042 1041 2070 im-

251 2084 364 2111 missam
387 2084 503 2119 accepit.
522 2084 674 2119 Imperator
696 2093 762 2113 vero
780 2086 836 2114 vim
861 2087 1040 2121 pecuniarum

253 2129 393 2165 ingentem
427 2131 460 2157 ad
491 2131 616 2158 civitatis
644 2131 875 2160 instaurationem
906 2134 1038 2168 erogavit.

250 2175 346 2203 Parem
361 2176 465 2204 cladem
495 2185 577 2211 passa
606 2183 649 2205 est
674 2177 824 2206 Corinthus
849 2178 960 2207 Graeciae
981 2187 1039 2207 me-

1095 247 1189 283 μαθὼν
1206 249 1219 274 δ
1241 249 1392 281 Ἰουστῖνος,
1406 249 1529 284 ἐλυπήθη
1547 249 1657 284 σφόδρα.
1675 249 1847 276 Ἀπέστειλεν
1857 250 1879 266 ³’

1092 294 1119 321 δὲ
1129 295 1198 330 πρὸς
1209 296 1272 327 τοὺς
1284 295 1391 329 Πέρσας
1402 297 1416 322 ὁ
1427 295 1551 330 Ζιλιγδης
1568 296 1638 332 μετὰ
1651 295 1779 332 χιλιάδων
1793 298 1881 324 εἴκοσι

1091 340 1138 368 τοῦ
1154 340 1308 376 πολεμῆσαι
1327 341 1490 377 Ῥωμαίους.
1511 342 1540 368 '0
1555 342 1584 369 δέ
1603 342 1747 374 Ἰουστίνος
1761 342 1878 378 ἐδήλωσε

1091 387 1203 423 Καῦάδῃ
1213 387 1252 422 τῷ
1265 388 1370 422 βασιλεῖ
1380 388 1492 423 Περσῶν
1503 388 1663 423 πρεσϐεύων
1678 389 1742 423 περὶ
1757 390 1879 424 εἰρήνης,

1093 433 1140 460 καὶ
1155 433 1193 465 ὡς
1210 434 1255 460 ἐπ’
1271 434 1344 470 ἄλλῳ
1357 434 1410 461 τινὶ
1424 434 1543 470 γράψας,
1562 435 1609 461 καὶ
1624 435 1689 470 περὶ
1703 434 1824 470 Ζιλίγδη,
1840 436 1882 462 ὅτι

1094 478 1254 514 συμμαχίας
1263 479 1361 514 ὅρκους
1376 479 1432 515 ἔχει
1446 480 1515 514 μετὰ
1525 479 1684 514 Ῥωμαίων,
1697 479 1743 506 καὶ
1755 480 1795 506 ὅτι
1806 480 1882 516 δῶρα

1092 524 1188 552 ἔλασεν
1204 524 1300 557 πολλὰ,
1318 526 1366 552 καὶ
1385 525 1508 560 βούλεται
1525 525 1660 561 προδότης
1679 525 1808 560 γενέσθαι
1825 526 1882 552 τῶν

1093 572 1215 607 Περσῶν,
1231 572 1278 598 καὶ
1294 572 1335 599 ὅτι
1349 572 1390 598 δεῖ
1403 572 1478 607 ἡμᾶς
1494 571 1626 606 ἀδελφοὺς
1642 572 1722 603 ὄντας
1735 573 1774 603 εἰς
1788 572 1882 606 φιλίαν

1092 616 1190 648 ἐλθεῖν,
1205 616 1253 643 καὶ
1272 617 1310 652 μὴ
1320 616 1373 643 ὑπὸ
1385 616 1439 643 τῶν
1458 616 1545 643 κυνῶν
1562 616 1665 642 τούτων
1679 616 1765 648 οὕτως
1778 617 1802 637 ⁵⁸
1817 617 1883 644 παί-

1093 662 1198 694 ζεσθαι.
1215 662 1244 689 ’0
1259 662 1288 688 δὲ
1303 662 1434 697 Καΰάδης
1453 661 1617 697 ἐπηρώτησε
1631 662 1652 678 “
1673 664 1734 688 κατ’
1752 662 1821 689 ἰδίαν
1836 663 1883 690 τὸν

1093 708 1229 743 Ζιλιγδην,
1245 708 1270 734 ει
1290 701 1386 734 ἐλαϐεν
1398 708 1474 743 παρὰ
1493 708 1637 742 Ῥωμαίων
1654 707 1739 743 δῶρα,
1759 717 1882 744 προτρα-

1093 754 1153 786 πεὶς
1167 753 1238 780 κατὰ
1255 753 1369 789 Περσῶν
1469 754 1498 780 '0
1508 753 1535 780 δὲ
1547 752 1638 780 εἶπεν·
1654 755 1720 782 Ναί,
1738 755 1794 781 Καὶ
1805 755 1883 790 ὀργι-

1093 799 1167 831 σθεὶς
1180 800 1194 826 ὁ
1206 799 1335 834 Καὸἀδης
1350 799 1478 834 ἐφόνευσε
1492 799 1585 832 αὐτὸν,
1601 800 1648 826 καὶ
1662 799 1707 827 διὰ
1720 800 1771 836 τῆς
1785 800 1883 832 νυκτδς

1094 845 1204 881 πέμψας
1230 845 1320 881 πλήθη
1345 845 1469 881 Περσῶν.
1494 846 1598 872 ἀνεῖλεν
1620 846 1665 873 τὸν
1693 846 1758 873 λσδν
1785 846 1881 878 αὑτοῦ,

1094 892 1255 926 ὑπονοήσας,
1269 891 1310 918 ὅτι
1328 891 1396 927 δόλῳ
1409 889 1490 927 ἦλθον
1508 891 1531 908 ⁸¹
1556 892 1624 928 πρὸς
1646 892 1738 920 αὐτόν.
1757 892 1835 920 Ὅσοι
1852 892 1883 918 δὲ

1092 936 1263 973 ἠδυνήθησαν
1278 938 1386 972 φυγεῖν,
1403 937 1549 970 ἀνέζευξαν
1563 938 1604 969 εις
1619 937 1653 964 τὰ
1667 937 1732 965 [δια.

1126 1069 1280 1105 Εὑφράσιος
1302 1069 1331 1096 δέ
1347 1069 1361 1096 ὁ
1379 1069 1402 1086 ⁸³
1424 1069 1589 1104 Ἀντιοχείας
1607 1069 1657 1104 τὴν
1676 1069 1705 1095 ἐν
1729 1067 1885 1103 Χαλκηδόνι

1092 1114 1201 1142 σύνοδον
1218 1114 1330 1147 ἐξέϐαλε
1352 1115 1405 1142 τῶν
1431 1115 1579 1150 διπτύχων,
1601 1115 1649 1142 καὶ
1671 1115 1701 1141 τὸ
1716 1114 1801 1150 ὄνομα
1819 1113 1885 1149 Ὀρ-

1093 1161 1176 1196 μῐσδα
1188 1160 1211 1181 ιδ
1223 1161 1271 1187 τοῦ
1294 1161 1395 1188 πάππα
1417 1160 1536 1196 Ῥώμης.
1553 1160 1632 1187 Μετὰ
1647 1160 1675 1187 δέ
1690 1159 1778 1186 ταῦτα
1793 1160 1882 1194 φοδηο

1092 1207 1159 1240 θεὶς,
1175 1208 1225 1239 τὰς
1238 1207 1377 1243 τέσσαρας
1391 1207 1516 1239 συνόδους
1530 1207 1690 1243 ἐκήρυττεν.

1127 1298 1256 1334 Κασάδης
1273 1298 1302 1326 δέ
1317 1299 1332 1326 δ
1349 1299 1404 1325 τῶν
1420 1299 1533 1334 Περσῶν
1549 1298 1674 1334 βασιλεὺς
1693 1299 1747 1335 (95)
1768 1299 1814 1326 τδν
1828 1299 1885 1327 τῶν

1098 1345 1243 1379 Ῥωμαίων
1258 1344 1369 1380 βασιλέα
1379 1345 1527 1380 ἐπίτροπον
1537 1345 1585 1372 τοῦ
1601 1345 1700 1372 ἑαυτοῦ
1711 1346 1785 1372 οἴκου
1797 1355 1886 1372 κατα-

1091 1391 1179 1418 λιπεῖν
1197 1391 1344 1427 ἠθέλησενυ
1368 1392 1399 1418 οὐ
1413 1392 1468 1426 γὰρ
1485 1391 1612 1418 ἐϐούλετο
1634 1392 1680 1418 τδν
1696 1392 1885 1428 πρεσὸὑτερον

1092 1436 1175 1464 αὐτοῦ
1198 1437 1257 1464 υιδν
1280 1437 1348 1473 (94),
1368 1437 1416 1464 καὶ
1438 1437 1452 1464 δ
1479 1438 1561 1472 νόμος
1587 1437 1700 1473 Περσῶν
1725 1437 1817 1464 ἐκάλει
1834 1438 1884 1464 τοῦ

1092 1482 1183 1518 ἄρξαι,
1199 1483 1260 1509 οὐδὲ
1276 1483 1472 1518 τὺνδεύτερον,
1490 1483 1557 1510 διότι
1581 1483 1626 1509 τὸν
1640 1483 1778 1518 ὀφθαλμὸν
1800 1484 1883 1510 ἐκκέ-

1093 1537 1179 1555 κοπτο
1192 1530 1214 1546 ⁸⁵
1227 1529 1295 1564 (95),
1310 1529 1433 1565 Χοσρόην
1444 1530 1471 1556 δὲ
1487 1530 1525 1561 ὡς
1540 1530 1572 1555 ἐκ
1582 1530 1630 1565 τῆς
1648 1529 1776 1556 Ἀσπέδου
1787 1530 1811 1546 ⁸⁵
1825 1530 1884 1564 (96)

1093 1575 1210 1610 ἀδελφῆς
1232 1575 1397 1611 γεννηθέντα
1419 1576 1514 1611 ὴγάπα
1533 1576 1547 1602 ὁ
1571 1576 1672 1611 πατήρ.
1700 1575 1810 1608 Ἐδοξεν
1836 1573 1885 1602 οὖν

1091 1621 1165 1657 αὐτῷ
1180 1623 1220 1653 εἰς
1240 1621 1393 1656 Ῥωμαίους
1409 1622 1567 1657 εἰρηνεῦσαι
1577 1629 1583 1636 ·
1602 1622 1651 1648 καὶ
1667 1621 1792 1656 Χοσρόην
1806 1622 1883 1648 ἐποι-

1091 1669 1147 1694 εῖτο
1171 1667 1253 1694 παῖδα
1271 1668 1293 1684 ⁸⁷
1315 1667 1363 1694 τοῦ
1389 1668 1522 1702 βασιλέως
1538 1667 1682 1701 γενέσθαι·
1706 1668 1752 1694 ἐπὶ
1776 1667 1884 1699 τούτοις

1093 1713 1223 1749 πρέσϐεις
1238 1714 1278 1746 εἰς
1294 1714 1325 1740 τδ
1341 1713 1488 1746 Βυζάντιον
1505 1714 1571 1748 πρὸς
1589 1714 1729 1740 Ἰουστῖνον
1744 1713 1880 1749 ἔπεμψεν.

1098 1759 1127 1787 '0
1141 1760 1170 1786 δέ
1191 1759 1318 1795 βασιλεὺς
1333 1759 1382 1795 τὴν
1409 1760 1561 1795 σύγκλητον
1585 1760 1624 1791 εις
1649 1759 1747 1795 βουλὴν
1762 1759 1884 1790 καλέσας

1090 1807 1120 1833 οὺ
1139 1806 1302 1839 κατεδέξατο
1332 1806 1413 1833 τοῦτο
1426 1806 1564 1840 γενέσθαι,
1580 1806 1655 1832 δόλον
1672 1805 1719 1832 καὶ
1734 1806 1883 1841 προδοσίαν

1096 1851 1242 1887 Ῥωμαίων
1273 1851 1354 1878 τοῦτο
1379 1851 1536 1883 καλοῦντες,
1555 1851 1677 1888 Πρόκλου
1700 1850 1884 1886 κοιαίστωρος

1090 1897 1188 1933 ἀνδρὸς
1208 1897 1320 1925 συνετοῦ
1338 1898 1386 1925 καὶ
1402 1897 1513 1933 ἁγχίνου
1526 1898 1548 1918 δ’
1566 1897 1645 1924 τοῦτο
1664 1897 1754 1929 καλῶς
1771 1897 1884 1932 βουλευ-

1092 1952 1126 1970 σα
1129 1943 1211 1978 μένου
1216 1963 1223 1970 .

1126 1991 1159 2017 Α.
1173 1989 1208 2017 ιι.
1225 1989 1305 2017 60M.
1315 1990 1453 2026 -Τούτῳ
1467 1991 1506 2025 τῷ
1524 1989 1577 2016 ἔτει
1593 1989 1694 2016 ἔπαθεν
1708 1989 1760 2015 ὑτυδ
1778 1989 1885 2024 θεομη-

1089 2037 1150 2068 νίας
1165 2036 1221 2072 (97)
1237 2036 1268 2063 τὸ
1277 2036 1427 2072 Δυρράχιον
1447 2035 1525 2068 πόλις
1538 2037 1586 2072 τῆς
1602 2035 1665 2067 νέας
1682 2034 1813 2070 Ἠπείρου
1833 2034 1884 2061 τοῦ

1095 2083 1254 2118 Ἰλλυρικοῦ.
1271 2083 1299 2110 '0
1311 2084 1340 2110 δὲ
1355 2084 1480 2119 βασιλεὺς
1493 2083 1578 2110 πολλὰ
1595 2083 1726 2119 χρήματα
1742 2082 1884 2116 παρέσχεν

1089 2128 1130 2160 εἰς
1151 2128 1302 2155 ἀνανέωσιν
1320 2129 1370 2164 τῆς
1391 2128 1506 2160 πόλεως.
1530 2122 1648 2164 Ὁμοίως
1667 2128 1695 2155 δὲ
1715 2127 1765 2154 καὶ
1785 2127 1802 2162 ἡ
1826 2127 1884 2154 Κό-

1091 2174 1181 2210 ρινθος
1201 2175 1368 2211 μητρόπολις
1388 2175 1438 2210 τῆς
1459 2174 1593 2208 Ἑλλάδος,
1617 2174 1664 2202 καὶ
1678 2174 1779 2209 ταύτην
1790 2173 1812 2189 ⁵⁸
1832 2182 1883 2208 με-

251 2220 388 2255 tropolis;
405 2225 433 2248 et
458 2221 485 2248 in
510 2227 570 2248 eam
599 2229 698 2257 magna
728 2229 839 2257 quoque
872 2223 1037 2251 liberalitate

1096 2219 1181 2256 γάλως
1194 2220 1418 2256 ἐφιλοτιμήσατο.

251 2273 320 2293 usus
339 2269 393 2293 est.

285 2312 319 2339 A.
333 2311 365 2339 C.
385 2312 447 2340 515.
466 2327 502 2333 —
521 2313 669 2341 Antiochia
682 2314 798 2350 episcopi
820 2314 967 2351 Euphrain
987 2324 1037 2343 an-

250 2365 298 2385 nus
312 2359 426 2393 primus.

1125 2312 1158 2338 Δ.
1171 2311 1210 2338 Μ.
1224 2309 1305 2338 6015.
1320 2324 1355 2330 -
1374 2309 1553 2344 Ἀντιοχείας
1570 2310 1738 2337 ἐπισκόπου
1759 2310 1881 2344 Εὐφρα-

1090 2358 1159 2386 σίου
1172 2357 1239 2390 ἔτος
1253 2360 1290 2385 a'.

909 2417 1026 2447 νΑῐιιιΕ
1046 2415 1249 2446 LECTIONES.

283 2462 366 2499 fatal.
378 2462 465 2499 αὐτῷ]
481 2464 544 2491 fort.
560 2463 608 2491 καὶ
626 2464 716 2496 αὐτός.

283 2473 306 2479 ⁷⁷
319 2473 366 2490 και
378 2473 429 2490 αυτ
439 2473 465 2499 υι
481 2473 544 2491 lori.
560 2473 597 2491 κα

248 2497 271 2513 ⁸⁸
285 2495 366 2534 ἦλθον
380 2500 413 2530 Δ,
429 2473 511 2534 ἦλθεν
526 2499 599 2534 vulg.

250 2533 328 2569 δέδου
341 2541 368 2566 a,
380 2533 529 2561 Ἀσπεύδου
539 2542 564 2566 e,
579 2533 609 2566 δς
623 2535 655 2561 ἐκ
671 2535 720 2569 τῆς
744 2534 863 2569 ἀδελφῆς
884 2535 967 2562 Ἀσπε

249 2568 377 2604 ἀγχίνους
395 2570 468 2598 vule.
504 2569 526 2584 "
542 2570 590 2596 καὶ
604 2568 707 2604 ταύτην
718 2570 752 2602 Α,
767 2568 819 2596 και
831 2568 916 2606 αὐτὴν
931 2571 1006 2606 vulg.

770 2464 792 2480 "
807 2465 978 2501 ἀπέστειλεν]
993 2466 1116 2501 ἀπῆλθεν
1136 2465 1163 2492 b.
1199 2462 1395 2501 “omnigeni.
1408 2462 1441 2488 Δ.
1479 2462 1500 2501 ξ’
1522 2459 1697 2501 ἐπηρῴτησε]
1714 2460 1831 2501 ἐδήλςιξσε
1844 2461 1879 2488 Δ.

635 2499 657 2514 ⁸³
671 2501 685 2526 ὁ
701 2499 764 2526 add.
780 2508 812 2526 cx
829 2501 861 2527 Δ.
900 2501 923 2516 ⁵⁸
947 2499 978 2527 ’θ’
997 2499 1078 2534 μισδα
1094 2500 1156 2528 add.
1174 2507 1208 2527 ex
1222 2499 1256 2527 Α.
1294 2499 1316 2514 ⁸⁸
1329 2499 1461 2524 ἐκέκοπτο
1472 2499 1503 2523 Δ.
1536 2499 1560 2512 ⁸⁸
1582 2499 1714 2523 Ἀσπέϐου
1729 2499 1762 2527 Α,
1777 2499 1878 2522 ’Λαπι-

638 2543 655 2571 κ
671 2535 730 2571 τῆς
744 2534 863 2569 ἀδελφῆς
884 2510 1048 2571 Ἄσπεὲἑδου
1063 2535 1194 2571 ἐγεννήθη
1216 2535 1243 2562 ι›.
1289 2532 1312 2548 ⁸⁷
1324 2533 1410 2559 ἐποίει
1422 2532 1468 2558 τὸν
1483 2532 1565 2558 παῖδα
1580 2531 1602 2558 Δ
1615 2532 1641 2558 b.
1680 2531 1702 2547 ⁸⁸
1718 2531 1828 2566 ἁγχίνου
1843 2531 1878 2564 Α,

1294 2498 1316 2514 ⁸⁸
1329 2498 1461 2524 ἐκέκοπτο
1472 2497 1503 2523 Α.
1536 2496 1560 2512 ⁸⁸
1582 2496 1714 2523 Ἀσπέϐου
1729 2496 1762 2527 Α,
1777 2497 1880 2522 ’Λαπι-

919 2626 990 2656 JAC.
1006 2627 1110 2656 GOARI
1126 2625 1242 2654 ΝοτΑε.

287 2683 342 2719 (9i)
362 2685 456 2712 Anast.
471 2685 689 2718 harbariuscule,
705 2685 828 2712 hortatus
835 2685 959 2713 adversus
970 2686 1038 2713 Per-

249 2727 306 2746 sas.
324 2719 491 2747 Auxiliarius
513 2719 638 2747 Romanis
652 2721 678 2747 in
697 2720 794 2748 Persas
815 2722 925 2748 accitus.
950 2721 1038 2748 Inter-

1122 2687 1149 2718 (9
1155 2687 1178 2720 ι)
1194 2686 1323 2719 Ejusdem
1338 2691 1435 2720 secum
1446 2683 1573 2712 nominis.

1122 2717 1178 2756 (95)
1199 2717 1270 2748 Nam
1299 2719 1556 2756 γηωιωήινυιιηέιιηιε
1575 2718 1613 2745 vel
1635 2719 1718 2744 alium
1744 2717 1877 2756 delectum

250 2754 429 2791 presrforsau
468 2756 594 2783 scribere
620 2756 716 2789 voluit,
749 2764 811 2783 num
824 2757 863 2783 ita
881 2756 1037 2783 deludendis
1086 2753 1203 2791 corporis
1218 2757 1358 2791 patientem
1377 2754 1450 2788 nefas
1478 2753 1570 2781 Persis
1594 2762 1679 2788 regem
1704 2754 1874 2781 comlituere.

249 2788 351 2821 Persis,
363 2794 417 2816 etc.
435 2790 579 2817 Coussrts.

268 2823 341 2863 _(95)
368 2824 429 2851 llzee
444 2826 560 2865 'auctori
579 2826 729 2861 Procopius
745 2827 793 2854 lib.
809 2835 817 2854 ι
838 2826 875 2854 De
890 2826 956 2855 bello
972 2826 1037 2854 Per-

249 2865 317 2891 sico,
329 2865 473 2894 suggessu.

1088 2791 1250 2819 Pnocortus.

1123 2828 1179 2859 (96)
1205 2825 1326 2853 Αιιιπεάο
1346 2824 1443 2852 scribit
1461 2825 1613 2860 Procopius
1626 2825 1738 2851 citatus.

1123 2862 1178 2897 (97)
1200 2862 1330 2898 Evagrius
1344 2861 1393 2888 lib.
1414 2867 1450 2893 tv,
1471 2869 1533 2897 cap.
1547 2862 1575 2889 8.
