2021 3154
125 181 178 214 ’129

803 185 1140 218 CHRONOGRAPHIA.

1711 188 1766 223 730

126 239 251 274 γέγονεν.
275 237 330 265 Τοῦ
352 239 381 265 ὂὶ
402 238 535 273 βασιλέως
562 240 591 266 ἒν
615 239 749 274 ποδαλγὴ⁵
772 240 913 276 asumma-

976 243 1079 277 eccpit,
1096 248 1122 271 et
1142 243 1175 270 ad
1199 244 1300 272 bellum
1322 244 1551 272 committendum
1576 245 1697 273 alacrior
1722 246 1765 274 ef-

127 293 235 316 σαντος,
255 285 303 311 καὶ
326 284 373 311 ἐπὶ
397 284 580 319 Μεσημϐρίαν
603 285 758 320 βιασθέντος
782 287 916 322 ὑποστρέ-

126 331 178 365 ψαι
193 330 238 356 διὰ
264 330 409 364 συνήθειαν
423 330 549 365 λουτροῦ,
578 331 637 366 ἅμα
649 332 731 358 πέντε
768 332 917 368 δρομώνων

127 377 176 404 καὶ
205 376 260 402 τῶν
273 376 384 403 οίκείων
401 377 483 403 αὐτοῦ
510 377 674 413 ἀνθρώπων,
700 379 831 406 κατέλιπε
854 380 919 412 τοὺς

129 422 302 457 στρατηγοὺς
325 422 433 449 καὶτὸν
455 422 531 455 λαὸν,
553 423 687 455 κελεύσας
712 424 916 459 παρακονδακί-

128 465 187 499 ζειν
205 467 262 501 (24)
286 468 334 493 καὶ
364 466 502 502 ὐποσῦραι
526 468 625 500 αὐτοὺς
650 469 682 495 ὲκ
710 469 757 496 τοῦ
772 469 919 504 ὀχυρώμα-

127 521 186 545 τος,
213 513 261 539 καὶ
286 512 405 547 πόλεμον
421 513 491 548 πρὸς
513 513 613 544 αὐτοὺς
626 515 769 550 κροτῆσαι,
792 516 817 542 ει
840 516 919 550 τύχοι

127 560 229 591 αὐτοὺς
254 559 390 592 ἐξελθεῖν·
419 560 444 586 εί
464 561 493 586 δὲ
518 561 567 595 μὴ.
597 562 785 597 παρακαθίσαι
810 562 915 594 αὐτοῖς,

128 606 177 633 καὶ
205 605 351 640 φυλάττειν
380 607 410 632 ὲν
437 608 494 638 τοῖς
523 606 661 643 ἐρύμασιν
683 608 717 636 ⁵⁵,
747 609 780 634 Οἱ
815 609 844 636 δὲ
871 609 920 635 τοῦ

129 651 337 687 κασαλλαρικοῦ
349 651 396 678 τὸν
417 652 530 687 βασιλέα
552 653 664 688 φεύγειν
692 654 918 690 διαφημίσαντες,

128 698 177 724 καὶ
202 697 278 731 φόϐῳ
304 697 481 732 συσχεθέντες
497 698 530 730 ⁸³,
547 699 580 734 τῇ
598 699 665 734 αὐτῇ
680 701 752 735 φυγῇ
769 701 921 735 ἐχρήσαντο

129 741 247 777 μηδενὸς
259 740 415 773 διώκοντος.
429 742 497 768 om
514 742 665 777 Βούλγαροι
682 742 762 769 τοῦτο
779 742 921 778 θεασάμε-

128 796 172 814 νοι
186 787 336 814 ἐπεδίωκον
352 787 441 814 ὀπίσω
454 787 555 819 αὐτῶν,
571 789 618 813 καὶ
633 788 697 819 τοὺς
710 787 854 820 πλείστους
881 788 923 822 ξί-

129 843 178 868 φει
191 834 310 864 ἀνεῖλον,
333 834 448 866 πολλοὺς
462 834 492 860 δὲ
513 837 559 861 καὶ
583 835 606 850 ⁷⁸
627 835 842 870 ἐτραυμάτισαν,
871 835 918 861 καὶ

131 878 353 911 καταδιώξαντες
364 879 463 909 αὐτοὺς
480 878 561 914 μέχρι
573 878 621 905 τοῦ
628 880 788 910 Λανουϐίου,
802 881 850 906 καὶ
861 879 923 906 τοῦ-

131 933 179 952 τον
188 925 370 959 περάσαντες,
383 924 429 951 καὶ
437 924 560 956 ἐλθόντες
570 926 611 956 είς
625 924 676 960 τὴν
688 925 838 960 λεγομένην
852 925 923 961 Βάρ-

131 979 193 1002 ναν,
210 970 324 1004 πλησίον
339 969 468 996 Ὀδυσσοῦ
486 970 536 996 καὶ
552 969 597 996 τοῦ
609 971 700 996 ἐκεῖσε
711 971 866 1005 μεσογείου,
876 971 924 998 καὶ

131 1013 178 1038 τὸν
187 1012 270 1039 τόπον
282 1013 435 1047 ἑωρακότες
447 1014 477 1040 ὲν
491 1013 575 1048 πολλῇ
588 1014 724 1049 ἀσφαλείᾳ
738 1015 922 1050 διακείμενον,

131 1060 165 1086 ὲκ
180 1059 232 1094 μὲν
244 1058 298 1085 τῶν
312 1059 423 1086 ὄπισθεν
444 1059 488 1086 διὰ
505 1060 552 1086 τοῦ
567 1060 588 1076 τί
602 1060 750 1087 Λανουϐίου
781 1062 922 1097 ποταμοῦ,

133 1105 291 1140 ἔμπροσθεν
305 1105 334 1132 δὲ
357 1106 406 1132 καὶ
418 1107 449 1132 ὲκ
467 1106 590 1140 πλαγίων
601 1107 645 1134 διὰ
660 1107 826 1143 κλειοουρῶν
841 1109 889 1135 καὶ¹
900 1109 924 1124 τ’

132 1153 182 1187 τῆς
193 1152 329 1186 Ποντικῆς
345 1153 495 1187 θαλάσσης,
507 1154 710 1188 κυριευσάντων
726 1154 754 1180 δὲ
770 1154 861 1181 αὐτῶν
877 1155 924 1181 καὶ

132 1199 190 1225 τῶν
205 1198 421 1233 παρακειμένων
432 1199 589 1225 Σκλαϐινών
608 1199 694 1226 ἐθνῶν
710 1201 759 1231 τὰς
774 1200 925 1235 λεγομένας

133 1245 205 1271 ἑπτὰ
217 1244 324 1278 γενεὰς,
334 1246 397 1276 τοὺς
408 1244 458 1279 μὲν
471 1244 598 1279 Σεϐἐρεις
609 1245 767 1281 κατῴκισαν
776 1246 798 1262 ⁷³
811 1246 865 1272 ἀπὸ
876 1247 925 1280 τῆς

134 1290 290 1326 ἔμπροσθεν
331 1291 492 1326 κλεισοὺρας
521 1291 683 1326 Βερεγάϐων
716 1292 762 1318 ἐπὶ
794 1291 828 1318 τὰ
859 1291 926 1326 πρὸς

133 1336 269 1371 ἀνατολὴν
279 1336 362 1371 μέρη,
375 1337 414 1367 είς
425 1337 452 1362 δὲ
468 1337 501 1362 τὰ
512 1336 580 1371 πρὸς
599 1336 774 1372 μεσημϐρίαν
786 1337 834 1364 καὶ
847 1337 926 1363 δύσιν

136 1383 218 1418 μέχρι
241 1383 371 1417 Ἀϐαρίας
385 1383 434 1413 τὰς
449 1383 612 1413 ὑπολοίπους
627 1383 650 1398 ⁷⁸
673 1383 742 1408 ἑπτὰ
761 1382 858 1416 γενεὰς
872 1382 927 1408 ὑπὸ

135 1429 250 1454 πάκτων
260 1429 283 1444 ⁷⁵
292 1428 383 1459 ὄντας.
392 1427 436 1454 Ἐν
444 1427 550 1458 τούτοις
563 1427 609 1453 οὖν
618 1427 826 1454 πλατυνθὲντων
838 1427 927 1454 αὐτῶν

134 1474 316 1509 ὲγαυρίασαν,
343 1472 390 1500 καὶ
415 1472 533 1508 ἤρξαντο
556 1474 589 1500 τὰ
604 1473 657 1499 ὑπὸ
684 1473 734 1507 τὴν
769 1473 928 1508 Ῥωμαϊκὴν

134 1520 276 1547 πολιτείαν
291 1519 357 1546 ὂντα
370 1520 479 1555 κάστρα
491 1527 521 1546 τε
529 1519 576 1546 καὶ
589 1518 676 1554 χωρία
693 1519 869 1555 ἐπιρρίπτειν
881 1519 929 1545 καὶ

969 288 1040 316 [ecta
1065 293 1118 317 est.
1144 289 1258 317 Interim
1286 291 1437 325 imperator
1461 291 1518 318 acri
1546 292 1645 326 pedum
1669 292 1766 320 dolore

969 339 1084 362 vexatus
1103 335 1193 363 balnei
1207 335 1317 364 facilius
1332 341 1359 364 et
1376 337 1548 364 commodius
1568 337 1686 365 habendi
1703 346 1766 374 gra-

969 381 1008 408 tia
1038 389 1101 408 cum
1124 382 1193 410 solis
1219 382 1399 410 dromonibus
1423 383 1547 418 quinque
1570 383 1768 419 nonnullisque

969 427 1064 462 palatii
1072 428 1230 456 domesticis
1242 427 1433 456 Mesembriam
1451 429 1539 456 redire
1550 433 1675 462 coactus,
1685 437 1767 457 eser-

970 473 1027 500 citu
1042 473 1215 509 ducibusque
1223 475 1328 502 velitari
1341 475 1440 510 jussis,
1457 480 1483 502 et
1497 475 1591 503 hostes
1604 483 1620 503 e
1642 476 1768 510 prassidio

971 520 1109 554 pellicere,
1121 524 1148 548 et
1162 521 1271 548 tandem
1284 529 1346 548 cum
1362 521 1403 548 eis
1419 521 1509 557 rigido
1524 520 1622 553 Marte,
1638 523 1660 549 si
1676 526 1767 550 tamen

972 566 1046 595 foras
1063 567 1195 594 auderent
1214 574 1404 603 prorumpere,
1429 569 1471 595 sin
1493 568 1596 601 minus,
1621 568 1768 595 obsidione

971 611 1207 647 circumcingere,
1236 617 1264 640 et
1290 613 1317 640 in
1342 613 1401 640 suis
1431 613 1611 640 munimentis
1640 614 1768 642 occlusos

971 655 1127 687 observare,
1153 658 1252 685 castris
1272 658 1416 685 abscessit.
1442 657 1554 694 Equites
1570 659 1766 694 imperatorem

972 700 1067 735 fugere
1094 702 1157 734 rati,
1173 703 1272 730 timore
1292 704 1391 731 animis
1405 709 1540 739 concepto
1562 705 1590 732 in
1608 713 1692 732 unum
1709 706 1754 740 glo

973 748 1037 775 bum
1059 749 1180 780 collecti,
1200 749 1258 784 pari
1281 757 1390 784 quoque
1406 750 1468 785 fuga
1486 751 1563 778 nullo
1583 757 1768 787 persequente

974 797 1021 820 aut
1037 795 1176 822 excitante
1191 795 1233 822 usi
1255 800 1331 823 sunt.
1351 795 1459 831 Bulgari
1475 804 1507 824 eo
1524 797 1683 831 spectaculo
1697 798 1768 825 escis

975 839 1005 871 ti,
1032 838 1166 874 [rugientes
1184 845 1258 867 retro
1284 841 1479 875 insequuntur,
1491 846 1518 868 et
1535 841 1577 868 his
1591 841 1702 875 quidem
1719 849 1768 869 ne-

974 892 1045 916 cem,
1074 885 1136 912 aliis
1164 886 1279 913 vulnera
1305 886 1402 920 gladiis
1427 886 1559 917 inierunt.
1585 886 1708 921 reliquos
1733 885 1768 913 ad

977 929 1131 957 Danubium
1162 938 1248 965 usque
1285 938 1378 958 coram
1405 939 1435 959 se
1464 931 1570 967 fugant.
1604 931 1673 959 Tum
1704 940 1768 960 vero

974 975 1086 1004 ﬂumine
1103 977 1227 1011 traiecto.
1242 977 1359 1005 Barnam
1376 978 1413 1005 ita
1430 978 1543 1010 dictam,
1560 978 1653 1005 urbem
1663 977 1768 1014 Odysso

975 1020 1104 1052 vicinam,
1126 1024 1153 1048 et
1170 1021 1393 1049 mediterraneos
1404 1029 1488 1055 agros
1504 1022 1676 1057 perveniunt.
1690 1022 1768 1049 Cum-

975 1073 1028 1101 que
1040 1067 1128 1093 locntn
1142 1074 1250 1094 omnetn
1265 1071 1416 1095 retrorsum
1428 1067 1462 1094 ab
1472 1074 1551 1094 amne
1560 1067 1695 1100 Danubio,
1706 1071 1771 1095 ante

975 1120 1040 1139 vero
1066 1117 1093 1139 et
1119 1112 1154 1139 ab
1171 1118 1288 1147 utroque
1312 1113 1397 1140 latere
1417 1113 1539 1140 clusuris
1553 1113 1612 1140 sive
1633 1113 1769 1140 montium

976 1158 1111 1193 angustiis
1134 1163 1162 1186 et
1187 1159 1255 1186 mari
1274 1158 1391 1186 Pontico
1414 1159 1497 1194 probe
1524 1159 1607 1194 299
1632 1159 1769 1186 munitum

976 1202 1197 1236 conspexissent,
1216 1207 1243 1230 et
1262 1203 1451 1231 Sclavinornm
1476 1204 1530 1231 illic
1550 1205 1707 1239 degentium
1725 1211 1770 1231 se-

977 1253 1050 1283 ptem
1075 1249 1276 1283 generationes,
1302 1257 1363 1284 quat
1385 1249 1526 1282 dicuntur,
1550 1250 1577 1276 in
1605 1254 1770 1285 potestatem

977 1294 1157 1329 redegissent,
1175 1294 1341 1322 Seberenses
1354 1295 1466 1329 quidem
1481 1295 1516 1322 ab
1538 1296 1676 1323 anteriore
1689 1295 1772 1323 Bere-

977 1339 1108 1373 gaborum
1130 1339 1241 1366 clusnra
1266 1339 1299 1366 ad
1328 1339 1477 1367 orientales
1497 1340 1602 1374 plagas,
1628 1339 1770 1367 meridiem

978 1391 1041 1410 vero
1050 1387 1077 1411 et
1084 1383 1254 1411 occidentem
1264 1392 1360 1412 versus
1378 1385 1412 1412 ad
1423 1385 1540 1412 Aliarum
1551 1393 1638 1420 usque
1652 1385 1771 1419 reliquas

978 1433 1074 1465 gentes
1088 1435 1192 1464 septem
1207 1430 1259 1457 sibi
1276 1430 1422 1465 vectigales
1437 1431 1533 1462 factas,
1548 1431 1614 1458 illuc
1628 1432 1770 1458 transtulit

979 1482 1010 1501 ac
1031 1475 1186 1502 collocavit.
1210 1475 1239 1502 ln
1256 1476 1329 1503 hunc
1349 1476 1441 1511 itaque
1463 1476 1575 1504 modum
1597 1477 1722 1505 dilatatis
1743 1481 1772 1504 et

979 1521 1107 1554 expansis
1122 1521 1236 1548 ditionis
1251 1528 1346 1549 eorum
1369 1521 1496 1549 terminis
1509 1541 1517 1553 ,
1534 1522 1666 1549 Romana:
1680 1522 1773 1557 reipu-

134 1565 359 1601 αίχμαλωτὶζειν.
379 1565 460 1592 Ὅθεν
474 1565 659 1599 ἀναγκασθεὶς
673 1565 687 1591 ό
708 1564 835 1600 βασιλεὺς
851 1566 924 1600 εἰρή-

981 1567 1058 1594 blicaz
1086 1567 1169 1594 urbes
1195 1571 1223 1594 et
1239 1567 1337 1603 oppida
1353 1567 1453 1595 animis
1476 1568 1503 1594 in
1518 1568 1676 1602 superbiant
1690 1568 1769 1596 elatis

139 1620 220 1640 νευσε
253 1611 314 1646 μετ’
348 1611 451 1643 αὐτῶν,
487 1612 584 1646 ἐτήσια
618 1611 709 1642 αὺτοῖς
741 1612 927 1646 συμφωνήσας

134 1658 269 1693 παρέχειν
290 1657 382 1684 πάκτα
410 1657 453 1683 ἐπ’
475 1657 592 1692 αἰσχύνῃ
619 1656 763 1691 Ῥωμαίων
784 1656 829 1683 διὰ
857 1656 929 1692 πλῆ-

135 1705 183 1736 θος
196 1704 391 1738 πταισμάτων·
407 1703 566 1737 θαυμαστὸν
587 1703 642 1737 γὰρ
659 1701 693 1738 ἧν
702 1702 817 1730 ἀκοῦσαι
833 1703 858 1719 ⁷⁸
871 1704 929 1735 τοῖς

138 1751 250 1787 μακρὰν
266 1752 313 1778 καὶ
331 1752 387 1782 τοῖς
405 1751 498 1785 ἐγγὺς,
513 1750 553 1777 ὃτι
574 1751 588 1777 ὁ
613 1750 718 1781 πάντας
743 1749 831 1784 ἑαυτῷ
863 1750 929 1776 ὑπο-

136 1797 226 1828 πλιῖς
247 1796 500 1831 καταστησάμενος,
514 1795 577 1826 τούς
591 1803 621 1822 τε
634 1794 705 1822 κατὰ
722 1794 771 1829 τὴν
785 1794 857 1830 ἑῴαν
882 1795 930 1822 καὶ

136 1843 214 1870 δύσιν
227 1844 276 1869 καὶ
295 1843 396 1877 ἄρκτον
409 1843 457 1868 καὶ
470 1841 655 1877 μεσημϐρίαν,
672 1841 725 1867 ὑπὸ
737 1841 785 1867 τοῦ
803 1840 928 1876 μυσαροῦ

138 1890 188 1915 καὶ
211 1888 360 1923 νεοφανοῦς
386 1888 479 1919 ἔθνους
505 1887 627 1923 ἡττήθη.
657 1886 728 1913 Ἀλλ’
742 1883 820 1919 οὗτος
836 1888 857 1903 ⁷⁷
879 1887 930 1922 μὲν

140 1936 173 1961 ὲκ
211 1934 340 1969 προνοίας
365 1934 435 1960 Θεοῦ
458 1934 536 1960 τοῦτο
565 1933 770 1968 συμϐεϐηκέναι
795 1933 926 1968 Χριστια-

138 1982 196 2012 Vni;
212 1980 373 2011 πιστεύσας,
392 1979 580 2014 εὐαγγελικῶς
609 1980 824 2014 διανοησάμενος
851 1980 927 2014 εἰρή‹

137 2033 252 2054 νςυσεν·
274 2025 322 2052 καὶ
346 2023 381 2061 ἦν
408 2025 462 2057 ἕως
488 2025 616 2059 τελευτῆς
645 2025 728 2052 αὑτοῦ
754 2025 866 2061 ἠρεμῶν
896 2026 929 2052 ἐκ

138 2073 251 2099 πάντων
262 2071 389 2107 πολέμων
398 2071 432 2103 ⁷⁸,
448 2071 565 2106 σπουδὴν
581 2071 650 2106 ἔχων
666 2071 804 2106 ἐξαίρετον
828 2071 929 2098 ἐνῶσαι

137 2119 190 2150 τὰς
200 2118 345 2152 ἁπανταχῆ
351 2118 518 2153 διῃρημένας
533 2117 614 2152 ἁγίας
625 2117 673 2144 τοῦ
684 2117 752 2144 Θεοῦ
766 2117 929 2151 Ἐκκλησίας

139 2163 196 2191 ἀπὸ
213 2164 268 2190 τῶν
288 2164 393 2199 χρόνων
411 2163 574 2199 Ἡρακλείου
588 2163 636 2189 τοῦ
652 2163 787 2198 βασιλέως
803 2163 852 2190 καὶ
863 2172 928 2198 προ-

140 2211 254 2246 πάππου
284 2209 378 2244 αὑτοῦ,
408 2211 457 2237 καὶ
472 2210 587 2245 Σεργίου
609 2210 657 2236 τοῦ
679 2210 850 2245 κακόφρονας
879 2210 928 2237 καὶ

981 1613 1092 1641 diruere
1108 1621 1141 1641 ac
1155 1613 1308 1648 depraedari
1326 1618 1479 1648 cceperunt.
1495 1613 1534 1640 Ex
1549 1620 1603 1648 quo
1624 1613 1772 1648 imperator

980 1665 1092 1687 coactus
1107 1667 1202 1694 pacem
1215 1667 1278 1687 cum
1295 1660 1335 1687 eis
1358 1666 1448 1694 agere,
1467 1664 1493 1687 et
1514 1659 1640 1695 exigente
1655 1659 1772 1687 delicto-

980 1712 1041 1732 rum
1063 1709 1220 1732 nostrorutn
1246 1713 1371 1737 numero,
1392 1712 1447 1732 non
1465 1704 1525 1732 sine
1541 1712 1639 1739 magno
1655 1703 1773 1732 Romani

980 1751 1100 1779 nominis
1113 1751 1259 1785 dedecore,
1276 1754 1384 1785 pactam
1400 1751 1540 1777 annuatim
1554 1750 1698 1785 pecuniam
1715 1751 1773 1777 eis-

980 1797 1041 1825 dem
1067 1797 1234 1831 persolvere.
1252 1796 1285 1823 Et
1302 1803 1368 1824 sane
1382 1803 1427 1823 res
1443 1796 1539 1823 auditu
1559 1795 1695 1823 mirabilis
1715 1800 1773 1822 tum

981 1842 1152 1869 nostratibus
1165 1841 1282 1872 exstitit,
1294 1848 1350 1868 tum
1362 1841 1476 1872 exteris,
1494 1847 1554 1872 θος.
1570 1840 1617 1875 qui
1630 1840 1774 1868 universas

981 1893 1084 1923 gentes.
1103 1895 1156 1922 qua
1168 1887 1203 1914 ab
1219 1892 1282 1914 ortu
1295 1887 1327 1914 ad
1341 1894 1482 1919 occasum,
1492 1893 1644 1921 rursusque
1659 1892 1674 1913 a
1691 1886 1774 1913 meri-

980 1934 1024 1962 die
1040 1934 1074 1961 ad
1090 1933 1305 1969 septentrionem
1324 1933 1404 1968 longe
1420 1933 1529 1967 lateque
1543 1932 1665 1960 excurrit
1685 1931 1773 1964 orbis,

981 1980 1129 2014 vcctigales
1144 1980 1209 2006 olim
1227 1979 1280 2007 sibi
1293 1979 1393 2013 fecere,
1410 1987 1483 2007 nunc
1500 1980 1534 2006 ab
1550 1979 1602 2006 ista
1613 1979 1773 2007 abominan-

980 2026 1014 2054 da
1024 2030 1051 2053 et
1064 2033 1151 2060 nuper
1161 2030 1241 2053 enata
1250 2028 1332 2060 gente
1339 2032 1401 2053 esse
1413 2029 1567 2060 superatos.
1579 2023 1774 2052 Verumtamen

981 2071 1133 2106 imperator
1154 2070 1227 2098 istud
1250 2079 1283 2097 ex
1300 2070 1347 2098 Dei
1365 2071 1535 2105 providentia
1550 2069 1713 2105 contingere
1728 2077 1775 2096 ar-

981 2118 1109 2148 bitratus,
1119 2125 1168 2145 ceu
1183 2116 1321 2152 Evangelii
1333 2124 1415 2144 sensu
1432 2121 1522 2144 mente
1538 2116 1621 2151 probe
1633 2119 1774 2151 percepto,

980 2171 1074 2200 pacem
1099 2163 1174 2196 fecit,
1194 2168 1275 2198 atque
1292 2163 1328 2190 ita
1344 2163 1453 2190 demum
1476 2163 1611 2198 reliquum
1638 2162 1701 2189 vitae
1718 2169 1775 2190 suae

983 2209 1102 2244 spatium
1119 2209 1179 2236 sine
1194 2209 1257 2235 ullis
1271 2208 1404 2236 bellorum
1419 2207 1582 2235 tumultibus
1594 2206 1774 2242 tranquillum

141 2243 263 2293 Πύρρου,
279 2256 333 2283 τῶν
346 2242 464 2289 ἀναξίως
475 2242 658 2292 ἡγησαμένων
672 2256 720 2283 τοῦ
736 2242 831 2292 θρονου
852 2256 924 2283 Κων-

983 2255 1083 2290 exegit.
1097 2255 1122 2282 id
1141 2263 1195 2290 prae
1212 2255 1321 2282 caeteris
1334 2261 1442 2282 summo
1456 2254 1549 2281 studio
1567 2260 1729 2289 procurans.
1746 2257 1773 2280 ul

141 2301 400 2332 σταντινουπόλεως,
418 2301 481 2336 μίαν
490 2309 521 2326 τι
530 2301 553 2317 ⁷³
576 2301 686 2336 θέλησιν
705 2301 753 2328 καὶ
774 2301 840 2335 μίαν
854 2301 930 2336 ἑνέρ·

140 2357 221 2382 γιιαν
229 2349 252 2364 ⁵⁸
260 2348 307 2374 ιπὶ
321 2347 367 2374 τοῦ
387 2347 492 2382 Κυρίου
503 2347 549 2374 καὶ
560 2347 628 2374 Θεοῦ
645 2348 692 2374 καὶ
703 2347 831 2382 Σωτῆρος
852 2347 931 2382 ἡμῶν

146 2393 236 2429 Ἰησοῦ
260 2393 378 2428 Χριστοῦ
393 2391 626 2428 δογματισάντων,
642 2389 680 2419 ὧν
698 2393 747 2425 τὰς
770 2392 930 2425 κακοδοξίας

141 2440 294 2476 ἀνατρέψαι
304 2439 462 2472 σπουδάζων
472 2440 494 2455 ⁸¹
505 2438 793 2475 ὸΧριστιανικώτατος
803 2438 931 2474 βασιλεὺς

984 2305 1087 2328 sanctae
1101 2300 1146 2327 Dei
1161 2299 1290 2328 Ecclesiae
1303 2299 1447 2327 dissidium
1465 2299 1567 2334 ubique
1582 2306 1670 2334 passae
1684 2306 1697 2324 a
1711 2302 1764 2324 tem

984 2346 1098 2382 poribus
1114 2345 1232 2372 Heraclii
1249 2344 1427 2380 imperatoris
1451 2344 1545 2379 proavi
1562 2343 1616 2374 sui,
1638 2347 1666 2370 ct
1682 2341 1775 2369 vesani

985 2392 1073 2427 Sergii
1089 2395 1116 2419 et
1128 2391 1239 2426 Pyrrhi,
1254 2390 1300 2426 qui
1316 2390 1433 2426 Cpoleos
1452 2389 1552 2417 throno
1569 2388 1682 2424 indigne
1705 2395 1776 2422 prte—

985 2438 1050 2466 l'ccti
1075 2444 1157 2464 unam
1175 2437 1343 2464 voluntatem
1361 2443 1498 2472 unamque
1512 2435 1578 2463 item
1591 2434 1727 2462 actionem
1747 2433 1775 2460 in

785 2494 904 2522 VARLE
920 2493 1127 2522 LECTIONES.

178 2555 203 2572 “
221 2555 356 2596 ῥεύμασιν
373 2555 392 2582 Ι“.

154 2591 177 2606 ⁷⁸
191 2589 238 2617 τοῦ
266 2590 328 2617 add.
344 2598 377 2617 ex
400 2590 433 2617 A.
483 2591 506 2606 ⁷³
523 2592 569 2616 καὶ
586 2595 649 2617 ante
674 2589 722 2623 τῆς
735 2597 792 2616 on).
819 2589 842 2615 Α
860 2589 879 2617 l'.

143 2625 167 2641 "
184 2626 298 2652 πάκτων
313 2626 346 2657 Δ,
361 2626 467 2652 πάκτου
492 2625 565 2659 vnlg.

442 2555 464 2571 “
477 2554 654 2594 quaxeDévrsg
677 2554 710 2594 τῇ

738 2554 808 2590 αὐτῇ
826 2554 1056 2590 Λλσυναχθέντες
1070 2552 1270 2590 τοιαύτῃ-νυιεε

927 2590 950 2605 ⁷⁸
967 2589 1134 2624 κατῴκησαν
1148 2588 1222 2624 vulg.

604 2625 627 2640 "
641 2624 809 2659 ἀκουόμενον
832 2625 852 2650 Α
869 2632 896 2656 a,
915 2623 1050 2659 ἀκούομεν
1067 2623 1085 2651 Γ.

1318 2552 1341 2569 ’⁸
1355 2552 1403 2579 καὶ
1428 2555 1493 2578 ante
1519 2550 1578 2583 ὲτρ.
1604 2547 1667 2576 add.
1684 2555 1718 2575 ex
1738 2547 1775 2583 _A.

1260 2587 1283 2604 ⁷³
1300 2587 1464 2618 ὑπολοίπους
1478 2586 1511 2618 A,
1529 2581 1678 2614 ὑπολοιπὰς
1699 2581 1775 2618 vulg.

1123 2624 1145 2639 "
1160 2617 1238 2654 οὖῖος
1265 2623 1298 2652 Α.
1330 2622 1417 2651 οὕτως
1435 2617 1507 2656 vulg;
1559 2619 1581 2635 ⁷⁸
1595 2617 1731 2653 πολεμίων
1740 2617 1775 2644 Α.

145 2660 169 2676 "'
185 2662 254 2695 μίαν
268 2668 299 2686 τε
314 2656 348 2692 Α,
363 2660 428 2695 μίαν
440 2660 468 2687 δὲ
482 2656 556 2694 vulg:
595 2660 618 2676 '°
635 2659 700 2695 μίαν
713 2656 807 2686 οὖσίαν
818 2659 960 2695 ἐνεργείας
984 2656 1007 2686 [ζ
1042 2659 1063 2675 ⁸⁸
1078 2656 1249 2694 σπουδάζων]
1263 2657 1383 2689 δοξάζων
1401 2656 1420 2684 ῐ.

796 2716 868 2745 JAC.
888 2716 995 2745 GOAH!
1016 2716 1131 2744 ΝΟΤΕ.

181 2762 238 2805 (9.4)
253 2763 400 2805 Meursius,
425 2764 746 2805 νκζζαρακονςᾴξιιον(
769 2763 835 2805 Noti
865 2769 933 2805 recte

145 2797 259 2834 dixerim
275 2800 339 2834 quid
353 2801 400 2833 sit,
415 2800 465 2827 mi
476 2799 602 2826 divinam.
624 2799 668 2827 Nil
689 2803 765 2828 recte
780 2799 930 2831 divinabis,

146 2833 200 2869 pisi
216 2833 396 2862 “litationem
409 2834 657 2863 dixeris.Vidend:e
669 2835 849 2863 auctoritates
859 2833 933 2869 apud

148 2867 307 2905 Bigaltium.
331 2870 398 2898 Hinc
426 2869 674 2904 παρακοντακίζειν
688 2869 849 2905 Theophani
870 2867 934 2905 ἐρη-

152 2904 183 2929 tit
200 2905 335 2932 t'elitando
354 2914 439 2937 aqerc.
467 2905 691 2936 Παρακοντάοιον
709 2904 780 2934 haud
799 2905 867 2933 scite
884 2904 931 2932 Ri-

987 2764 1087 2802 galtius
1107 2763 1148 2798 gin
1174 2761 1403 2802 *ιταρακοντοὶκιον¹
1422 2762 1515 2802 mutat
1535 2757 1720 2802 :irdtO‘V‘Id‘eW—VV,
1732 2765 1774 2802 ην,

987 2794 1095 2831 ἅόντος
1108 2794 1117 2798 “
1131 2794 1287 2831 scripsisse,
1309 2795 1446 2824 recordari
1465 2794 1622 2831 debuerat:
1635 2794 1776 2831 _C:eterum

986 2834 1027 2865 τὸ,
1053 2828 1311 2867 πάρακονδακίζειν,
1329 2831 1437 2867 cunctis
1464 2828 1597 2867 in_chd.
1615 2829 1660 2856 hic
1677 2835 1775 2867 occur-

987 2863 1052 2897 rens
1083 2863 1110 2895 in
1137 2866 1385 2903 παρακοντακίζειν
1411 2864 1586 2894 emendatius
1612 2863 1774 2893 mutandum

988 2905 1106 2932 videtur.
