2021 3154
128 189 180 224 841

788 188 1126 220 CHRONOGRAPHIA.

1671 209 1676 212 -
1707 192 1762 223 842

123 244 268 272 ,πείθεσθε
274 242 488 278 μαρτιῳομέγφ
505 242 640 277 σήμερον
650 242 722 279 ὑμῖν
737 243 748 257 ⁸
764 244 817 270 τὸν
828 245 918 278 οὐρα-

977 244 1078 279 tignua.
1109 242 1233 270 Muamed
1255 243 1342 278 falsus
1363 248 1447 271 vester
1464 249 1535 272 uates
1559 250 1585 272 et
1609 245 1766 275 Antichristi

123 290 185 318 νὺν
202 289 255 316 καὶ
277 289 334 322 τὴν
352 287 422 324 γῆν,
433 287 488 322 τῆς
508 288 627 315 ἐκείνου
645 289 843 323 μυθολογίας.
866 290 924 316 Εὑ-

124 335 187 364 νοῶ
202 335 258 370 γὰρ
275 334 346 370 ὑμῖν
359 334 506 369 σήμερον,
520 334 571 361 ἵνα
581 333 623 368 μὴ
638 334 698 361 σὺν
714 334 819 368 ἐκείνῳ
832 335 924 361 κολα-

124 382 233 417 σθῆτε.
249 381 342 408 Ταῦτα
355 380 403 407 καὶ
419 380 488 408 ἄλλα
501 380 614 407 πλεῖστα
636 379 825 414 θεολογοὖντος
839 381 923 406 αὐτοῦ

124 428 295 459 ἀκούσαντες
307 427 406 462 Θάμὸει
417 435 447 453 τε
464 427 513 453 καὶ
523 426 606 462 μανίᾳ
618 426 805 461 συσχεθέντες,
821 434 925 461 μακρο-

126 474 228 510 Θυμεῖν
241 473 347 506 ἔδοξαν,
362 473 401 504 ὼς
413 474 445 499 ὲκ
458 472 508 507 τῆς
522 472 601 498 νόσου
618 472 848 508 παραφρονοῦντα
859 471 924 499 τοῦ-

125 529 173 547 τον
191 520 311 554 οἰόμενοι
323 527 329 533 ’
344 519 412 554 μετὰ
427 519 455 545 δὲ
481 519 512 545 τὸ
545 517 718 552 διαγενέσθαι
732 517 813 544 αὑτὸν
829 518 861 544 ἐκ
874 518 925 553 τῆς

127 567 208 593 νόσου
234 567 256 598 ⁸,
283 566 385 601 ἦρξατο
417 566 676 601 μεγαλοφωνότερον
707 565 718 581 ⁸
739 564 922 600 ἀνακράζειν·

132 612 282 647 Ἀνάθεμα
289 612 431 647 Μουαμὲδ
442 613 490 639 καὶ
500 612 537 646 τῇ
544 613 554 627 ⁷
562 612 751 647 μυθογραφιᾳ
759 611 863 640 αὺτοῦ,
873 611 923 638 καὶ

125 658 203 686 πᾶσι
218 658 281 691 τοῖς
302 659 503 685 ,πιστεύουσιν
513 657 601 692 αὐτῇ.
617 658 685 684 Τότε
706 659 756 693 τὴν
769 658 814 685 διὰ
828 658 924 692 ξίφους

125 705 264 740 τιμωρίαν
283 704 415 736 ὑποστὰς,
433 705 538 740 μάρτυς
552 704 705 740 ἀνεδείχθη.
721 704 824 731 Τοῦτον
834 705 924 738 ἐγκω-

128 752 201 787 μίοις
216 751 304 785 λόγων
317 750 467 786 τετίμηκεν
481 753 494 777 ὁ
509 752 583 782 iam;
603 751 699 786 Πατὴρ
716 750 795 786 ἡμῶν
828 750 924 777 Ἰωάν-

126 806 176 832 νης
199 798 213 824 ὁ
238 797 331 828 καλῶς
349 797 510 832 ἐπικληθεὶς
528 797 708 833 Χρυσορῤὁας
723 797 767 823 διὰ
777 796 826 831 τὴν
840 797 925 823 ἐπαν-

126 843 248 870 Θοῦσαν⁸
271 842 346 878 αὑτῷ
377 843 435 879 [τοῦ
461 843 621 878 Πνεύματος
639 842 694 878 (Si)
712 843 741 870 ἐν
754 851 783 869 τε
797 842 869 878 λόγῳ
878 843 924 869 καὶ

127 888 178 924 βίῳ
191 889 336 924 χρυσαυγῆ
361 889 441 924 χάριν
454 896 460 904 ·
476 888 505 914 ὃν
521 889 726 919 Κωνσταντῖνος
754 888 768 914 ὀ
790 887 924 922 δυσσείὴς

973 297 1122 324 ρναιειιηοι·
1155 289 1285 324 ejusmodi
1311 289 1424 316 exstitit.
1444 290 1622 323 Quamobrem
1650 293 1673 319 si
1703 295 1768 321 milii

975 344 1044 363 nunc
1069 329 1203 363 cteiumvet
1228 341 1328 363 terram
1352 345 1443 364 coram
1465 338 1536 365 vobis
1550 341 1694 367 obtestanti
1712 342 1767 368 ali-

974 386 1106 417 quatenus
1134 381 1213 416 fidem
1249 381 1391 416 adhibetis,
1419 382 1572 417 fabulosam
1598 389 1623 411 et
1654 386 1768 413 delirant

975 427 1032 462 ejus
1065 428 1214 455 doctrinam
1242 427 1356 462 ejurate.
1383 428 1441 456 Hoc
1475 431 1678 459 necessitudinis
1704 441 1769 468 erga

974 479 1019 499 vos
1034 480 1097 499 mete
1120 480 1238 506 presens
1267 477 1454 508 argumentum
1483 474 1633 502 benevolum
1652 476 1700 503 hoc
1721 476 1771 503 ad-

975 518 1072 546 mittite
1102 519 1266 552 consilium,
1294 527 1327 546 ne
1351 527 1442 554 parem
1473 528 1533 547 cum
1561 529 1591 548 eo
1621 523 1770 550 cruciatum

975 564 1140 591 sustinentis.
1166 563 1271 592 Arabes
1299 571 1395 592 sacros
1420 565 1488 593 istos
1510 570 1538 593 et
1558 574 1639 601 pares
1655 569 1724 596 alios
1737 569 1770 596 de

975 608 1081 637 Deitate
1106 610 1286 644 explicantem
1304 610 1458 643 audientes,
1479 615 1508 639 et
1531 620 1584 639 una
1602 613 1685 640 simul
1710 618 1770 642 stu-

975 663 1042 690 pore
1056 662 1083 683 et
1103 656 1210 684 insania
1227 658 1357 692 correpti,
1380 658 1468 685 virum
1486 658 1556 686 bene
1571 659 1660 687 valere
1675 660 1768 694 jusse-

977 705 1052 735 runt,
1081 706 1212 737 tanquam
1242 702 1270 729 in
1298 703 1399 731 mentis
1425 703 1554 731 delirium
1578 712 1641 732 eum
1662 705 1769 740 lapsum

975 747 1112 774 arbitrati.
1124 747 1150 775 Is
1165 748 1210 775 ubi
1226 748 1297 776 vires
1309 756 1344 776 ex
1371 748 1535 777 inﬁrmitate
1551 750 1663 786 recepit,
1680 751 1769 779 valida

977 801 1042 820 voce
1057 793 1164 828 publice
1179 793 1324 822 vociferari
1345 803 1352 822 :
1369 795 1517 823 Anatltema
1534 797 1660 825 Muamed
1681 803 1705 825 et
1726 799 1770 834 [a—

977 837 1076 865 bulosa:
1089 839 1147 873 ejus
1167 838 1296 867 doctrinas
1306 840 1522 876 credentibusque
1532 842 1559 869 in
1569 851 1627 869 eum
1637 844 1769 872 omnibus.

978 883 1119 919 Extemplo
1134 884 1215 920 gladii
1230 892 1318 920 pinna:
1343 887 1514 921 suppositus,
1529 893 1632 923 martyr
1646 889 1771 917 declara-

127 922 257 969 βασιλεὺς
283 922 384 970 emet-(,3
400 922 604 961 -καθυπέὃαλεν
633 934 786 970 ἀναθέματι
811 933 856 960 διὰ
875 935 924 969 τὴν

977 936 1032 957 tur.
1063 930 1130 958 Eum
1167 931 1324 959 orationum
1348 939 1460 959 suarum
1492 922 1627 962 encomiis
1656 940 1770 964 sanctus

126 980 352 1016 ὑπερϐάλλουσαν
363 982 392 1007 tv
411 980 489 1016 αὐτῷ
503 980 525 1017 θ]
544 980 710 1016 ὀροοδοξιαν,
731 981 778 1007 καὶ
801 981 862 1008 ἀντὶ
878 979 925 1007 τοῦ

129 1027 274 1054 παππικοῦ
290 1027 424 1062 ὀνόματος
441 1027 524 1053 αὐτοῦ
537 1028 680 1062 Μανσοὺρ,
694 1027 708 1053 ὃ
731 1027 925 1063 ἑρμηνεύεται,

126 1073 370 1107 λελυτρωμένος,
399 1072 547 1109 Μανζηρὺν
576 1073 633 1109 (85)
656 1073 795 1109 Ἰουδαῖκῷ
823 1074 925 1109 φρονή-

127 1126 195 1151 ματι
226 1119 416 1155 μετονομάσας
430 1118 476 1145 τὸν
488 1118 549 1145 νέον
568 1119 618 1154 τῆς
636 1118 801 1154 Ἐκκλησιας
815 1118 836 1134 ¹⁰
852 1117 925 1145 διδά-

128 1164 241 1191 σκαλον.

976 975 1057 1004 Pater
1070 981 1162 1004 noster
1174 976 1304 1010 Joannes,
1321 977 1356 1005 ob
1371 978 1474 1013 eloquii
1486 980 1695 1015 sanctitatisque
1709 982 1767 1009 vel-

978 1027 1007 1050 nt
1035 1029 1120 1050 aureo
1154 1022 1259 1057 fulgore
1286 1023 1438 1051 radiantem
1460 1025 1629 1060 spiritualem
1654 1027 1770 1062 gratiam

976 1068 1180 1104 Chrysorrhoas
1196 1074 1268 1097 recte
1277 1070 1497 1105 cognominatus,
1508 1072 1668 1100 celebravit.
1684 1071 1771 1101 Joan-

977 1123 1038 1143 nem
1053 1116 1135 1143 etiam
1163 1116 1246 1144 istum
1268 1116 1467 1146 Constantinus
1490 1118 1593 1153 impius
1621 1119 1772 1155 imperator

977 1160 1213 1190 exsecrationibus
1235 1163 1377 1191 annuatim
1397 1164 1537 1192 renovatis
1555 1165 1589 1193 ob
1605 1166 1771 1194 eminentem

126 1210 201 1237 illius
216 1210 242 1236 in
259 1217 331 1236 recta
347 1211 396 1237 fide
414 1210 568 1238 doctrinam
595 1210 734 1246 subjicere
759 1210 874 1242 solebat,
909 1214 936 1237 et
956 1207 1068 1236 Mansur
1096 1207 1163 1235 aviti
1191 1208 1324 1242 nominis,
1350 1209 1423 1244 quod
1454 1210 1581 1243 vertitur,
1606 1211 1768 1247 redemptus,

127 1258 199 1291 rice,
222 1259 378 1286 Manzerum
401 1267 502 1287 novum
530 1259 660 1287 Ecclesia:
678 1259 817 1287 doctorem
832 1266 913 1287 scnsu
934 1257 1013 1294 plane
1024 1255 1140 1284 Judaico
1157 1256 1305 1284 vocitabat.

164 1305 210 1339 Τῷ
226 1305 248 1331 δ’
262 1305 338 1340 αὐτῷ
351 1304 406 1332 ἔτει
422 1306 489 1341 μηνὶ
508 1306 589 1342 Μαΐῳ
605 1305 790 1342 Ἀρτάὸασδος
820 1306 866 1332 ἐπὶ
889 1305 923 1332 τὰ

130 1353 202 1388 μέρη
215 1350 262 1377 τοῦ
279 1351 402 1386 Ὀψικίου
417 1352 545 1385 ἐξελθὼν,
559 1352 610 1388 τὴν
632 1351 724 1379 Ἀσίαν
742 1352 926 1387 στρατολογή-

1013 1302 1144 1337 Ejusdem
1161 1303 1244 1330 etiam
1261 1303 1326 1331 anni
1349 1311 1442 1332 mense
1457 1304 1528 1332 Maio
1551 1305 1584 1332 ad
1603 1304 1706 1334 Obsicii
1728 1313 1773 1335 rc-

978 1349 1087 1385 gionem
1117 1347 1259 1384 profectus
1284 1349 1468 1383 Artabasdus,
1495 1351 1600 1384 Asiam.
1623 1352 1689 1381 dum
1715 1353 1770 1381 iter

129 1406 181 1429 σας
191 1397 246 1432 (86)
256 1397 418 1429 κατέλαϐεν.
426 1397 570 1434 ὲκπορθῶν
578 1398 675 1434 αὑτήν.
683 1399 889 1429 Κωνσταντῖνος
897 1398 924 1425 δὲ

977 1399 1081 1431 ageret,
1093 1395 1145 1423 sub
1159 1399 1322 1430 potestatem
1337 1396 1451 1432 redegit,
1465 1401 1492 1424 et
1503 1398 1672 1432 provinciam
1686 1398 1771 1433 depo-

129 1444 210 1470 τοῦτο
225 1443 331 1478 μαθὼν,
353 1444 480 1480 ἐκίνησεν
501 1444 562 1471 κατ’
579 1443 674 1472 αὑτοῦ.
699 1443 870 1471 Καταλαὸὼν
897 1443 924 1470 Ct

978 1440 1089 1475 putatus
1112 1443 1164 1468 est.
1181 1439 1220 1466 Eo
1238 1445 1381 1475 comperto
1402 1441 1600 1470 Constantinus
1625 1443 1719 1478 copias
1743 1444 1771 1471 in

130 1488 213 1515 αὑτὸν
231 1489 251 1504 ¹¹
270 1489 310 1520 εἰς
324 1488 442 1524 τὰμέρη
460 1489 510 1524 τῆς
536 1489 643 1524 Σάρδης
658 1490 714 1517 ἀπὸ
741 1489 788 1516 τοῦ
808 1488 924 1516 Κελὸια-

979 1492 1043 1513 eum
1058 1485 1164 1513 eduxit.
1185 1485 1237 1513 Ubi
1255 1485 1383 1514 Sardium
1408 1486 1500 1522 attigit
1525 1488 1594 1516 lines
1610 1495 1626 1515 a
1639 1488 1773 1516 Celbiano

130 1533 177 1560 vri-3
194 1534 378 1570 ἀνερχόμενον
391 1535 439 1562 καὶ
457 1534 604 1571 συμϐαλὼν
620 1537 641 1552 ¹¹
657 1535 716 1571 μετ’
732 1535 814 1563 αὐτοϋ
844 1535 924 1561 πόλε-

980 1531 1139 1559 redeuntem
1164 1531 1287 1566 odendit,
1311 1535 1339 1559 et
1358 1533 1486 1567 manibus
1504 1540 1565 1561 cum
1577 1541 1611 1562 eo
1624 1534 1772 1568 consertis,

132 1589 192 1615 μον,
208 1580 305 1616 τρέπει
317 1581 399 1608 αὑτὸν
433 1581 481 1609 καὶ
495 1569 670 1609 ἒκαταδιώκει
694 1582 775 1618 μέχρι
791 1582 924 1614 Κυζίκου.

978 1577 1007 1605 in
1032 1577 1125 1613 fugam
1148 1578 1239 1610 vertit,
1253 1581 1280 1605 et
1297 1577 1330 1605 ad
1344 1577 1474 1614 Cyzicum
1496 1587 1586 1615 usque
1605 1580 1773 1616 insequitur.

138 1626 168 1652 '0
186 1626 216 1653 δὲ
245 1626 295 1662 τὴν
321 1626 442 1659 Κύζικον
472 1627 645 1660 καταλαϐὼν,
669 1628 716 1655 καὶ
735 1628 775 1660 εἰς
797 1628 923 1663 δρόμωνα

977 1624 1024 1658 Ille
1049 1624 1178 1660 Cyzicum
1202 1624 1356 1660 ingressus,
1380 1624 1542 1654 dromonem
1569 1626 1686 1656 subinde
1706 1634 1775 1655 con-

135 1672 278 1705 εἰσελθὼν,
307 1672 470 1705 διασώζεται
487 1674 516 1700 tv
530 1675 563 1709 τῇ
577 1674 663 1701 πόλει.
677 1674 752 1709 Μηνὶ⁸
768 1674 796 1700 δὲ
820 1674 925 1708 Αὐγού-

132 1726 188 1753 στῳ
199 1719 249 1754 τῇς
258 1719 343 1754 αὐτῆς
359 1718 392 1746 ια’
410 1719 576 1751 ἰνδικτιῶνος
588 1720 712 1756 Νικήτας
725 1721 740 1747 6
757 1720 924 1756 μονοπράτ-

132 1773 200 1800 ηγος
215 1765 272 1796 υἱὸς
293 1765 479 1801 ’Δρταϐάσδᾱυ
504 1766 653 1802 συμϐαλὼν
671 1766 872 1802 Κωνσταντίνῳ
884 1767 925 1798 εις

132 1811 251 1846 πόλεμον
266 1811 334 1846 πρὸς
346 1812 379 1846 τῇ
394 1812 515 1848 Μοδρινῇ
541 1813 636 1848 φεύγει
662 1813 788 1848 τραπεὶς,
816 1813 862 1839 καὶ
880 1812 926 1840 τὸν

135 1857 184 1891 μὲν
200 1857 346 1893 πατρίκιον
355 1859 511 1895 Τηριδάτην
526 1859 572 1886 τὸν
589 1859 732 1895 Ἀρμένιον
756 1859 778 1876 ⁸³
796 1858 927 1895 στρατιώ-

134 1910 184 1936 την
196 1904 323 1937 γενναῖον
339 1903 499 1939 ὑπάρχοντα
514 1903 562 1931 καὶ
577 1903 722 1939 ἐξάδελφον
743 1903 925 1940 ’Δρταδάσδου

134 1949 182 1975 σὺν
194 1949 287 1981 ἄλλοις
300 1949 456 1982 ἐπιλέκτοις
480 1951 612 1986 ἄρχουσιν
635 1950 740 1978 ἀνεῖλεν
755 1951 788 1978 ’⁸.
814 1950 926 1978 Ἐκατέ-

135 2003 189 2028 ρων
203 1994 232 2021 δὲ
250 1995 272 2011 ¹⁸
287 1995 341 2022 τῶν
356 1995 447 2031 μερῶν
464 1995 568 2028 πτῶσις
581 1996 611 2023 οὗ
625 1997 712 2032 μικρὰ
731 1996 845 2031 γέγονεν
864 1996 926 2032 ’Δρ-

135 2040 236 2074 μενίων
263 2049 293 2067 τε
326 2042 373 2068 καὶ
408 2041 596 2077 Ἀρμενιακῶν
629 2041 832 2077 μαχησαμένων
858 2041 928 2077 πρὸς

134 2086 312 2118 ἀνατολικοὺς
328 2087 375 2113 καὶ
392 2087 570 2124 Θρᾳχησίους
590 2088 655 2119 τοὺς
681 2088 856 2124 ὑπερμάχους
878 2088 925 2116 τοῦ

134 2132 352 2160 Κωνσταντινου,
375 2133 405 2160 '0
422 2133 449 2160 δὲ
479 2134 634 2169 ἀρχέκακος
659 2133 783 2165 διάϐολος
796 2133 926 2169 τοιαύτην

134 2177 206 2204 κατά
222 2178 277 2204 τῶν
295 2179 469 2214 Χριστιανῶν
495 2180 609 2215 ἧγειρεν
636 2179 735 2215 μανίαν
764 2180 836 2206 κατὰ.
863 2180 926 2212 τοὺς

134 2224 247 2259 χρόνους
262 2225 374 2257 τούτους
392 2226 438 2252 καὶ
458 2226 679 2262 ἀλληλοσφαγιας
693 2227 725 2259 ¹⁸,
743 2226 814 2253 ὥστε
842 2226 926 2253 τέκνα

976 1671 1083 1698 scendit
1095 1676 1122 1698 et
1133 1670 1159 1698 in
1171 1670 1267 1698 urbem
1280 1670 1388 1698 salvum
1407 1678 1438 1700 se
1453 1672 1560 1707 recipit.
1576 1671 1670 1700 Mense
1681 1679 1774 1701 autem

975 1715 1100 1752 Augusto
1118 1717 1244 1753 ejusdem
1273 1717 1427 1745 undecimae
1450 1717 1611 1746 indictionis
1627 1718 1773 1746 Avtabasdi

979 1762 1053 1790 ﬁlius
1070 1769 1215 1795 supremus
1230 1762 1374 1797 copiarum
1391 1761 1451 1797 ejus
1465 1762 1563 1790 ductor
1577 1763 1612 1790 ad
1628 1763 1773 1791 Modrinen

978 1815 1040 1836 cum
1057 1807 1239 1836 Constantino
1259 1807 1332 1836 bello
1357 1815 1525 1843 congressus
1547 1808 1639 1844 fugam
1663 1810 1773 1845 arripit,

978 1855 1114 1884 Tiridates
1151 1854 1285 1890 patricius
1320 1855 1469 1883 Armenius
1500 1855 1580 1883 miles
1608 1863 1772 1891 generosus,

977 1901 1121 1929 Artabasdi
1138 1901 1334 1934 consobrinus,
1349 1908 1412 1929 cum
1429 1900 1540 1929 selectis
1563 1902 1626 1929 aliis
1649 1904 1774 1937 proceri-

979 1948 1030 1976 bus
1044 1948 1127 1982 cadit,
1141 1948 1335 1975 Armeniorum
1356 1952 1384 1976 et
1398 1948 1623 1976 Armeniacorum
1639 1949 1774 1977 adversus

977 1994 1125 2022 orientales
1137 1998 1166 2021 et
1180 1993 1350 2022 Thracenses
1373 1993 1547 2022 Constantini
1562 1994 1609 2029 jus
1624 1995 1773 2023 defenden-

979 2045 1020 2069 tes
1044 2040 1259 2076 depugnandum
1288 2040 1377 2068 caedes
1404 2040 1544 2076 utrimque
1564 2041 1637 2068 haud
1660 2041 1774 2069 minima

978 2089 1060 2116 facta.
1087 2088 1258 2116 Calamitatis
1284 2087 1376 2115 omnis
1403 2091 1503 2115 auctor
1532 2087 1662 2114 diabolus
1691 2087 1774 2115 talem

978 2133 1050 2161 inter
1078 2133 1250 2161 Christianos
1274 2132 1504 2160 demenlationem
1531 2137 1559 2160 et
1592 2133 1681 2160 caedes
1704 2133 1775 2160 reci.

978 2186 1076 2214 procas
1089 2179 1141 2207 sub
1157 2180 1214 2207 haec
1229 2183 1352 2214 tempora
1379 2179 1520 2211 excitavit,
1538 2183 1568 2206 ut.
1581 2179 1628 2206 ﬁlii
1643 2180 1775 2208 adversus

978 2231 1106 2260 parentes
1127 2230 1154 2253 et
1170 2225 1251 2262 351
1273 2225 1375 2254 lratres
1399 2226 1428 2254 in
1454 2225 1554 2253 fratres
1579 2233 1674 2253 necem
1699 2225 1775 2253 nullo

134 2269 206 2296 κατά
221 2271 324 2303 γονέων
341 2272 388 2298 καὶ
398 2272 530 2307 ἀδελφοὺς
541 2272 615 2299 κατὰ
632 2272 756 2307 ἀδελφῶν
788 2272 924 2306 συγκινεῖ-

981 2273 1126 2308 sanguinis
1154 2278 1202 2300 aut
1232 2272 1410 2308 indulgentiae
1440 2272 1602 2300 discrimine
1625 2273 1773 2304 irruerent,

135 2315 196 2342 σθαι
204 2316 325 2351 ἀφειδῶς
335 2318 375 2349 εἰς
385 2318 504 2354 σφαγὴν,
516 2319 563 2345 καὶ
570 2318 692 2353 ἀνηλεῶς
701 2317 867 2354 ὲμπυρίζειν
876 2318 926 2350 τὰς

133 2362 259 2398 ἀλλήλοις
276 2364 454 2400 ὑπαρχούσας
469 2365 580 2396 στάσεις
599 2365 656 2401 (87)
670 2373 700 2392 τε
717 2365 737 2381 ¹⁷
761 2365 807 2391 καὶ
823 2364 924 2395 οἰκίας.

981 2326 1101 2354 suasque
1118 2319 1234 2346 invicem
1251 2319 1374 2353 ipsorum
1396 2318 1495 2345 domus
1521 2323 1602 2353 atque
1630 2317 1774 2347 facultates

982 2365 1051 2393 citra
1065 2364 1132 2392 illati
1152 2363 1244 2392 damni
1260 2371 1372 2391 sensum
1392 2363 1509 2391 ﬂammis
1523 2364 1679 2398 perderent.

786 2420 905 2448 VARIIE
926 2419 1129 2448 LECTIONES.

182 2482 278 2518 δσήμ.
308 2483 372 2518 ὑμῖν
397 2482 430 2514 Α,
450 2482 498 2518 ὑμ.
536 2483 603 2517 σήμ.
636 2481 709 2517 vulg.

134 2518 209 2554 vnlg.
263 2519 272 2533 ⁷
291 2520 338 2544 καὶ
351 2519 385 2553 τῇ
398 2519 430 2550 A,
447 2518 479 2545 ὲκ
492 2519 524 2553 τῇ
540 2519 613 2553 vulg.

134 2553 157 2568 ¹⁰
173 2553 322 2588 tamen;
338 2554 371 2587 Α,
389 2554 496 2588 ἡλικίας
531 2554 603 2582 νιιιρι.

133 2589 155 2603 “
170 2589 278 2616 ἀνεῖλεν
295 2590 327 2622 Α,
340 2590 444 2616 ἀνεῖλον
461 2589 532 2622 vulg.

761 2482 771 2497 ³
804 2480 1082 2516 παραφρονοῦντα-
1110 2481 1189 2508 νόσου
1222 2489 1278 2507 om.
1312 2480 1345 2509 A.

664 2518 674 2533 ⁸
685 2515 879 2553 ήὲπανθοῦσαν]
895 2515 978 2553 οὖσαν

645 2553 665 2568 “
678 2552 760 2580 αὑτὸν
778 2551 841 2579 add.
860 2551 894 2579 ex
913 2551 945 2578 Α.
986 2552 1006 2567 ¹²
1020 2552 1066 2578 καὶ
1079 2552 1161 2586 συμϐ.
1181 2552 1213 2583 Α,
1230 2552 1315 2587 συμὸ.
1335 2552 1409 2587 vulg.

572 2589 592 2604 ¹⁵
609 2588 637 2615 δὲ
648 2588 709 2615 add.
719 2596 752 2615 ex
764 2588 796 2614 Α.
836 2587 858 2602 ’⁸
875 2586 1077 2622 ἀλληλοφαγίας
1094 2595 1118 2614 a.
1160 2587 1182 2602 ¹⁷
1199 2596 1228 2613 τε
1244 2589 1306 2615 add.
1322 2594 1355 2615 ex
1372 2586 1404 2614 Α.

1402 2481 1413 2497 ⁶
1430 2481 1564 2518 μεγαλοφ.
1591 2481 1639 2518 ΑἈ
1668 2490 1772 2518 μεγαφ.

1081 2517 1090 2532 ³
1102 2516 1149 2543 τοῦ
1167 2516 1320 2551 πνεύματος
1337 2531 1373 2537 ——
1389 2517 1489 2550 ὑπερσ.
1514 2518 1543 2543 tv
1568 2516 1644 2552 αὐτῷ
1663 2525 1717 2545 om.
1738 2516 1772 2545 Ᾱ.

1081 2552 1165 2588 avsth
1177 2552 1213 2588 VA,
1230 2552 1315 2587 συμὸ.
1335 2552 1409 2587 vulg.
1448 2552 1470 2568 "
1486 2552 1540 2579 τῶν
1558 2551 1710 2588 ’Δρμενιων
1739 2555 1771 2581 Α.

786 2644 858 2672 JAC.
874 2643 980 2672 GOARI
996 2643 1113 2673 ΝΟΤᾹΣ.

168 2704 225 2738 (84)
244 2703 306 2730 Haec
320 2704 399 2731 umis
415 2704 533 2736 inclusa,
547 2711 580 2730 ex
601 2703 682 2730 codd.
703 2703 765 2730 aliis
779 2703 925 2738 desumpta

131 2740 236 2767 desunt
253 2748 279 2765 in
296 2738 393 2772 Regio.

166 2775 225 2810 (85)
239 2773 376 2809 Spurium.
394 2773 457 2801 Non
475 2774 635 2810 ingredietur
661 2773 780 2810 Μανιος,
802 2773 853 2800 hoc
884 2776 928 2800 est

130 2808 274 2837 desciit-to
292 2815 381 2841 natus,
404 2810 432 2836 in
445 2808 584 2836 ecclesiam
609 2809 727 2836 Domini.
759 2808 837 2836 Deut.
862 2815 925 2842 cap.

130 2853 212 2877 nui,
231 2853 257 2871 v.
278 2846 305 2871 2.

167 2880 227 2915 (86)
243 2880 361 2907 Militum
375 2879 479 2907 delectu
499 2880 600 2907 habito.
633 2879 679 2906 Sic
701 2884 728 2907 et
750 2879 859 2911 Anast.,
874 2885 925 2906 nec

132 2916 285 2952 quidquam
299 2915 333 2942 ad
352 2924 420 2947 rem,
436 2917 500 2942 dum
513 2917 564 2943 iter
583 2920 690 2950 ageret;
709 2923 753 2944 res
772 2919 848 2942 tanta
870 2921 925 2941 non

297 2963 436 2995 PATROL.
452 2965 512 2996 Gn.
529 2963 638 2995 CVIII.

979 2702 1180 2730 defunctoriam
1209 2709 1333 2737 operam.
1362 2702 1409 2730 scd
1440 2706 1511 2729 totos
1530 2701 1638 2737 tyranni
1657 2707 1774 2730 conatus

979 2739 1117 2772 exigebat.
1134 2737 1162 2765 S.
1179 2737 1294 2772 Niceph.
1313 2745 1320 2764 :
1343 2737 1548 2771 Ἑπιστρατεύει
1563 2737 1633 2764 κατὰ
1648 2737 1697 2772 τῆς
1720 2737 1774 2765 τῶν

985 2773 1118 2799 Ἀσιανῶν
1133 2772 1235 2806 χώρας,
1254 2772 1302 2799 καὶ
1321 2773 1354 2799 τὰ
1378 2772 1485 2807 εκείνης
1499 2772 1588 2807 χωρία
1613 2772 1774 2807 ὲλιξμαίνετο

979 2808 1097 2845 πικρῶς.
1112 2807 1157 2834 Sic
1172 2809 1245 2845 enim
1258 2808 1365 2845 etnend:
1380 2815 1439 2845 non
1452 2806 1774 2845 ἐπήμαινετοτδαειςεεια

979 2845 1006 2870 in
1023 2841 1096 2869 Asia:
1122 2843 1252 2877 regionem
1272 2842 1445 2875 expeditione,
1463 2841 1679 2877 populationibus
1705 2841 1774 2877 in]:—

979 2884 1049 2906 stam
1067 2877 1204 2905 reddebat.
1223 2877 1370 2905 Constans.

1016 2913 1072 2950 (87)
1093 2913 1267 2946 Anastasius,
1278 2914 1418 2941 stationes.
1434 2912 1543 2941 Clarius
1562 2913 1675 2948 pradia.
1688 2912 1775 2941 Porro

1555 2960 1589 2993 27
