  <div class='ocr_page' id='page_1' title='image "/cluster/home/n/w/nwhite01/storage/ocr_20150623/108/njp.32101077772919/515.png"; bbox 0 0 2011 3155; ppageno 0'>
   <div class='ocr_carea' id='block_1_1' title="bbox 227 175 290 215">
    <p class='ocr_par' dir='ltr' id='par_1_1' title="bbox 227 175 290 215">
     <span class='ocr_line' id='line_1_1' title="bbox 227 175 290 215; baseline 0 -1"><span class='ocrx_word' id='word_1_1' title='bbox 227 175 290 215; x_wconf 79' lang='lat'><strong>“951</strong></span> 
     </span>
    </p>
   </div>
   <div class='ocr_carea' id='block_1_2' title="bbox 912 176 1156 206">
    <p class='ocr_par' dir='ltr' id='par_1_2' title="bbox 912 176 1156 206">
     <span class='ocr_line' id='line_1_2' title="bbox 912 176 1156 206; baseline -0.004 0"><span class='ocrx_word' id='word_1_2' title='bbox 912 178 945 206; x_wconf 74' lang='grc' dir='ltr'>Τί</span> <span class='ocrx_word' id='word_1_3' title='bbox 950 176 1115 206; x_wconf 74' lang='grc' dir='ltr'><strong>ῘΕΟΡΗΑΝ</strong></span> <span class='ocrx_word' id='word_1_4' title='bbox 1120 176 1156 205; x_wconf 85' lang='lat' dir='ltr'><strong>IS</strong></span> 
     </span>
    </p>
   </div>
   <div class='ocr_carea' id='block_1_3' title="bbox 1825 173 1880 206">
    <p class='ocr_par' dir='ltr' id='par_1_3' title="bbox 1825 173 1880 206">
     <span class='ocr_line' id='line_1_3' title="bbox 1825 173 1880 206; baseline -0.036 0"><span class='ocrx_word' id='word_1_5' title='bbox 1825 173 1880 206; x_wconf 76' lang='grc'><strong>952</strong></span> 
     </span>
    </p>
   </div>
   <div class='ocr_carea' id='block_1_4' title="bbox 238 233 1039 274">
    <p class='ocr_par' dir='ltr' id='par_1_4' title="bbox 238 235 1035 274">
     <span class='ocr_line' id='line_1_4' title="bbox 238 235 1035 274; baseline -0.006 -7"><span class='ocrx_word' id='word_1_6' title='bbox 238 239 336 274; x_wconf 87' lang='lat' dir='ltr'><strong>quinto</strong></span> <span class='ocrx_word' id='word_1_7' title='bbox 361 239 388 265; x_wconf 93' lang='lat' dir='ltr'><strong>in</strong></span> <span class='ocrx_word' id='word_1_8' title='bbox 402 237 496 264; x_wconf 81' lang='lat' dir='ltr'><strong>urbem</strong></span> <span class='ocrx_word' id='word_1_9' title='bbox 525 242 634 264; x_wconf 90' lang='lat' dir='ltr'><strong>summo</strong></span> <span class='ocrx_word' id='word_1_10' title='bbox 652 242 733 262; x_wconf 86' lang='lat' dir='ltr'><strong>mane</strong></span> <span class='ocrx_word' id='word_1_11' title='bbox 753 235 911 268; x_wconf 86' lang='lat' dir='ltr'><strong>deductum,</strong></span> <span class='ocrx_word' id='word_1_12' title='bbox 929 236 955 262; x_wconf 91' lang='lat' dir='ltr'><strong>in</strong></span> <span class='ocrx_word' id='word_1_13' title='bbox 970 242 1035 270; x_wconf 89' lang='lat' dir='ltr'><strong>por-</strong></span> 
     </span>
    </p>
   </div>
   <div class='ocr_carea' id='block_1_5' title="bbox 1095 233 1882 274">
    <p class='ocr_par' dir='ltr' id='par_1_5' title="bbox 1095 233 1882 270">
     <span class='ocr_line' id='line_1_5' title="bbox 1095 233 1882 270; baseline -0.001 -9"><span class='ocrx_word' id='word_1_14' title='bbox 1095 234 1186 270; x_wconf 71' lang='grc' dir='ltr'><strong>τνώμῃ</strong></span> <span class='ocrx_word' id='word_1_15' title='bbox 1199 234 1248 269; x_wconf 78' lang='grc' dir='ltr'>τῆς</span> <span class='ocrx_word' id='word_1_16' title='bbox 1266 233 1369 270; x_wconf 79' lang='grc' dir='ltr'>μητρὸς</span> <span class='ocrx_word' id='word_1_17' title='bbox 1385 235 1467 262; x_wconf 71' lang='grc' dir='ltr'>αὑτοῦ</span> <span class='ocrx_word' id='word_1_18' title='bbox 1482 236 1529 262; x_wconf 73' lang='grc' dir='ltr'>καὶ</span> <span class='ocrx_word' id='word_1_19' title='bbox 1544 235 1599 262; x_wconf 84' lang='grc' dir='ltr'><strong>τῶν</strong></span> <span class='ocrx_word' id='word_1_20' title='bbox 1611 234 1770 270; x_wconf 76' lang='grc' dir='ltr'>συμϐούλων</span> <span class='ocrx_word' id='word_1_21' title='bbox 1783 233 1882 268; x_wconf 79' lang='grc' dir='ltr'>αὐτῆς.</span> 
     </span>
    </p>
   </div>
   <div class='ocr_carea' id='block_1_6' title="bbox 229 281 1032 321">
    <p class='ocr_par' dir='ltr' id='par_1_6' title="bbox 229 281 1032 321">
     <span class='ocr_line' id='line_1_6' title="bbox 229 281 1032 321; baseline -0.001 -12"><span class='ocrx_word' id='word_1_22' title='bbox 229 287 336 321; x_wconf 77' lang='lat' dir='ltr'><strong>.pliyra,</strong></span> <span class='ocrx_word' id='word_1_23' title='bbox 357 291 410 319; x_wconf 86' lang='lat' dir='ltr'><strong>qua</strong></span> <span class='ocrx_word' id='word_1_24' title='bbox 439 283 559 318; x_wconf 88' lang='lat' dir='ltr'><strong>primum</strong></span> <span class='ocrx_word' id='word_1_25' title='bbox 584 281 612 308; x_wconf 90' lang='lat' dir='ltr'><strong>in</strong></span> <span class='ocrx_word' id='word_1_26' title='bbox 638 281 726 308; x_wconf 87' lang='lat' dir='ltr'><strong>lucem</strong></span> <span class='ocrx_word' id='word_1_27' title='bbox 748 281 858 316; x_wconf 85' lang='lat' dir='ltr'><strong>prodiit,</strong></span> <span class='ocrx_word' id='word_1_28' title='bbox 878 281 1032 314; x_wconf 89' lang='lat' dir='ltr'><strong>includunt,</strong></span> 
     </span>
    </p>
   </div>
   <div class='ocr_carea' id='block_1_7' title="bbox 238 327 1034 364">
    <p class='ocr_par' dir='ltr' id='par_1_7' title="bbox 238 327 1034 364">
     <span class='ocr_line' id='line_1_7' title="bbox 238 327 1034 364; baseline -0.004 -8"><span class='ocrx_word' id='word_1_29' title='bbox 238 337 266 358; x_wconf 78' lang='lat' dir='ltr'><strong>ct</strong></span> <span class='ocrx_word' id='word_1_30' title='bbox 291 332 365 357; x_wconf 73' lang='lat' dir='ltr'><strong>circa</strong></span> <span class='ocrx_word' id='word_1_31' title='bbox 394 329 477 364; x_wconf 81' lang='lat'><strong>399</strong></span> <span class='ocrx_word' id='word_1_32' title='bbox 501 329 596 356; x_wconf 86' lang='lat' dir='ltr'><strong>horam</strong></span> <span class='ocrx_word' id='word_1_33' title='bbox 628 335 730 354; x_wconf 87' lang='lat' dir='ltr'><strong>nonam</strong></span> <span class='ocrx_word' id='word_1_34' title='bbox 760 332 834 354; x_wconf 87' lang='lat' dir='ltr'><strong>tanta</strong></span> <span class='ocrx_word' id='word_1_35' title='bbox 861 327 1034 354; x_wconf 83' lang='lat' dir='ltr'><strong>immanitate</strong></span> 
     </span>
    </p>
   </div>
   <div class='ocr_carea' id='block_1_8' title="bbox 238 373 1032 404">
    <p class='ocr_par' dir='ltr' id='par_1_8' title="bbox 238 373 1032 404">
     <span class='ocr_line' id='line_1_8' title="bbox 238 373 1032 404; baseline -0.005 -1"><span class='ocrx_word' id='word_1_36' title='bbox 238 377 275 404; x_wconf 84' lang='lat' dir='ltr'><strong>illi</strong></span> <span class='ocrx_word' id='word_1_37' title='bbox 302 376 397 403; x_wconf 81' lang='lat' dir='ltr'><strong>Oculos</strong></span> <span class='ocrx_word' id='word_1_38' title='bbox 423 373 572 403; x_wconf 85' lang='lat' dir='ltr'><strong>confodere</strong></span> <span class='ocrx_word' id='word_1_39' title='bbox 593 381 627 401; x_wconf 77' lang='lat' dir='ltr'><strong>ex</strong></span> <span class='ocrx_word' id='word_1_40' title='bbox 652 373 747 400; x_wconf 88' lang='lat' dir='ltr'><strong>matris</strong></span> <span class='ocrx_word' id='word_1_41' title='bbox 760 378 787 400; x_wconf 88' lang='lat' dir='ltr'><strong>ct</strong></span> <span class='ocrx_word' id='word_1_42' title='bbox 813 373 1032 400; x_wconf 86' lang='lat' dir='ltr'><strong>consiliariorum</strong></span> 
     </span>
    </p>
   </div>
   <div class='ocr_carea' id='block_1_9' title="bbox 238 417 1035 456">
    <p class='ocr_par' dir='ltr' id='par_1_9' title="bbox 238 417 1035 456">
     <span class='ocr_line' id='line_1_9' title="bbox 238 417 1035 456; baseline -0.006 -8"><span class='ocrx_word' id='word_1_43' title='bbox 238 420 298 456; x_wconf 79' lang='lat' dir='ltr'><strong>ejus</strong></span> <span class='ocrx_word' id='word_1_44' title='bbox 313 421 462 451; x_wconf 70' lang='lat' dir='ltr'><strong>sententia,</strong></span> <span class='ocrx_word' id='word_1_45' title='bbox 485 423 515 446; x_wconf 92' lang='lat' dir='ltr'><strong>ut</strong></span> <span class='ocrx_word' id='word_1_46' title='bbox 530 426 597 453; x_wconf 86' lang='lat' dir='ltr'><strong>pene</strong></span> <span class='ocrx_word' id='word_1_47' title='bbox 617 423 731 445; x_wconf 85' lang='lat' dir='ltr'><strong>mortem</strong></span> <span class='ocrx_word' id='word_1_48' title='bbox 747 418 889 444; x_wconf 84' lang='lat' dir='ltr'><strong>inferrent.</strong></span> <span class='ocrx_word' id='word_1_49' title='bbox 906 417 951 444; x_wconf 92' lang='lat' dir='ltr'><strong>Sol</strong></span> <span class='ocrx_word' id='word_1_50' title='bbox 969 423 1035 444; x_wconf 87' lang='lat' dir='ltr'><strong>tunc</strong></span> 
     </span>
    </p>
   </div>
   <div class='ocr_carea' id='block_1_10' title="bbox 239 463 1034 502">
    <p class='ocr_par' dir='ltr' id='par_1_10' title="bbox 239 463 1034 502">
     <span class='ocr_line' id='line_1_10' title="bbox 239 463 1034 502; baseline -0.004 -8"><span class='ocrx_word' id='word_1_51' title='bbox 239 475 286 502; x_wconf 89' lang='lat' dir='ltr'><strong>per</strong></span> <span class='ocrx_word' id='word_1_52' title='bbox 301 466 359 494; x_wconf 87' lang='lat' dir='ltr'><strong>dics</strong></span> <span class='ocrx_word' id='word_1_53' title='bbox 377 465 570 501; x_wconf 80' lang='lat' dir='ltr'><strong>septemdecim</strong></span> <span class='ocrx_word' id='word_1_54' title='bbox 596 465 669 492; x_wconf 81' lang='lat' dir='ltr'><strong>nulla</strong></span> <span class='ocrx_word' id='word_1_55' title='bbox 694 464 833 491; x_wconf 89' lang='lat' dir='ltr'><strong>radiorum</strong></span> <span class='ocrx_word' id='word_1_56' title='bbox 856 465 958 492; x_wconf 84' lang='lat' dir='ltr'><strong>emissa</strong></span> <span class='ocrx_word' id='word_1_57' title='bbox 975 463 1034 491; x_wconf 92' lang='lat' dir='ltr'><strong>luce</strong></span> 
     </span>
    </p>
   </div>
   <div class='ocr_carea' id='block_1_11' title="bbox 239 509 1031 544">
    <p class='ocr_par' dir='ltr' id='par_1_11' title="bbox 239 509 1031 544">
     <span class='ocr_line' id='line_1_11' title="bbox 239 509 1031 544; baseline -0.005 -4"><span class='ocrx_word' id='word_1_58' title='bbox 239 514 276 541; x_wconf 84' lang='lat' dir='ltr'><strong>ita</strong></span> <span class='ocrx_word' id='word_1_59' title='bbox 297 513 464 541; x_wconf 87' lang='lat' dir='ltr'><strong>obscuratus</strong></span> <span class='ocrx_word' id='word_1_60' title='bbox 488 516 539 544; x_wconf 83' lang='lat' dir='ltr'><strong>est,</strong></span> <span class='ocrx_word' id='word_1_61' title='bbox 566 515 595 537; x_wconf 92' lang='lat' dir='ltr'><strong>ut</strong></span> <span class='ocrx_word' id='word_1_62' title='bbox 619 510 737 537; x_wconf 87' lang='lat' dir='ltr'><strong>errantia</strong></span> <span class='ocrx_word' id='word_1_63' title='bbox 761 517 808 544; x_wconf 88' lang='lat' dir='ltr'><strong>per</strong></span> <span class='ocrx_word' id='word_1_64' title='bbox 831 517 907 536; x_wconf 87' lang='lat' dir='ltr'><strong>mare</strong></span> <span class='ocrx_word' id='word_1_65' title='bbox 924 509 1031 544; x_wconf 73' lang='lat' dir='ltr'><strong>navigia</strong></span> 
     </span>
    </p>
   </div>
   <div class='ocr_carea' id='block_1_12' title="bbox 1094 279 1882 317">
    <p class='ocr_par' dir='ltr' id='par_1_12' title="bbox 1094 279 1882 317">
     <span class='ocr_line' id='line_1_12' title="bbox 1094 279 1882 317; baseline -0.003 -10"><span class='ocrx_word' id='word_1_66' title='bbox 1094 280 1257 316; x_wconf 83' lang='grc' dir='ltr'>Ἐσκοτίσθη</span> <span class='ocrx_word' id='word_1_67' title='bbox 1275 281 1303 308; x_wconf 87' lang='grc' dir='ltr'><strong>δὲ</strong></span> <span class='ocrx_word' id='word_1_68' title='bbox 1317 282 1332 308; x_wconf 83' lang='grc' dir='ltr'><strong>ὁ</strong></span> <span class='ocrx_word' id='word_1_69' title='bbox 1345 281 1422 316; x_wconf 75' lang='grc' dir='ltr'>ἥλιος</span> <span class='ocrx_word' id='word_1_70' title='bbox 1435 281 1482 308; x_wconf 73' lang='grc' dir='ltr'><strong>ἐπὶ</strong></span> <span class='ocrx_word' id='word_1_71' title='bbox 1495 282 1605 317; x_wconf 78' lang='grc' dir='ltr'>ἡμέρας</span> <span class='ocrx_word' id='word_1_72' title='bbox 1621 281 1653 312; x_wconf 78' lang='grc' dir='ltr'><strong>ιζ’</strong></span> <span class='ocrx_word' id='word_1_73' title='bbox 1671 281 1718 308; x_wconf 73' lang='grc' dir='ltr'>καὶ</span> <span class='ocrx_word' id='word_1_74' title='bbox 1732 281 1783 307; x_wconf 85' lang='grc' dir='ltr'>οὐκ</span> <span class='ocrx_word' id='word_1_75' title='bbox 1797 279 1882 306; x_wconf 76' lang='grc' dir='ltr'>ἔδωκε</span> 
     </span>
    </p>
   </div>
   <div class='ocr_carea' id='block_1_13' title="bbox 1085 325 1884 360">
    <p class='ocr_par' dir='ltr' id='par_1_13' title="bbox 1085 325 1884 360">
     <span class='ocr_line' id='line_1_13' title="bbox 1085 325 1884 360; baseline -0.004 -6"><span class='ocrx_word' id='word_1_76' title='bbox 1085 327 1136 360; x_wconf 81' lang='grc' dir='ltr'><strong>τὰς</strong></span> <span class='ocrx_word' id='word_1_77' title='bbox 1153 327 1266 359; x_wconf 80' lang='grc' dir='ltr'>ἀκτῖνας</span> <span class='ocrx_word' id='word_1_78' title='bbox 1281 327 1378 360; x_wconf 69' lang='grc' dir='ltr'>αὒτοῦ,</span> <span class='ocrx_word' id='word_1_79' title='bbox 1401 327 1472 354; x_wconf 82' lang='grc' dir='ltr'>ὥστε</span> <span class='ocrx_word' id='word_1_80' title='bbox 1499 327 1653 355; x_wconf 77' lang='grc' dir='ltr'>πλανᾶσθαι</span> <span class='ocrx_word' id='word_1_81' title='bbox 1673 327 1707 354; x_wconf 75' lang='grc' dir='ltr'><strong>τὰ</strong></span> <span class='ocrx_word' id='word_1_82' title='bbox 1727 325 1809 353; x_wconf 82' lang='grc' dir='ltr'>πλοῖα</span> <span class='ocrx_word' id='word_1_83' title='bbox 1835 327 1884 352; x_wconf 80' lang='grc' dir='ltr'>καὶ</span> 
     </span>
    </p>
   </div>
   <div class='ocr_carea' id='block_1_14' title="bbox 1086 371 1885 408">
    <p class='ocr_par' dir='ltr' id='par_1_14' title="bbox 1086 371 1885 408">
     <span class='ocr_line' id='line_1_14' title="bbox 1086 371 1885 408; baseline -0.003 -9"><span class='ocrx_word' id='word_1_84' title='bbox 1086 371 1232 408; x_wconf 80' lang='grc' dir='ltr'>φέρεσθαι,</span> <span class='ocrx_word' id='word_1_85' title='bbox 1250 372 1298 399; x_wconf 75' lang='grc' dir='ltr'>καὶ</span> <span class='ocrx_word' id='word_1_86' title='bbox 1311 371 1417 404; x_wconf 79' lang='grc' dir='ltr'>πάντας</span> <span class='ocrx_word' id='word_1_87' title='bbox 1431 372 1522 407; x_wconf 82' lang='grc' dir='ltr'>λέγειν</span> <span class='ocrx_word' id='word_1_88' title='bbox 1542 373 1590 401; x_wconf 75' lang='grc' dir='ltr'>καὶ</span> <span class='ocrx_word' id='word_1_89' title='bbox 1610 372 1762 408; x_wconf 72' lang='grc' dir='ltr'><strong>ὁμολογεῖν.</strong></span> <span class='ocrx_word' id='word_1_90' title='bbox 1782 372 1825 398; x_wconf 85' lang='grc' dir='ltr'>ὃτι</span> <span class='ocrx_word' id='word_1_91' title='bbox 1840 371 1885 397; x_wconf 69' lang='grc' dir='ltr'><strong>διὰ</strong></span> 
     </span>
    </p>
   </div>
   <div class='ocr_carea' id='block_1_15' title="bbox 1085 416 1886 456">
    <p class='ocr_par' dir='ltr' id='par_1_15' title="bbox 1085 416 1886 453">
     <span class='ocr_line' id='line_1_15' title="bbox 1085 416 1886 453; baseline -0.001 -10"><span class='ocrx_word' id='word_1_92' title='bbox 1085 418 1137 452; x_wconf 81' lang='grc' dir='ltr'>τὴν</span> <span class='ocrx_word' id='word_1_93' title='bbox 1156 417 1202 444; x_wconf 79' lang='grc' dir='ltr'><strong>τοῦ</strong></span> <span class='ocrx_word' id='word_1_94' title='bbox 1221 418 1244 433; x_wconf 71' lang='grc' dir='ltr'><strong>’ν</strong></span> <span class='ocrx_word' id='word_1_95' title='bbox 1269 416 1404 452; x_wconf 82' lang='grc' dir='ltr'>βασιλέως</span> <span class='ocrx_word' id='word_1_96' title='bbox 1424 417 1564 452; x_wconf 78' lang='grc' dir='ltr'><strong>τύφλωσιν</strong></span> <span class='ocrx_word' id='word_1_97' title='bbox 1580 419 1594 444; x_wconf 85' lang='grc' dir='ltr'><strong>ὁ</strong></span> <span class='ocrx_word' id='word_1_98' title='bbox 1608 418 1684 453; x_wconf 74' lang='grc' dir='ltr'>ἥλιος</span> <span class='ocrx_word' id='word_1_99' title='bbox 1698 418 1749 448; x_wconf 73' lang='grc' dir='ltr'><strong>τὰς</strong></span> <span class='ocrx_word' id='word_1_100' title='bbox 1771 417 1886 447; x_wconf 81' lang='grc' dir='ltr'>ἀκτῖνας</span> 
     </span>
    </p>
   </div>
   <div class='ocr_carea' id='block_1_16' title="bbox 1087 462 1886 500">
    <p class='ocr_par' dir='ltr' id='par_1_16' title="bbox 1087 462 1886 500">
     <span class='ocr_line' id='line_1_16' title="bbox 1087 462 1886 500; baseline 0 -10"><span class='ocrx_word' id='word_1_101' title='bbox 1087 463 1226 490; x_wconf 63' lang='grc' dir='ltr'>ἀπέθετου</span> <span class='ocrx_word' id='word_1_102' title='bbox 1250 463 1298 490; x_wconf 78' lang='grc' dir='ltr'>καὶ</span> <span class='ocrx_word' id='word_1_103' title='bbox 1322 462 1410 495; x_wconf 73' lang='grc' dir='ltr'>οὕτως</span> <span class='ocrx_word' id='word_1_104' title='bbox 1429 465 1527 500; x_wconf 81' lang='grc' dir='ltr'>κρατεῖ</span> <span class='ocrx_word' id='word_1_105' title='bbox 1551 464 1655 500; x_wconf 76' lang='grc' dir='ltr'>Εἰρήνη</span> <span class='ocrx_word' id='word_1_106' title='bbox 1679 464 1696 498; x_wconf 83' lang='grc' dir='ltr'><strong>ἡ</strong></span> <span class='ocrx_word' id='word_1_107' title='bbox 1720 464 1814 499; x_wconf 80' lang='grc' dir='ltr'><strong>μήτηρ</strong></span> <span class='ocrx_word' id='word_1_108' title='bbox 1837 463 1886 490; x_wconf 78' lang='grc' dir='ltr'><strong>αὖ·</strong></span> 
     </span>
    </p>
   </div>
   <div class='ocr_carea' id='block_1_17' title="bbox 1087 509 1566 537">
    <p class='ocr_par' dir='ltr' id='par_1_17' title="bbox 1087 509 1566 537">
     <span class='ocr_line' id='line_1_17' title="bbox 1087 509 1566 537; baseline 0.002 -1"><span class='ocrx_word' id='word_1_109' title='bbox 1087 509 1146 537; x_wconf 83' lang='grc' dir='ltr'><strong>τοῦ-</strong></span> <span class='ocrx_word' id='word_1_110' title='bbox 1560 520 1566 524; x_wconf 82' lang='grc'><strong>”</strong></span> 
     </span>
    </p>
   </div>
   <div class='ocr_carea' id='block_1_18' title="bbox 239 557 1887 595">
    <p class='ocr_par' dir='ltr' id='par_1_18' title="bbox 239 557 1887 595">
     <span class='ocr_line' id='line_1_18' title="bbox 239 557 1887 595; baseline -0.001 -8"><span class='ocrx_word' id='word_1_111' title='bbox 239 565 339 588; x_wconf 89' lang='lat' dir='ltr'><strong>temere</strong></span> <span class='ocrx_word' id='word_1_112' title='bbox 370 558 626 590; x_wconf 77' lang='lat' dir='ltr'><strong>circumferrentur,</strong></span> <span class='ocrx_word' id='word_1_113' title='bbox 651 564 803 591; x_wconf 85' lang='lat' dir='ltr'><strong>omnesque</strong></span> <span class='ocrx_word' id='word_1_114' title='bbox 826 557 918 592; x_wconf 78' lang='lat' dir='ltr'><strong>palam‘</strong></span> <span class='ocrx_word' id='word_1_115' title='bbox 944 562 1110 590; x_wconf 81' lang='lat' dir='ltr'><strong>assererem,</strong></span> <span class='ocrx_word' id='word_1_116' title='bbox 1139 559 1174 586; x_wconf 91' lang='lat' dir='ltr'><strong>oh</strong></span> <span class='ocrx_word' id='word_1_117' title='bbox 1210 559 1383 595; x_wconf 76' lang='lat' dir='ltr'><strong>imperatoris</strong></span> <span class='ocrx_word' id='word_1_118' title='bbox 1407 560 1616 588; x_wconf 69' lang='lat' dir='ltr'><strong>exotecationem</strong></span> <span class='ocrx_word' id='word_1_119' title='bbox 1644 559 1730 587; x_wconf 83' lang='lat' dir='ltr'><strong>solem</strong></span> <span class='ocrx_word' id='word_1_120' title='bbox 1765 566 1795 587; x_wconf 88' lang='lat' dir='ltr'><strong>se</strong></span> <span class='ocrx_word' id='word_1_121' title='bbox 1828 557 1887 586; x_wconf 83' lang='lat' dir='ltr'><strong>suis</strong></span> 
     </span>
    </p>
   </div>
   <div class='ocr_carea' id='block_1_19' title="bbox 240 595 1675 640">
    <p class='ocr_par' dir='ltr' id='par_1_19' title="bbox 240 595 1675 640">
     <span class='ocr_line' id='line_1_19' title="bbox 240 595 1675 640; baseline 0.001 -6"><span class='ocrx_word' id='word_1_122' title='bbox 240 607 324 636; x_wconf 85' lang='lat' dir='ltr'><strong>radiis</strong></span> <span class='ocrx_word' id='word_1_123' title='bbox 354 606 507 634; x_wconf 79' lang='lat' dir='ltr'><strong>abdicasse.</strong></span> <span class='ocrx_word' id='word_1_124' title='bbox 536 605 573 632; x_wconf 88' lang='lat' dir='ltr'><strong>Ita</strong></span> <span class='ocrx_word' id='word_1_125' title='bbox 603 609 689 632; x_wconf 84' lang='lat' dir='ltr'><strong>mater</strong></span> <span class='ocrx_word' id='word_1_126' title='bbox 707 605 766 640; x_wconf 88' lang='lat' dir='ltr'><strong>ejus</strong></span> <span class='ocrx_word' id='word_1_127' title='bbox 791 604 869 632; x_wconf 89' lang='lat' dir='ltr'><strong>lrenc</strong></span> <span class='ocrx_word' id='word_1_128' title='bbox 883 605 1029 640; x_wconf 84' lang='lat' dir='ltr'><strong>imperium</strong></span> <span class='ocrx_word' id='word_1_129' title='bbox 1048 606 1179 634; x_wconf 82' lang='lat' dir='ltr'><strong>obtinuit.</strong></span> <span class='ocrx_word' id='word_1_130' title='bbox 1671 595 1675 599; x_wconf 36' lang='grc'><strong>’</strong></span> 
     </span>
    </p>
   </div>
   <div class='ocr_carea' id='block_1_20' title="bbox 277 651 1035 686">
    <p class='ocr_par' dir='ltr' id='par_1_20' title="bbox 277 651 1035 686">
     <span class='ocr_line' id='line_1_20' title="bbox 277 651 1035 686; baseline -0.004 -5"><span class='ocrx_word' id='word_1_131' title='bbox 277 653 378 681; x_wconf 85' lang='lat' dir='ltr'><strong>Eodem</strong></span> <span class='ocrx_word' id='word_1_132' title='bbox 395 652 477 679; x_wconf 89' lang='lat' dir='ltr'><strong>etiam</strong></span> <span class='ocrx_word' id='word_1_133' title='bbox 503 658 576 678; x_wconf 87' lang='lat' dir='ltr'><strong>anno</strong></span> <span class='ocrx_word' id='word_1_134' title='bbox 602 651 673 678; x_wconf 84' lang='lat' dir='ltr'><strong>beati</strong></span> <span class='ocrx_word' id='word_1_135' title='bbox 692 651 804 678; x_wconf 82' lang='lat' dir='ltr'><strong>Adriani</strong></span> <span class='ocrx_word' id='word_1_136' title='bbox 825 658 902 686; x_wconf 61' lang='lat' dir='ltr'><strong>papae</strong></span> <span class='ocrx_word' id='word_1_137' title='bbox 919 651 1035 678; x_wconf 81' lang='lat' dir='ltr'><strong>Romani</strong></span> 
     </span>
    </p>
   </div>
   <div class='ocr_carea' id='block_1_21' title="bbox 240 697 1036 732">
    <p class='ocr_par' dir='ltr' id='par_1_21' title="bbox 240 697 1036 732">
     <span class='ocr_line' id='line_1_21' title="bbox 240 697 1036 732; baseline -0.004 -5"><span class='ocrx_word' id='word_1_138' title='bbox 240 700 334 728; x_wconf 80' lang='lat' dir='ltr'><strong>aﬂlnes</strong></span> <span class='ocrx_word' id='word_1_139' title='bbox 359 699 477 726; x_wconf 89' lang='lat' dir='ltr'><strong>tutnultu</strong></span> <span class='ocrx_word' id='word_1_140' title='bbox 493 698 520 725; x_wconf 90' lang='lat' dir='ltr'><strong>in</strong></span> <span class='ocrx_word' id='word_1_141' title='bbox 544 697 663 725; x_wconf 85' lang='lat' dir='ltr'><strong>Leonem</strong></span> <span class='ocrx_word' id='word_1_142' title='bbox 683 705 782 732; x_wconf 82' lang='lat' dir='ltr'><strong>papam</strong></span> <span class='ocrx_word' id='word_1_143' title='bbox 802 697 932 729; x_wconf 81' lang='lat' dir='ltr'><strong>excitato,</strong></span> <span class='ocrx_word' id='word_1_144' title='bbox 949 698 1036 725; x_wconf 85' lang='lat' dir='ltr'><strong>oculis</strong></span> 
     </span>
    </p>
   </div>
   <div class='ocr_carea' id='block_1_22' title="bbox 239 744 1035 775">
    <p class='ocr_par' dir='ltr' id='par_1_22' title="bbox 239 744 1035 775">
     <span class='ocr_line' id='line_1_22' title="bbox 239 744 1035 775; baseline -0.004 0"><span class='ocrx_word' id='word_1_145' title='bbox 239 755 302 775; x_wconf 87' lang='lat' dir='ltr'><strong>eum</strong></span> <span class='ocrx_word' id='word_1_146' title='bbox 329 746 524 774; x_wconf 85' lang='lat' dir='ltr'><strong>multaverunt.</strong></span> <span class='ocrx_word' id='word_1_147' title='bbox 558 744 660 772; x_wconf 81' lang='lat' dir='ltr'><strong>Verum</strong></span> <span class='ocrx_word' id='word_1_148' title='bbox 687 752 750 772; x_wconf 90' lang='lat' dir='ltr'><strong>cum</strong></span> <span class='ocrx_word' id='word_1_149' title='bbox 774 744 899 772; x_wconf 80' lang='lat' dir='ltr'><strong>homines</strong></span> <span class='ocrx_word' id='word_1_150' title='bbox 925 745 958 772; x_wconf 86' lang='lat' dir='ltr'><strong>ad</strong></span> <span class='ocrx_word' id='word_1_151' title='bbox 973 753 1035 772; x_wconf 88' lang='lat' dir='ltr'><strong>eum</strong></span> 
     </span>
    </p>
   </div>
   <div class='ocr_carea' id='block_1_23' title="bbox 240 789 1038 826">
    <p class='ocr_par' dir='ltr' id='par_1_23' title="bbox 240 789 1038 826">
     <span class='ocr_line' id='line_1_23' title="bbox 240 789 1038 826; baseline -0.004 -6"><span class='ocrx_word' id='word_1_152' title='bbox 240 791 433 820; x_wconf 74' lang='lat' dir='ltr'><strong>excmcandnm</strong></span> <span class='ocrx_word' id='word_1_153' title='bbox 451 791 581 826; x_wconf 87' lang='lat' dir='ltr'><strong>deputati,</strong></span> <span class='ocrx_word' id='word_1_154' title='bbox 597 789 786 818; x_wconf 72' lang='lat' dir='ltr'><strong>misericordia</strong></span> <span class='ocrx_word' id='word_1_155' title='bbox 803 790 888 823; x_wconf 88' lang='lat' dir='ltr'><strong>ducti,</strong></span> <span class='ocrx_word' id='word_1_156' title='bbox 906 791 931 818; x_wconf 89' lang='lat' dir='ltr'><strong>ei</strong></span> <span class='ocrx_word' id='word_1_157' title='bbox 946 798 1038 825; x_wconf 86' lang='lat' dir='ltr'><strong>peper-</strong></span> 
     </span>
    </p>
   </div>
   <div class='ocr_carea' id='block_1_24' title="bbox 239 836 1036 872">
    <p class='ocr_par' dir='ltr' id='par_1_24' title="bbox 239 836 1036 872">
     <span class='ocr_line' id='line_1_24' title="bbox 239 836 1036 872; baseline -0.005 -4"><span class='ocrx_word' id='word_1_158' title='bbox 239 839 342 868; x_wconf 86' lang='lat' dir='ltr'><strong>cissent</strong></span> <span class='ocrx_word' id='word_1_159' title='bbox 357 838 542 872; x_wconf 73' lang='lat' dir='ltr'><strong>aliquatenus,</strong></span> <span class='ocrx_word' id='word_1_160' title='bbox 568 836 641 864; x_wconf 84' lang='lat' dir='ltr'><strong>haud</strong></span> <span class='ocrx_word' id='word_1_161' title='bbox 657 837 680 864; x_wconf 90' lang='lat' dir='ltr'><strong>ei</strong></span> <span class='ocrx_word' id='word_1_162' title='bbox 697 837 805 871; x_wconf 86' lang='lat' dir='ltr'><strong>penitus</strong></span> <span class='ocrx_word' id='word_1_163' title='bbox 831 837 976 865; x_wconf 92' lang='lat' dir='ltr'><strong>oculorum</strong></span> <span class='ocrx_word' id='word_1_164' title='bbox 992 837 1036 864; x_wconf 89' lang='lat' dir='ltr'><strong>lu-</strong></span> 
     </span>
    </p>
   </div>
   <div class='ocr_carea' id='block_1_25' title="bbox 239 883 1033 913">
    <p class='ocr_par' dir='ltr' id='par_1_25' title="bbox 239 883 1033 913">
     <span class='ocr_line' id='line_1_25' title="bbox 239 883 1033 913; baseline -0.001 -1"><span class='ocrx_word' id='word_1_165' title='bbox 239 893 302 912; x_wconf 90' lang='lat' dir='ltr'><strong>men</strong></span> <span class='ocrx_word' id='word_1_166' title='bbox 337 884 505 912; x_wconf 86' lang='lat' dir='ltr'><strong>exstinctum</strong></span> <span class='ocrx_word' id='word_1_167' title='bbox 530 889 585 913; x_wconf 87' lang='lat' dir='ltr'><strong>est.</strong></span> <span class='ocrx_word' id='word_1_168' title='bbox 610 883 667 911; x_wconf 86' lang='lat' dir='ltr'><strong>Leo</strong></span> <span class='ocrx_word' id='word_1_169' title='bbox 696 883 813 911; x_wconf 84' lang='lat' dir='ltr'><strong>subinde</strong></span> <span class='ocrx_word' id='word_1_170' title='bbox 840 883 873 911; x_wconf 81' lang='lat' dir='ltr'><strong>ad</strong></span> <span class='ocrx_word' id='word_1_171' title='bbox 904 883 1033 911; x_wconf 87' lang='lat' dir='ltr'><strong>Carolum</strong></span> 
     </span>
    </p>
   </div>
   <div class='ocr_carea' id='block_1_26' title="bbox 240 929 1041 966">
    <p class='ocr_par' dir='ltr' id='par_1_26' title="bbox 240 929 1041 966">
     <span class='ocr_line' id='line_1_26' title="bbox 240 929 1041 966; baseline -0.002 -7"><span class='ocrx_word' id='word_1_172' title='bbox 240 931 409 959; x_wconf 80' lang='lat' dir='ltr'><strong>Francorum</strong></span> <span class='ocrx_word' id='word_1_173' title='bbox 436 937 527 966; x_wconf 81' lang='lat' dir='ltr'><strong>regem</strong></span> <span class='ocrx_word' id='word_1_174' title='bbox 555 929 699 965; x_wconf 77' lang='lat' dir='ltr'><strong>confugit:</strong></span> <span class='ocrx_word' id='word_1_175' title='bbox 720 937 766 956; x_wconf 82' lang='lat' dir='ltr'><strong>rex</strong></span> <span class='ocrx_word' id='word_1_176' title='bbox 789 929 849 964; x_wconf 87' lang='lat' dir='ltr'><strong>ejus</strong></span> <span class='ocrx_word' id='word_1_177' title='bbox 867 929 1041 957; x_wconf 84' lang='lat' dir='ltr'><strong>adversaries</strong></span> 
     </span>
    </p>
   </div>
   <div class='ocr_carea' id='block_1_27' title="bbox 240 975 1042 1015">
    <p class='ocr_par' dir='ltr' id='par_1_27' title="bbox 240 975 1042 1015">
     <span class='ocr_line' id='line_1_27' title="bbox 240 975 1042 1015; baseline -0.001 -10"><span class='ocrx_word' id='word_1_178' title='bbox 240 979 362 1015; x_wconf 74' lang='lat' dir='ltr'><strong>graviter</strong></span> <span class='ocrx_word' id='word_1_179' title='bbox 375 978 450 1006; x_wconf 88' lang='lat' dir='ltr'><strong>nitus</strong></span> <span class='ocrx_word' id='word_1_180' title='bbox 467 977 493 1004; x_wconf 89' lang='lat' dir='ltr'><strong>in</strong></span> <span class='ocrx_word' id='word_1_181' title='bbox 507 976 645 1012; x_wconf 80' lang='lat' dir='ltr'><strong>propriam</strong></span> <span class='ocrx_word' id='word_1_182' title='bbox 663 975 756 1003; x_wconf 82' lang='lat' dir='ltr'><strong>sedem</strong></span> <span class='ocrx_word' id='word_1_183' title='bbox 769 983 831 1003; x_wconf 86' lang='lat' dir='ltr'><strong>eum</strong></span> <span class='ocrx_word' id='word_1_184' title='bbox 846 976 944 1003; x_wconf 88' lang='lat' dir='ltr'><strong>iterum</strong></span> <span class='ocrx_word' id='word_1_185' title='bbox 962 977 1042 1004; x_wconf 82' lang='lat' dir='ltr'><strong>resti-</strong></span> 
     </span>
    </p>
   </div>
   <div class='ocr_carea' id='block_1_28' title="bbox 241 1022 1040 1057">
    <p class='ocr_par' dir='ltr' id='par_1_28' title="bbox 241 1022 1040 1057">
     <span class='ocr_line' id='line_1_28' title="bbox 241 1022 1040 1057; baseline -0.001 -6"><span class='ocrx_word' id='word_1_186' title='bbox 241 1025 303 1057; x_wconf 89' lang='lat' dir='ltr'><strong>tuit,</strong></span> <span class='ocrx_word' id='word_1_187' title='bbox 335 1027 363 1051; x_wconf 84' lang='lat' dir='ltr'><strong>et</strong></span> <span class='ocrx_word' id='word_1_188' title='bbox 379 1023 432 1051; x_wconf 85' lang='lat' dir='ltr'><strong>sub</strong></span> <span class='ocrx_word' id='word_1_189' title='bbox 456 1023 482 1050; x_wconf 76' lang='lat' dir='ltr'><strong>iul</strong></span> <span class='ocrx_word' id='word_1_190' title='bbox 512 1027 620 1056; x_wconf 85' lang='lat' dir='ltr'><strong>tempus</strong></span> <span class='ocrx_word' id='word_1_191' title='bbox 647 1022 764 1056; x_wconf 88' lang='lat' dir='ltr'><strong>primum</strong></span> <span class='ocrx_word' id='word_1_192' title='bbox 796 1029 828 1049; x_wconf 87' lang='lat' dir='ltr'><strong>ac</strong></span> <span class='ocrx_word' id='word_1_193' title='bbox 855 1022 984 1057; x_wconf 80' lang='lat' dir='ltr'><strong>deinceps</strong></span> <span class='ocrx_word' id='word_1_194' title='bbox 1012 1023 1040 1050; x_wconf 91' lang='lat' dir='ltr'><strong>in</strong></span> 
     </span>
    </p>
   </div>
   <div class='ocr_carea' id='block_1_29' title="bbox 241 1067 1041 1104">
    <p class='ocr_par' dir='ltr' id='par_1_29' title="bbox 241 1067 1041 1104">
     <span class='ocr_line' id='line_1_29' title="bbox 241 1067 1041 1104; baseline -0.001 -6"><span class='ocrx_word' id='word_1_195' title='bbox 241 1070 411 1098; x_wconf 80' lang='lat' dir='ltr'><strong>Francorum</strong></span> <span class='ocrx_word' id='word_1_196' title='bbox 443 1071 605 1104; x_wconf 86' lang='lat' dir='ltr'><strong>potestatem</strong></span> <span class='ocrx_word' id='word_1_197' title='bbox 624 1067 709 1094; x_wconf 82' lang='lat' dir='ltr'><strong>Roma</strong></span> <span class='ocrx_word' id='word_1_198' title='bbox 735 1067 827 1095; x_wconf 85' lang='lat' dir='ltr'><strong>cessit.</strong></span> <span class='ocrx_word' id='word_1_199' title='bbox 859 1067 913 1095; x_wconf 81' lang='lat' dir='ltr'><strong>Leo</strong></span> <span class='ocrx_word' id='word_1_200' title='bbox 940 1068 1041 1097; x_wconf 86' lang='lat' dir='ltr'><strong>Carolo</strong></span> 
     </span>
    </p>
   </div>
   <div class='ocr_carea' id='block_1_30' title="bbox 241 1114 1041 1155">
    <p class='ocr_par' dir='ltr' id='par_1_30' title="bbox 241 1114 1041 1155">
     <span class='ocr_line' id='line_1_30' title="bbox 241 1114 1041 1155; baseline -0.003 -10"><span class='ocrx_word' id='word_1_201' title='bbox 241 1117 298 1152; x_wconf 76' lang='lat' dir='ltr'><strong>regi</strong></span> <span class='ocrx_word' id='word_1_202' title='bbox 323 1116 411 1144; x_wconf 81' lang='lat' dir='ltr'><strong>vicem</strong></span> <span class='ocrx_word' id='word_1_203' title='bbox 437 1115 584 1155; x_wconf 70' lang='lat' dir='ltr'><strong>relaturus,</strong></span> <span class='ocrx_word' id='word_1_204' title='bbox 603 1122 665 1141; x_wconf 88' lang='lat' dir='ltr'><strong>eum</strong></span> <span class='ocrx_word' id='word_1_205' title='bbox 678 1114 767 1149; x_wconf 85' lang='lat' dir='ltr'><strong>capite</strong></span> <span class='ocrx_word' id='word_1_206' title='bbox 792 1114 826 1142; x_wconf 91' lang='lat' dir='ltr'><strong>ad</strong></span> <span class='ocrx_word' id='word_1_207' title='bbox 860 1115 931 1143; x_wconf 78' lang='lat' dir='ltr'><strong>imos</strong></span> <span class='ocrx_word' id='word_1_208' title='bbox 953 1123 1041 1150; x_wconf 84' lang='lat' dir='ltr'><strong>usque</strong></span> 
     </span>
    </p>
   </div>
   <div class='ocr_carea' id='block_1_31' title="bbox 243 1154 1041 1198">
    <p class='ocr_par' dir='ltr' id='par_1_31' title="bbox 243 1154 1041 1198">
     <span class='ocr_line' id='line_1_31' title="bbox 243 1154 1041 1198; baseline -0.003 -8"><span class='ocrx_word' id='word_1_209' title='bbox 243 1163 325 1198; x_wconf 80' lang='lat' dir='ltr'><strong>pedes</strong></span> <span class='ocrx_word' id='word_1_210' title='bbox 339 1163 399 1190; x_wconf 89' lang='lat' dir='ltr'><strong>oleo</strong></span> <span class='ocrx_word' id='word_1_211' title='bbox 419 1154 582 1197; x_wconf 76' lang='lat' dir='ltr'><strong>perunctum</strong></span> <span class='ocrx_word' id='word_1_212' title='bbox 611 1160 638 1187; x_wconf 91' lang='lat' dir='ltr'><strong>in</strong></span> <span class='ocrx_word' id='word_1_213' title='bbox 656 1160 744 1188; x_wconf 84' lang='lat' dir='ltr'><strong>sancti</strong></span> <span class='ocrx_word' id='word_1_214' title='bbox 772 1159 896 1195; x_wconf 84' lang='lat' dir='ltr'><strong>Apostoli</strong></span> <span class='ocrx_word' id='word_1_215' title='bbox 913 1161 970 1189; x_wconf 75' lang='lat' dir='ltr'><strong>:ede</strong></span> <span class='ocrx_word' id='word_1_216' title='bbox 989 1161 1041 1188; x_wconf 94' lang='lat' dir='ltr'><strong>im-</strong></span> 
     </span>
    </p>
   </div>
   <div class='ocr_carea' id='block_1_32' title="bbox 243 1206 1040 1244">
    <p class='ocr_par' dir='ltr' id='par_1_32' title="bbox 243 1206 1040 1244">
     <span class='ocr_line' id='line_1_32' title="bbox 243 1206 1040 1244; baseline -0.001 -8"><span class='ocrx_word' id='word_1_217' title='bbox 243 1213 398 1244; x_wconf 88' lang='lat' dir='ltr'><strong>peratorem</strong></span> <span class='ocrx_word' id='word_1_218' title='bbox 425 1208 573 1235; x_wconf 83' lang='lat' dir='ltr'><strong>salutatum</strong></span> <span class='ocrx_word' id='word_1_219' title='bbox 598 1215 700 1235; x_wconf 80' lang='lat' dir='ltr'><strong>corona</strong></span> <span class='ocrx_word' id='word_1_220' title='bbox 721 1206 873 1241; x_wconf 88' lang='lat' dir='ltr'><strong>rcdimivit,</strong></span> <span class='ocrx_word' id='word_1_221' title='bbox 890 1207 1040 1243; x_wconf 85' lang='lat' dir='ltr'><strong>imperato-</strong></span> 
     </span>
    </p>
   </div>
   <div class='ocr_carea' id='block_1_33' title="bbox 243 1254 1040 1290">
    <p class='ocr_par' dir='ltr' id='par_1_33' title="bbox 243 1254 1040 1290">
     <span class='ocr_line' id='line_1_33' title="bbox 243 1254 1040 1290; baseline -0.001 -6"><span class='ocrx_word' id='word_1_222' title='bbox 243 1257 283 1284; x_wconf 77' lang='lat' dir='ltr'><strong>ria</strong></span> <span class='ocrx_word' id='word_1_223' title='bbox 308 1260 384 1284; x_wconf 84' lang='lat' dir='ltr'><strong>veste</strong></span> <span class='ocrx_word' id='word_1_224' title='bbox 406 1254 587 1282; x_wconf 84' lang='lat' dir='ltr'><strong>circumdedit</strong></span> <span class='ocrx_word' id='word_1_225' title='bbox 603 1274 610 1287; x_wconf 90' lang='lat'><strong>,</strong></span> <span class='ocrx_word' id='word_1_226' title='bbox 625 1258 652 1282; x_wconf 89' lang='lat' dir='ltr'><strong>et</strong></span> <span class='ocrx_word' id='word_1_227' title='bbox 677 1255 776 1290; x_wconf 83' lang='lat' dir='ltr'><strong>capitis</strong></span> <span class='ocrx_word' id='word_1_228' title='bbox 789 1260 952 1283; x_wconf 88' lang='lat' dir='ltr'><strong>ornamenta</strong></span> <span class='ocrx_word' id='word_1_229' title='bbox 974 1262 1040 1283; x_wconf 87' lang='lat' dir='ltr'><strong>cou-</strong></span> 
     </span>
    </p>
   </div>
   <div class='ocr_carea' id='block_1_34' title="bbox 244 1300 1039 1336">
    <p class='ocr_par' dir='ltr' id='par_1_34' title="bbox 244 1300 1039 1336">
     <span class='ocr_line' id='line_1_34' title="bbox 244 1300 1039 1336; baseline -0.004 -6"><span class='ocrx_word' id='word_1_230' title='bbox 244 1302 315 1336; x_wconf 87' lang='lat' dir='ltr'><strong>tulit,</strong></span> <span class='ocrx_word' id='word_1_231' title='bbox 336 1301 440 1330; x_wconf 86' lang='lat' dir='ltr'><strong>mensis</strong></span> <span class='ocrx_word' id='word_1_232' title='bbox 471 1300 628 1328; x_wconf 82' lang='lat' dir='ltr'><strong>Decembris</strong></span> <span class='ocrx_word' id='word_1_233' title='bbox 649 1300 693 1328; x_wconf 91' lang='lat' dir='ltr'><strong>die</strong></span> <span class='ocrx_word' id='word_1_234' title='bbox 723 1300 854 1329; x_wconf 88' lang='lat' dir='ltr'><strong>vicesimo</strong></span> <span class='ocrx_word' id='word_1_235' title='bbox 871 1301 977 1336; x_wconf 85' lang='lat' dir='ltr'><strong>quinto,</strong></span> <span class='ocrx_word' id='word_1_236' title='bbox 996 1301 1039 1328; x_wconf 53' lang='lat' dir='ltr'><strong>in.</strong></span> 
     </span>
    </p>
   </div>
   <div class='ocr_carea' id='block_1_35' title="bbox 243 1349 466 1377">
    <p class='ocr_par' dir='ltr' id='par_1_35' title="bbox 243 1349 466 1377">
     <span class='ocr_line' id='line_1_35' title="bbox 243 1349 466 1377; baseline -0.009 0"><span class='ocrx_word' id='word_1_237' title='bbox 243 1349 363 1377; x_wconf 88' lang='lat' dir='ltr'><strong>dictione</strong></span> <span class='ocrx_word' id='word_1_238' title='bbox 381 1355 466 1375; x_wconf 89' lang='lat' dir='ltr'><strong>nona.</strong></span> 
     </span>
    </p>
   </div>
   <div class='ocr_carea' id='block_1_36' title="bbox 278 1393 1039 1427">
    <p class='ocr_par' dir='ltr' id='par_1_36' title="bbox 278 1393 1039 1427">
     <span class='ocr_line' id='line_1_36' title="bbox 278 1393 1039 1427; baseline -0.003 -5"><span class='ocrx_word' id='word_1_239' title='bbox 278 1396 312 1424; x_wconf 81' lang='grc' dir='ltr'><strong>Λ.</strong></span> <span class='ocrx_word' id='word_1_240' title='bbox 330 1395 360 1423; x_wconf 92' lang='lat' dir='ltr'><strong>C.</strong></span> <span class='ocrx_word' id='word_1_241' title='bbox 375 1394 437 1422; x_wconf 87' lang='lat'><strong>790.</strong></span> <span class='ocrx_word' id='word_1_242' title='bbox 455 1409 491 1414; x_wconf 89' lang='lat'><strong>-—</strong></span> <span class='ocrx_word' id='word_1_243' title='bbox 506 1393 686 1421; x_wconf 81' lang='lat' dir='ltr'><strong>Romanorum</strong></span> <span class='ocrx_word' id='word_1_244' title='bbox 700 1393 878 1427; x_wconf 79' lang='lat' dir='ltr'><strong>imperatricis</strong></span> <span class='ocrx_word' id='word_1_245' title='bbox 893 1393 980 1421; x_wconf 77' lang='lat' dir='ltr'><strong>lrcnw</strong></span> <span class='ocrx_word' id='word_1_246' title='bbox 993 1393 1039 1420; x_wconf 89' lang='lat' dir='ltr'><strong>de-</strong></span> 
     </span>
    </p>
   </div>
   <div class='ocr_carea' id='block_1_37' title="bbox 244 1441 528 1475">
    <p class='ocr_par' dir='ltr' id='par_1_37' title="bbox 244 1441 528 1475">
     <span class='ocr_line' id='line_1_37' title="bbox 244 1441 528 1475; baseline -0.004 -7"><span class='ocrx_word' id='word_1_247' title='bbox 244 1450 296 1469; x_wconf 77' lang='lat' dir='ltr'><strong>nuo</strong></span> <span class='ocrx_word' id='word_1_248' title='bbox 315 1449 400 1468; x_wconf 76' lang='lat' dir='ltr'><strong>annus</strong></span> <span class='ocrx_word' id='word_1_249' title='bbox 416 1441 528 1475; x_wconf 74' lang='lat' dir='ltr'><strong>primus.</strong></span> 
     </span>
    </p>
   </div>
   <div class='ocr_carea' id='block_1_38' title="bbox 280 1484 1040 1521">
    <p class='ocr_par' dir='ltr' id='par_1_38' title="bbox 280 1484 1040 1521">
     <span class='ocr_line' id='line_1_38' title="bbox 280 1484 1040 1521; baseline -0.004 -6"><span class='ocrx_word' id='word_1_250' title='bbox 280 1487 336 1515; x_wconf 86' lang='lat' dir='ltr'><strong>Hoc</strong></span> <span class='ocrx_word' id='word_1_251' title='bbox 350 1494 423 1514; x_wconf 90' lang='lat' dir='ltr'><strong>anno</strong></span> <span class='ocrx_word' id='word_1_252' title='bbox 435 1485 594 1521; x_wconf 77' lang='lat' dir='ltr'><strong>imperatrix</strong></span> <span class='ocrx_word' id='word_1_253' title='bbox 611 1484 691 1513; x_wconf 84' lang='lat' dir='ltr'><strong>lrene</strong></span> <span class='ocrx_word' id='word_1_254' title='bbox 707 1485 822 1520; x_wconf 89' lang='lat' dir='ltr'><strong>imperio</strong></span> <span class='ocrx_word' id='word_1_255' title='bbox 837 1485 935 1520; x_wconf 83' lang='lat' dir='ltr'><strong>potita.</strong></span> <span class='ocrx_word' id='word_1_256' title='bbox 955 1485 1040 1513; x_wconf 88' lang='lat' dir='ltr'><strong>Doro-</strong></span> 
     </span>
    </p>
   </div>
   <div class='ocr_carea' id='block_1_39' title="bbox 243 1531 1038 1567">
    <p class='ocr_par' dir='ltr' id='par_1_39' title="bbox 243 1531 1038 1567">
     <span class='ocr_line' id='line_1_39' title="bbox 243 1531 1038 1567; baseline -0.003 -7"><span class='ocrx_word' id='word_1_257' title='bbox 243 1533 348 1565; x_wconf 87' lang='lat' dir='ltr'><strong>theum,</strong></span> <span class='ocrx_word' id='word_1_258' title='bbox 365 1531 567 1567; x_wconf 86' lang='lat' dir='ltr'><strong>Chrysopolcos</strong></span> <span class='ocrx_word' id='word_1_259' title='bbox 583 1531 771 1566; x_wconf 64' lang='lat' dir='ltr'><strong>praepositum,</strong></span> <span class='ocrx_word' id='word_1_260' title='bbox 784 1531 816 1563; x_wconf 69' lang='lat' dir='ltr'><strong>ct;</strong></span> <span class='ocrx_word' id='word_1_261' title='bbox 826 1531 1038 1559; x_wconf 85' lang='lat' dir='ltr'><strong>Constantinum</strong></span> 
     </span>
    </p>
   </div>
   <div class='ocr_carea' id='block_1_40' title="bbox 245 1576 1073 1618">
    <p class='ocr_par' dir='ltr' id='par_1_40' title="bbox 245 1576 1073 1618">
     <span class='ocr_line' id='line_1_40' title="bbox 245 1576 1073 1618; baseline 0.001 -14"><span class='ocrx_word' id='word_1_262' title='bbox 245 1577 350 1613; x_wconf 61' lang='lat' dir='ltr'><strong>Magnae</strong></span> <span class='ocrx_word' id='word_1_263' title='bbox 385 1577 508 1604; x_wconf 74' lang='lat' dir='ltr'><strong>ecclesia:</strong></span> <span class='ocrx_word' id='word_1_264' title='bbox 539 1576 792 1611; x_wconf 87' lang='lat' dir='ltr'><strong>chartophylacem,</strong></span> <span class='ocrx_word' id='word_1_265' title='bbox 819 1577 853 1604; x_wconf 86' lang='lat' dir='ltr'><strong>ad</strong></span> <span class='ocrx_word' id='word_1_266' title='bbox 880 1576 1073 1618; x_wconf 73' lang='lat' dir='ltr'><strong>Abimelechc</strong></span> 
     </span>
    </p>
   </div>
   <div class='ocr_carea' id='block_1_41' title="bbox 244 1622 1039 1659">
    <p class='ocr_par' dir='ltr' id='par_1_41' title="bbox 244 1622 1039 1659">
     <span class='ocr_line' id='line_1_41' title="bbox 244 1622 1039 1659; baseline 0.001 -9"><span class='ocrx_word' id='word_1_267' title='bbox 244 1623 423 1659; x_wconf 75' lang='lat' dir='ltr'><strong>Cappadocia:</strong></span> <span class='ocrx_word' id='word_1_268' title='bbox 431 1627 459 1650; x_wconf 90' lang='lat' dir='ltr'><strong>et</strong></span> <span class='ocrx_word' id='word_1_269' title='bbox 473 1622 587 1650; x_wconf 71' lang='lat' dir='ltr'><strong>Galatia:</strong></span> <span class='ocrx_word' id='word_1_270' title='bbox 597 1623 755 1657; x_wconf 86' lang='lat' dir='ltr'><strong>provincias</strong></span> <span class='ocrx_word' id='word_1_271' title='bbox 764 1623 903 1650; x_wconf 75' lang='lat' dir='ltr'><strong>hostiliter</strong></span> <span class='ocrx_word' id='word_1_272' title='bbox 916 1623 1039 1658; x_wconf 87' lang='lat' dir='ltr'><strong>depopu-</strong></span> 
     </span>
    </p>
   </div>
   <div class='ocr_carea' id='block_1_42' title="bbox 245 1668 1039 1704">
    <p class='ocr_par' dir='ltr' id='par_1_42' title="bbox 245 1668 1039 1704">
     <span class='ocr_line' id='line_1_42' title="bbox 245 1668 1039 1704; baseline 0 -7"><span class='ocrx_word' id='word_1_273' title='bbox 245 1671 357 1703; x_wconf 86' lang='lat' dir='ltr'><strong>lantem,</strong></span> <span class='ocrx_word' id='word_1_274' title='bbox 371 1669 407 1697; x_wconf 91' lang='lat' dir='ltr'><strong>de</strong></span> <span class='ocrx_word' id='word_1_275' title='bbox 421 1675 488 1704; x_wconf 87' lang='lat' dir='ltr'><strong>pace</strong></span> <span class='ocrx_word' id='word_1_276' title='bbox 497 1676 560 1696; x_wconf 89' lang='lat' dir='ltr'><strong>cum</strong></span> <span class='ocrx_word' id='word_1_277' title='bbox 573 1676 607 1696; x_wconf 88' lang='lat' dir='ltr'><strong>eo</strong></span> <span class='ocrx_word' id='word_1_278' title='bbox 623 1669 814 1704; x_wconf 85' lang='lat' dir='ltr'><strong>componenda</strong></span> <span class='ocrx_word' id='word_1_279' title='bbox 828 1668 932 1704; x_wconf 75' lang='lat' dir='ltr'><strong>legatos</strong></span> <span class='ocrx_word' id='word_1_280' title='bbox 948 1669 1039 1698; x_wconf 90' lang='lat' dir='ltr'><strong>misit:</strong></span> 
     </span>
    </p>
   </div>
   <div class='ocr_carea' id='block_1_43' title="bbox 245 1714 1041 1750">
    <p class='ocr_par' dir='ltr' id='par_1_43' title="bbox 245 1714 1041 1750">
     <span class='ocr_line' id='line_1_43' title="bbox 245 1714 1041 1750; baseline 0 -6"><span class='ocrx_word' id='word_1_281' title='bbox 245 1716 292 1744; x_wconf 85' lang='lat' dir='ltr'><strong>sed</strong></span> <span class='ocrx_word' id='word_1_282' title='bbox 317 1716 456 1743; x_wconf 81' lang='lat' dir='ltr'><strong>incassum</strong></span> <span class='ocrx_word' id='word_1_283' title='bbox 477 1714 569 1743; x_wconf 87' lang='lat' dir='ltr'><strong>abiere</strong></span> <span class='ocrx_word' id='word_1_284' title='bbox 583 1715 616 1742; x_wconf 91' lang='lat' dir='ltr'><strong>de</strong></span> <span class='ocrx_word' id='word_1_285' title='bbox 637 1722 706 1750; x_wconf 86' lang='lat' dir='ltr'><strong>pace</strong></span> <span class='ocrx_word' id='word_1_286' title='bbox 724 1719 868 1743; x_wconf 82' lang='lat' dir='ltr'><strong>tractatus.</strong></span> <span class='ocrx_word' id='word_1_287' title='bbox 893 1715 1041 1744; x_wconf 84' lang='lat' dir='ltr'><strong>Novembri</strong></span> 
     </span>
    </p>
   </div>
   <div class='ocr_carea' id='block_1_44' title="bbox 245 1761 1042 1797">
    <p class='ocr_par' dir='ltr' id='par_1_44' title="bbox 245 1761 1042 1797">
     <span class='ocr_line' id='line_1_44' title="bbox 245 1761 1042 1797; baseline 0 -7"><span class='ocrx_word' id='word_1_288' title='bbox 245 1769 340 1790; x_wconf 84' lang='lat' dir='ltr'><strong>mense</strong></span> <span class='ocrx_word' id='word_1_289' title='bbox 353 1761 477 1789; x_wconf 85' lang='lat' dir='ltr'><strong>nonnulli</strong></span> <span class='ocrx_word' id='word_1_290' title='bbox 495 1769 588 1789; x_wconf 89' lang='lat' dir='ltr'><strong>rerum</strong></span> <span class='ocrx_word' id='word_1_291' title='bbox 611 1761 801 1789; x_wconf 77' lang='lat' dir='ltr'><strong>novandarum</strong></span> <span class='ocrx_word' id='word_1_292' title='bbox 815 1762 918 1797; x_wconf 81' lang='lat' dir='ltr'><strong>cupidi,</strong></span> <span class='ocrx_word' id='word_1_293' title='bbox 930 1762 979 1790; x_wconf 87' lang='lat' dir='ltr'><strong>filii</strong></span> <span class='ocrx_word' id='word_1_294' title='bbox 994 1762 1042 1790; x_wconf 78' lang='lat' dir='ltr'><strong>Dei</strong></span> 
     </span>
    </p>
   </div>
   <div class='ocr_carea' id='block_1_45' title="bbox 244 1808 1041 1844">
    <p class='ocr_par' dir='ltr' id='par_1_45' title="bbox 244 1808 1041 1844">
     <span class='ocr_line' id='line_1_45' title="bbox 244 1808 1041 1844; baseline 0 -7"><span class='ocrx_word' id='word_1_295' title='bbox 244 1810 334 1838; x_wconf 84' lang='lat' dir='ltr'><strong>hostis</strong></span> <span class='ocrx_word' id='word_1_296' title='bbox 353 1808 527 1836; x_wconf 83' lang='lat' dir='ltr'><strong>Constantini</strong></span> <span class='ocrx_word' id='word_1_297' title='bbox 549 1808 583 1835; x_wconf 84' lang='lat' dir='ltr'><strong>ad</strong></span> <span class='ocrx_word' id='word_1_298' title='bbox 609 1809 753 1844; x_wconf 82' lang='lat' dir='ltr'><strong>Therapiae</strong></span> <span class='ocrx_word' id='word_1_299' title='bbox 771 1808 904 1844; x_wconf 85' lang='lat' dir='ltr'><strong>palatium</strong></span> <span class='ocrx_word' id='word_1_300' title='bbox 921 1809 974 1837; x_wconf 93' lang='lat' dir='ltr'><strong>sub</strong></span> <span class='ocrx_word' id='word_1_301' title='bbox 989 1817 1041 1837; x_wconf 91' lang='lat' dir='ltr'><strong>cu-</strong></span> 
     </span>
    </p>
   </div>
   <div class='ocr_carea' id='block_1_46' title="bbox 245 1853 1041 1890">
    <p class='ocr_par' dir='ltr' id='par_1_46' title="bbox 245 1853 1041 1890">
     <span class='ocr_line' id='line_1_46' title="bbox 245 1853 1041 1890; baseline -0.001 -7"><span class='ocrx_word' id='word_1_302' title='bbox 245 1854 333 1884; x_wconf 84' lang='lat' dir='ltr'><strong>stodia</strong></span> <span class='ocrx_word' id='word_1_303' title='bbox 345 1854 460 1886; x_wconf 83' lang='lat' dir='ltr'><strong>detenti,</strong></span> <span class='ocrx_word' id='word_1_304' title='bbox 472 1854 505 1882; x_wconf 93' lang='lat' dir='ltr'><strong>ad</strong></span> <span class='ocrx_word' id='word_1_305' title='bbox 521 1853 652 1889; x_wconf 78' lang='lat' dir='ltr'><strong>Magnam</strong></span> <span class='ocrx_word' id='word_1_306' title='bbox 666 1854 810 1882; x_wconf 84' lang='lat' dir='ltr'><strong>ecclesiam</strong></span> <span class='ocrx_word' id='word_1_307' title='bbox 823 1858 852 1882; x_wconf 90' lang='lat' dir='ltr'><strong>nt</strong></span> <span class='ocrx_word' id='word_1_308' title='bbox 865 1854 1041 1890; x_wconf 76' lang='lat' dir='ltr'><strong>confugiant,</strong></span> 
     </span>
    </p>
   </div>
   <div class='ocr_carea' id='block_1_47' title="bbox 245 1899 1040 1936">
    <p class='ocr_par' dir='ltr' id='par_1_47' title="bbox 245 1899 1040 1936">
     <span class='ocr_line' id='line_1_47' title="bbox 245 1899 1040 1936; baseline 0 -8"><span class='ocrx_word' id='word_1_309' title='bbox 245 1901 338 1936; x_wconf 86' lang='lat' dir='ltr'><strong>ibique</strong></span> <span class='ocrx_word' id='word_1_310' title='bbox 366 1900 483 1935; x_wconf 63' lang='lat' dir='ltr'><strong>propriae</strong></span> <span class='ocrx_word' id='word_1_311' title='bbox 509 1899 666 1927; x_wconf 73' lang='lat' dir='ltr'><strong>securitatis</strong></span> <span class='ocrx_word' id='word_1_312' title='bbox 686 1899 714 1926; x_wconf 94' lang='lat' dir='ltr'><strong>in</strong></span> <span class='ocrx_word' id='word_1_313' title='bbox 739 1899 861 1927; x_wconf 79' lang='lat' dir='ltr'><strong>futurum</strong></span> <span class='ocrx_word' id='word_1_314' title='bbox 883 1900 1040 1928; x_wconf 88' lang='lat' dir='ltr'><strong>cautionem</strong></span> 
     </span>
    </p>
   </div>
   <div class='ocr_carea' id='block_1_48' title="bbox 246 1944 1041 1981">
    <p class='ocr_par' dir='ltr' id='par_1_48' title="bbox 246 1944 1041 1981">
     <span class='ocr_line' id='line_1_48' title="bbox 246 1944 1041 1981; baseline -0.001 -7"><span class='ocrx_word' id='word_1_315' title='bbox 246 1950 348 1981; x_wconf 81' lang='lat' dir='ltr'><strong>petant,</strong></span> <span class='ocrx_word' id='word_1_316' title='bbox 373 1951 403 1974; x_wconf 91' lang='lat' dir='ltr'><strong>ut</strong></span> <span class='ocrx_word' id='word_1_317' title='bbox 419 1945 545 1973; x_wconf 87' lang='lat' dir='ltr'><strong>videlicet</strong></span> <span class='ocrx_word' id='word_1_318' title='bbox 564 1944 647 1979; x_wconf 88' lang='lat' dir='ltr'><strong>hujus</strong></span> <span class='ocrx_word' id='word_1_319' title='bbox 667 1945 706 1972; x_wconf 89' lang='lat' dir='ltr'><strong>rei</strong></span> <span class='ocrx_word' id='word_1_320' title='bbox 731 1944 846 1973; x_wconf 87' lang='lat' dir='ltr'><strong>obtentu</strong></span> <span class='ocrx_word' id='word_1_321' title='bbox 868 1945 988 1980; x_wconf 86' lang='lat' dir='ltr'><strong>aliquem</strong></span> <span class='ocrx_word' id='word_1_322' title='bbox 1007 1953 1041 1974; x_wconf 76' lang='lat' dir='ltr'><strong>ex</strong></span> 
     </span>
    </p>
   </div>
   <div class='ocr_carea' id='block_1_49' title="bbox 245 1990 1042 2027">
    <p class='ocr_par' dir='ltr' id='par_1_49' title="bbox 245 1990 1042 2027">
     <span class='ocr_line' id='line_1_49' title="bbox 245 1990 1042 2027; baseline 0 -7"><span class='ocrx_word' id='word_1_323' title='bbox 245 1993 286 2020; x_wconf 81' lang='lat' dir='ltr'><strong>eis</strong></span> <span class='ocrx_word' id='word_1_324' title='bbox 302 1993 495 2027; x_wconf 85' lang='lat' dir='ltr'><strong>imperatorem</strong></span> <span class='ocrx_word' id='word_1_325' title='bbox 517 1991 636 2026; x_wconf 84' lang='lat' dir='ltr'><strong>populus</strong></span> <span class='ocrx_word' id='word_1_326' title='bbox 655 1990 799 2024; x_wconf 84' lang='lat' dir='ltr'><strong>salutaret,</strong></span> <span class='ocrx_word' id='word_1_327' title='bbox 819 1996 946 2019; x_wconf 85' lang='lat' dir='ltr'><strong>auctores</strong></span> <span class='ocrx_word' id='word_1_328' title='bbox 964 1991 1042 2020; x_wconf 90' lang='lat' dir='ltr'><strong>fiunt.</strong></span> 
     </span>
    </p>
   </div>
   <div class='ocr_carea' id='block_1_50' title="bbox 245 2037 1042 2074">
    <p class='ocr_par' dir='ltr' id='par_1_50' title="bbox 245 2037 1042 2074">
     <span class='ocr_line' id='line_1_50' title="bbox 245 2037 1042 2074; baseline 0 -8"><span class='ocrx_word' id='word_1_329' title='bbox 245 2039 352 2074; x_wconf 88' lang='lat' dir='ltr'><strong>Populo</strong></span> <span class='ocrx_word' id='word_1_330' title='bbox 378 2038 461 2074; x_wconf 75' lang='lat' dir='ltr'><strong>igitur</strong></span> <span class='ocrx_word' id='word_1_331' title='bbox 480 2037 621 2065; x_wconf 86' lang='lat' dir='ltr'><strong>turmatim</strong></span> <span class='ocrx_word' id='word_1_332' title='bbox 648 2037 681 2064; x_wconf 87' lang='lat' dir='ltr'><strong>ad</strong></span> <span class='ocrx_word' id='word_1_333' title='bbox 700 2037 846 2065; x_wconf 87' lang='lat' dir='ltr'><strong>ecclesiam</strong></span> <span class='ocrx_word' id='word_1_334' title='bbox 865 2037 1021 2066; x_wconf 82' lang='lat' dir='ltr'><strong>conﬂuente</strong></span> <span class='ocrx_word' id='word_1_335' title='bbox 1033 2059 1042 2071; x_wconf 90' lang='lat'><strong>,</strong></span> 
     </span>
    </p>
   </div>
   <div class='ocr_carea' id='block_1_51' title="bbox 245 2083 1045 2118">
    <p class='ocr_par' dir='ltr' id='par_1_51' title="bbox 245 2083 1045 2118">
     <span class='ocr_line' id='line_1_51' title="bbox 245 2083 1045 2118; baseline -0.001 -7"><span class='ocrx_word' id='word_1_336' title='bbox 245 2084 341 2112; x_wconf 74' lang='lat' dir='ltr'><strong>Aetius</strong></span> <span class='ocrx_word' id='word_1_337' title='bbox 367 2083 512 2112; x_wconf 87' lang='lat' dir='ltr'><strong>eunuchus</strong></span> <span class='ocrx_word' id='word_1_338' title='bbox 531 2083 683 2117; x_wconf 80' lang='lat' dir='ltr'><strong>ingressus,</strong></span> <span class='ocrx_word' id='word_1_339' title='bbox 705 2083 759 2110; x_wconf 81' lang='lat' dir='ltr'><strong>fide</strong></span> <span class='ocrx_word' id='word_1_340' title='bbox 784 2083 853 2118; x_wconf 88' lang='lat' dir='ltr'><strong>ipsis</strong></span> <span class='ocrx_word' id='word_1_341' title='bbox 874 2083 949 2113; x_wconf 80' lang='lat' dir='ltr'><strong>data,</strong></span> <span class='ocrx_word' id='word_1_342' title='bbox 970 2083 1045 2111; x_wconf 88' lang='lat' dir='ltr'><strong>nullo</strong></span> 
     </span>
    </p>
   </div>
   <div class='ocr_carea' id='block_1_52' title="bbox 249 2127 1045 2163">
    <p class='ocr_par' dir='ltr' id='par_1_52' title="bbox 249 2127 1045 2163">
     <span class='ocr_line' id='line_1_52' title="bbox 249 2127 1045 2163; baseline 0 -7"><span class='ocrx_word' id='word_1_343' title='bbox 249 2129 431 2156; x_wconf 86' lang='lat' dir='ltr'><strong>incolumitati</strong></span> <span class='ocrx_word' id='word_1_344' title='bbox 457 2135 552 2155; x_wconf 91' lang='lat' dir='ltr'><strong>eorum</strong></span> <span class='ocrx_word' id='word_1_345' title='bbox 582 2127 751 2163; x_wconf 82' lang='lat' dir='ltr'><strong>providente,</strong></span> <span class='ocrx_word' id='word_1_346' title='bbox 778 2127 851 2162; x_wconf 77' lang='lat' dir='ltr'><strong>ipSOs</strong></span> <span class='ocrx_word' id='word_1_347' title='bbox 881 2128 987 2161; x_wconf 83' lang='lat' dir='ltr'><strong>eduxit,</strong></span> <span class='ocrx_word' id='word_1_348' title='bbox 1017 2134 1045 2156; x_wconf 88' lang='lat' dir='ltr'><strong>et</strong></span> 
     </span>
    </p>
   </div>
   <div class='ocr_carea' id='block_1_53' title="bbox 249 2173 1045 2208">
    <p class='ocr_par' dir='ltr' id='par_1_53' title="bbox 249 2173 1045 2208">
     <span class='ocr_line' id='line_1_53' title="bbox 249 2173 1045 2208; baseline 0 -6"><span class='ocrx_word' id='word_1_349' title='bbox 249 2175 372 2202; x_wconf 87' lang='lat' dir='ltr'><strong>Athenas</strong></span> <span class='ocrx_word' id='word_1_350' title='bbox 389 2174 497 2202; x_wconf 81' lang='lat' dir='ltr'><strong>exsules</strong></span> <span class='ocrx_word' id='word_1_351' title='bbox 510 2174 649 2208; x_wconf 84' lang='lat' dir='ltr'><strong>deportari</strong></span> <span class='ocrx_word' id='word_1_352' title='bbox 667 2173 819 2201; x_wconf 90' lang='lat' dir='ltr'><strong>commisit.</strong></span> <span class='ocrx_word' id='word_1_353' title='bbox 839 2173 973 2202; x_wconf 73' lang='lat' dir='ltr'><strong>Cmterum</strong></span> <span class='ocrx_word' id='word_1_354' title='bbox 991 2175 1045 2202; x_wconf 90' lang='lat' dir='ltr'><strong>duo</strong></span> 
     </span>
    </p>
   </div>
   <div class='ocr_carea' id='block_1_54' title="bbox 1124 653 1890 690">
    <p class='ocr_par' dir='ltr' id='par_1_54' title="bbox 1124 653 1890 690">
     <span class='ocr_line' id='line_1_54' title="bbox 1124 653 1890 690; baseline -0.001 -10"><span class='ocrx_word' id='word_1_355' title='bbox 1124 654 1169 689; x_wconf 84' lang='grc' dir='ltr'><strong>Τῷ</strong></span> <span class='ocrx_word' id='word_1_356' title='bbox 1184 654 1207 680; x_wconf 83' lang='grc' dir='ltr'><strong>δ’</strong></span> <span class='ocrx_word' id='word_1_357' title='bbox 1230 653 1305 690; x_wconf 76' lang='grc' dir='ltr'>αὐτῷ</span> <span class='ocrx_word' id='word_1_358' title='bbox 1322 654 1377 681; x_wconf 72' lang='grc' dir='ltr'>ἔτει</span> <span class='ocrx_word' id='word_1_359' title='bbox 1395 654 1444 681; x_wconf 79' lang='grc' dir='ltr'>καὶ</span> <span class='ocrx_word' id='word_1_360' title='bbox 1460 655 1484 681; x_wconf 82' lang='lat' dir='ltr'><strong>ol</strong></span> <span class='ocrx_word' id='word_1_361' title='bbox 1506 655 1536 681; x_wconf 81' lang='grc' dir='ltr'>ἐν</span> <span class='ocrx_word' id='word_1_362' title='bbox 1548 655 1582 690; x_wconf 80' lang='grc' dir='ltr'><strong>τῇ</strong></span> <span class='ocrx_word' id='word_1_363' title='bbox 1600 654 1694 690; x_wconf 82' lang='grc' dir='ltr'><strong>Ῥώμῃ</strong></span> <span class='ocrx_word' id='word_1_364' title='bbox 1705 654 1728 670; x_wconf 75' lang='grc' dir='ltr'><strong>’θ</strong></span> <span class='ocrx_word' id='word_1_365' title='bbox 1743 654 1890 687; x_wconf 79' lang='grc' dir='ltr'><strong>συγγενεῖς</strong></span> 
     </span>
    </p>
   </div>
   <div class='ocr_carea' id='block_1_55' title="bbox 1087 699 1888 736">
    <p class='ocr_par' dir='ltr' id='par_1_55' title="bbox 1087 699 1888 736">
     <span class='ocr_line' id='line_1_55' title="bbox 1087 699 1888 736; baseline -0.002 -10"><span class='ocrx_word' id='word_1_366' title='bbox 1087 700 1134 726; x_wconf 83' lang='grc' dir='ltr'>τοῦ</span> <span class='ocrx_word' id='word_1_367' title='bbox 1144 699 1282 735; x_wconf 81' lang='grc' dir='ltr'><strong>μακαρίου</strong></span> <span class='ocrx_word' id='word_1_368' title='bbox 1293 700 1372 727; x_wconf 79' lang='grc' dir='ltr'>πάπα</span> <span class='ocrx_word' id='word_1_369' title='bbox 1379 700 1522 736; x_wconf 82' lang='grc' dir='ltr'>Ἀδριανοῦ</span> <span class='ocrx_word' id='word_1_370' title='bbox 1533 701 1749 735; x_wconf 81' lang='grc' dir='ltr'>συγκινήσαντες</span> <span class='ocrx_word' id='word_1_371' title='bbox 1757 699 1888 730; x_wconf 75' lang='grc' dir='ltr'>τὸνλαδν,</span> 
     </span>
    </p>
   </div>
   <div class='ocr_carea' id='block_1_56' title="bbox 1087 746 1889 781">
    <p class='ocr_par' dir='ltr' id='par_1_56' title="bbox 1087 746 1889 781">
     <span class='ocr_line' id='line_1_56' title="bbox 1087 746 1889 781; baseline -0.002 -9"><span class='ocrx_word' id='word_1_372' title='bbox 1087 746 1256 773; x_wconf 71' lang='grc' dir='ltr'><strong>ἐστασίασαν</strong></span> <span class='ocrx_word' id='word_1_373' title='bbox 1268 746 1340 773; x_wconf 85' lang='grc' dir='ltr'>κατὰ</span> <span class='ocrx_word' id='word_1_374' title='bbox 1351 746 1465 778; x_wconf 80' lang='grc' dir='ltr'>Λέοντος</span> <span class='ocrx_word' id='word_1_375' title='bbox 1479 746 1527 773; x_wconf 81' lang='grc' dir='ltr'><strong>τοῦ</strong></span> <span class='ocrx_word' id='word_1_376' title='bbox 1538 747 1628 778; x_wconf 79' lang='grc' dir='ltr'>πάπα,</span> <span class='ocrx_word' id='word_1_377' title='bbox 1638 746 1687 773; x_wconf 76' lang='grc' dir='ltr'>καὶ</span> <span class='ocrx_word' id='word_1_378' title='bbox 1698 746 1889 781; x_wconf 79' lang='grc' dir='ltr'>κρατήσαντες</span> 
     </span>
    </p>
   </div>
   <div class='ocr_carea' id='block_1_57' title="bbox 1089 789 1890 827">
    <p class='ocr_par' dir='ltr' id='par_1_57' title="bbox 1089 789 1890 827">
     <span class='ocr_line' id='line_1_57' title="bbox 1089 789 1890 827; baseline 0.001 -11"><span class='ocrx_word' id='word_1_379' title='bbox 1089 789 1249 824; x_wconf 71' lang='grc' dir='ltr'>ἐτύφλωσαν</span> <span class='ocrx_word' id='word_1_380' title='bbox 1278 791 1378 817; x_wconf 76' lang='grc' dir='ltr'>αὐτόν’</span> <span class='ocrx_word' id='word_1_381' title='bbox 1404 791 1435 818; x_wconf 83' lang='grc' dir='ltr'>οὐ</span> <span class='ocrx_word' id='word_1_382' title='bbox 1469 791 1562 826; x_wconf 73' lang='grc' dir='ltr'>μέντοι</span> <span class='ocrx_word' id='word_1_383' title='bbox 1587 791 1759 827; x_wconf 76' lang='grc' dir='ltr'><strong>ἠδυνήθησαν</strong></span> <span class='ocrx_word' id='word_1_384' title='bbox 1788 790 1890 822; x_wconf 75' lang='grc' dir='ltr'>τελέως</span> 
     </span>
    </p>
   </div>
   <div class='ocr_carea' id='block_1_58' title="bbox 1091 836 1890 872">
    <p class='ocr_par' dir='ltr' id='par_1_58' title="bbox 1091 836 1890 872">
     <span class='ocr_line' id='line_1_58' title="bbox 1091 836 1890 872; baseline -0.001 -9"><span class='ocrx_word' id='word_1_385' title='bbox 1091 837 1185 864; x_wconf 75' lang='grc' dir='ltr'>σϐέσαι</span> <span class='ocrx_word' id='word_1_386' title='bbox 1203 837 1233 864; x_wconf 86' lang='grc' dir='ltr'>τδ</span> <span class='ocrx_word' id='word_1_387' title='bbox 1251 836 1310 872; x_wconf 79' lang='grc' dir='ltr'><strong>φῶς</strong></span> <span class='ocrx_word' id='word_1_388' title='bbox 1324 837 1420 871; x_wconf 79' lang='grc' dir='ltr'>αὐτοῦ,</span> <span class='ocrx_word' id='word_1_389' title='bbox 1434 837 1490 864; x_wconf 83' lang='grc' dir='ltr'><strong>τῶν</strong></span> <span class='ocrx_word' id='word_1_390' title='bbox 1504 837 1704 872; x_wconf 83' lang='grc' dir='ltr'>τυφλωσάντων</span> <span class='ocrx_word' id='word_1_391' title='bbox 1724 837 1807 864; x_wconf 47' lang='grc' dir='ltr'>αὐτόν</span> <span class='ocrx_word' id='word_1_392' title='bbox 1829 837 1890 872; x_wconf 70' lang='grc' dir='ltr'><strong>φιλ-</strong></span> 
     </span>
    </p>
   </div>
   <div class='ocr_carea' id='block_1_59' title="bbox 1091 882 1890 920">
    <p class='ocr_par' dir='ltr' id='par_1_59' title="bbox 1091 882 1890 920">
     <span class='ocr_line' id='line_1_59' title="bbox 1091 882 1890 920; baseline 0 -11"><span class='ocrx_word' id='word_1_393' title='bbox 1091 882 1244 918; x_wconf 79' lang='grc' dir='ltr'><strong>ανθρώπων</strong></span> <span class='ocrx_word' id='word_1_394' title='bbox 1265 883 1360 917; x_wconf 76' lang='grc' dir='ltr'>ὕντων,</span> <span class='ocrx_word' id='word_1_395' title='bbox 1380 885 1429 912; x_wconf 79' lang='grc' dir='ltr'>καὶ</span> <span class='ocrx_word' id='word_1_396' title='bbox 1451 884 1626 920; x_wconf 83' lang='grc' dir='ltr'>φεισαμένων</span> <span class='ocrx_word' id='word_1_397' title='bbox 1649 883 1734 911; x_wconf 75' lang='grc' dir='ltr'>αὐτοῦ</span> <span class='ocrx_word' id='word_1_398' title='bbox 1749 883 1784 911; x_wconf 80' lang='lat'><strong>&quot;.</strong></span> <span class='ocrx_word' id='word_1_399' title='bbox 1808 883 1838 910; x_wconf 87' lang='lat'><strong>&#39;0</strong></span> <span class='ocrx_word' id='word_1_400' title='bbox 1861 883 1890 909; x_wconf 77' lang='grc' dir='ltr'><strong>δὲ</strong></span> 
     </span>
    </p>
   </div>
   <div class='ocr_carea' id='block_1_60' title="bbox 1093 929 1891 967">
    <p class='ocr_par' dir='ltr' id='par_1_60' title="bbox 1093 929 1891 967">
     <span class='ocr_line' id='line_1_60' title="bbox 1093 929 1891 967; baseline -0.001 -11"><span class='ocrx_word' id='word_1_401' title='bbox 1093 929 1261 966; x_wconf 81' lang='grc' dir='ltr'>προσφυγὼν</span> <span class='ocrx_word' id='word_1_402' title='bbox 1282 930 1321 965; x_wconf 84' lang='grc' dir='ltr'>τῷ</span> <span class='ocrx_word' id='word_1_403' title='bbox 1342 931 1407 967; x_wconf 71' lang='grc' dir='ltr'><strong>ρηγὶ</strong></span> <span class='ocrx_word' id='word_1_404' title='bbox 1423 930 1478 957; x_wconf 80' lang='grc' dir='ltr'><strong>τῶν</strong></span> <span class='ocrx_word' id='word_1_405' title='bbox 1496 931 1632 967; x_wconf 71' lang='grc' dir='ltr'><strong>Φράγγων</strong></span> <span class='ocrx_word' id='word_1_406' title='bbox 1652 930 1800 966; x_wconf 76' lang='grc' dir='ltr'>Καρούλῳ,</span> <span class='ocrx_word' id='word_1_407' title='bbox 1818 929 1891 965; x_wconf 75' lang='grc' dir='ltr'><strong>ἠμύο</strong></span> 
     </span>
    </p>
   </div>
   <div class='ocr_carea' id='block_1_61' title="bbox 1093 975 1890 1012">
    <p class='ocr_par' dir='ltr' id='par_1_61' title="bbox 1093 975 1890 1012">
     <span class='ocr_line' id='line_1_61' title="bbox 1093 975 1890 1012; baseline 0.001 -11"><span class='ocrx_word' id='word_1_408' title='bbox 1093 984 1158 1002; x_wconf 85' lang='grc' dir='ltr'>νατο</span> <span class='ocrx_word' id='word_1_409' title='bbox 1169 976 1231 1007; x_wconf 75' lang='grc' dir='ltr'>τοὺς</span> <span class='ocrx_word' id='word_1_410' title='bbox 1248 975 1364 1011; x_wconf 82' lang='grc' dir='ltr'>ἐχθροὺς</span> <span class='ocrx_word' id='word_1_411' title='bbox 1381 976 1465 1002; x_wconf 82' lang='grc' dir='ltr'>αὐτοῦ</span> <span class='ocrx_word' id='word_1_412' title='bbox 1476 977 1499 993; x_wconf 79' lang='grc'><strong>⁹¹</strong></span> <span class='ocrx_word' id='word_1_413' title='bbox 1514 976 1634 1012; x_wconf 80' lang='grc' dir='ltr'><strong>πικρῶς,</strong></span> <span class='ocrx_word' id='word_1_414' title='bbox 1654 976 1703 1003; x_wconf 80' lang='grc' dir='ltr'>καὶ</span> <span class='ocrx_word' id='word_1_415' title='bbox 1718 975 1800 1003; x_wconf 79' lang='grc' dir='ltr'>πάλιν</span> <span class='ocrx_word' id='word_1_416' title='bbox 1817 976 1890 1002; x_wconf 85' lang='grc' dir='ltr'>ἀπο-</span> 
     </span>
    </p>
   </div>
   <div class='ocr_carea' id='block_1_62' title="bbox 1093 1022 1890 1059">
    <p class='ocr_par' dir='ltr' id='par_1_62' title="bbox 1093 1022 1890 1059">
     <span class='ocr_line' id='line_1_62' title="bbox 1093 1022 1890 1059; baseline 0.001 -11"><span class='ocrx_word' id='word_1_417' title='bbox 1093 1022 1263 1058; x_wconf 80' lang='grc' dir='ltr'><strong>κατέστησεν</strong></span> <span class='ocrx_word' id='word_1_418' title='bbox 1278 1023 1300 1040; x_wconf 85' lang='grc'><strong>’³</strong></span> <span class='ocrx_word' id='word_1_419' title='bbox 1315 1023 1398 1050; x_wconf 79' lang='grc' dir='ltr'>αὑτὸν</span> <span class='ocrx_word' id='word_1_420' title='bbox 1413 1024 1454 1056; x_wconf 81' lang='grc' dir='ltr'><strong>είς</strong></span> <span class='ocrx_word' id='word_1_421' title='bbox 1472 1024 1517 1051; x_wconf 72' lang='grc' dir='ltr'>τὸν</span> <span class='ocrx_word' id='word_1_422' title='bbox 1532 1024 1599 1051; x_wconf 85' lang='grc' dir='ltr'>ῐδιον</span> <span class='ocrx_word' id='word_1_423' title='bbox 1614 1023 1720 1059; x_wconf 79' lang='grc' dir='ltr'><strong>θρόνον,</strong></span> <span class='ocrx_word' id='word_1_424' title='bbox 1735 1022 1890 1058; x_wconf 77' lang='grc' dir='ltr'><strong>γενομένης</strong></span> 
     </span>
    </p>
   </div>
   <div class='ocr_carea' id='block_1_63' title="bbox 1092 1068 1891 1104">
    <p class='ocr_par' dir='ltr' id='par_1_63' title="bbox 1092 1068 1891 1104">
     <span class='ocr_line' id='line_1_63' title="bbox 1092 1068 1891 1104; baseline 0 -10"><span class='ocrx_word' id='word_1_425' title='bbox 1092 1069 1142 1103; x_wconf 82' lang='grc' dir='ltr'>τῆς</span> <span class='ocrx_word' id='word_1_426' title='bbox 1159 1068 1270 1104; x_wconf 84' lang='grc' dir='ltr'><strong>Ῥώμης</strong></span> <span class='ocrx_word' id='word_1_427' title='bbox 1283 1068 1331 1095; x_wconf 82' lang='grc' dir='ltr'><strong>ἀπ’</strong></span> <span class='ocrx_word' id='word_1_428' title='bbox 1355 1069 1462 1096; x_wconf 76' lang='grc' dir='ltr'>ἐκείνου</span> <span class='ocrx_word' id='word_1_429' title='bbox 1479 1069 1527 1096; x_wconf 84' lang='grc' dir='ltr'>τοῦ</span> <span class='ocrx_word' id='word_1_430' title='bbox 1539 1069 1562 1086; x_wconf 71' lang='grc'><strong>⁸⁵</strong></span> <span class='ocrx_word' id='word_1_431' title='bbox 1579 1069 1678 1104; x_wconf 81' lang='grc' dir='ltr'><strong>καιροῦ</strong></span> <span class='ocrx_word' id='word_1_432' title='bbox 1693 1069 1746 1095; x_wconf 79' lang='grc' dir='ltr'>ὑπὸ</span> <span class='ocrx_word' id='word_1_433' title='bbox 1767 1069 1820 1104; x_wconf 82' lang='grc' dir='ltr'><strong>τὴν</strong></span> <span class='ocrx_word' id='word_1_434' title='bbox 1844 1069 1891 1102; x_wconf 72' lang='grc' dir='ltr'><strong>ἐξ·</strong></span> 
     </span>
    </p>
   </div>
   <div class='ocr_carea' id='block_1_64' title="bbox 1092 1114 1890 1151">
    <p class='ocr_par' dir='ltr' id='par_1_64' title="bbox 1092 1114 1890 1151">
     <span class='ocr_line' id='line_1_64' title="bbox 1092 1114 1890 1151; baseline 0.003 -11"><span class='ocrx_word' id='word_1_435' title='bbox 1092 1114 1188 1141; x_wconf 81' lang='grc' dir='ltr'>ουσίαν</span> <span class='ocrx_word' id='word_1_436' title='bbox 1208 1114 1262 1141; x_wconf 86' lang='grc' dir='ltr'>τῶν</span> <span class='ocrx_word' id='word_1_437' title='bbox 1283 1115 1430 1150; x_wconf 77' lang='grc' dir='ltr'><strong>Φράγγων.</strong></span> <span class='ocrx_word' id='word_1_438' title='bbox 1453 1116 1482 1142; x_wconf 85' lang='lat'>&#39;0</span> <span class='ocrx_word' id='word_1_439' title='bbox 1507 1116 1536 1143; x_wconf 69' lang='grc' dir='ltr'><strong>δὲ</strong></span> <span class='ocrx_word' id='word_1_440' title='bbox 1555 1117 1602 1143; x_wconf 70' lang='grc' dir='ltr'><strong>τὸν</strong></span> <span class='ocrx_word' id='word_1_441' title='bbox 1618 1116 1760 1151; x_wconf 74' lang='grc' dir='ltr'>Κάρου).ον</span> <span class='ocrx_word' id='word_1_442' title='bbox 1774 1115 1890 1151; x_wconf 73' lang='grc' dir='ltr'><strong>ἀμεισὸ-</strong></span> 
     </span>
    </p>
   </div>
   <div class='ocr_carea' id='block_1_65' title="bbox 1094 1160 1891 1198">
    <p class='ocr_par' dir='ltr' id='par_1_65' title="bbox 1094 1160 1891 1198">
     <span class='ocr_line' id='line_1_65' title="bbox 1094 1160 1891 1198; baseline 0.001 -11"><span class='ocrx_word' id='word_1_443' title='bbox 1094 1169 1184 1196; x_wconf 82' lang='grc' dir='ltr'>μενος,</span> <span class='ocrx_word' id='word_1_444' title='bbox 1205 1161 1319 1196; x_wconf 75' lang='grc' dir='ltr'>ἔστεψεν</span> <span class='ocrx_word' id='word_1_445' title='bbox 1346 1162 1428 1190; x_wconf 67' lang='grc' dir='ltr'>αὐτὸν</span> <span class='ocrx_word' id='word_1_446' title='bbox 1447 1164 1487 1194; x_wconf 77' lang='grc' dir='ltr'><strong>είς</strong></span> <span class='ocrx_word' id='word_1_447' title='bbox 1506 1162 1620 1198; x_wconf 79' lang='grc' dir='ltr'>βασιλέα</span> <span class='ocrx_word' id='word_1_448' title='bbox 1640 1162 1784 1198; x_wconf 85' lang='grc' dir='ltr'>Ῥωμαίων</span> <span class='ocrx_word' id='word_1_449' title='bbox 1806 1163 1836 1188; x_wconf 87' lang='grc' dir='ltr'>ὲν</span> <span class='ocrx_word' id='word_1_450' title='bbox 1850 1160 1891 1196; x_wconf 84' lang='grc' dir='ltr'>τῷ</span> 
     </span>
    </p>
   </div>
   <div class='ocr_carea' id='block_1_66' title="bbox 1092 1206 1891 1244">
    <p class='ocr_par' dir='ltr' id='par_1_66' title="bbox 1092 1206 1891 1244">
     <span class='ocr_line' id='line_1_66' title="bbox 1092 1206 1891 1244; baseline 0.003 -12"><span class='ocrx_word' id='word_1_451' title='bbox 1092 1206 1149 1241; x_wconf 83' lang='grc' dir='ltr'>ναῷ</span> <span class='ocrx_word' id='word_1_452' title='bbox 1175 1206 1222 1233; x_wconf 79' lang='grc' dir='ltr'>τοῦ</span> <span class='ocrx_word' id='word_1_453' title='bbox 1244 1207 1322 1241; x_wconf 78' lang='grc' dir='ltr'>ἁγίου</span> <span class='ocrx_word' id='word_1_454' title='bbox 1357 1208 1523 1235; x_wconf 81' lang='grc' dir='ltr'>’Λποστόλου</span> <span class='ocrx_word' id='word_1_455' title='bbox 1549 1209 1664 1243; x_wconf 80' lang='grc' dir='ltr'>Πέτρου,</span> <span class='ocrx_word' id='word_1_456' title='bbox 1688 1209 1787 1244; x_wconf 75' lang='grc' dir='ltr'>χρίσας</span> <span class='ocrx_word' id='word_1_457' title='bbox 1806 1208 1891 1244; x_wconf 75' lang='grc' dir='ltr'>ἐλαίῳ</span> 
     </span>
    </p>
   </div>
   <div class='ocr_carea' id='block_1_67' title="bbox 1093 1252 1890 1290">
    <p class='ocr_par' dir='ltr' id='par_1_67' title="bbox 1093 1252 1890 1290">
     <span class='ocr_line' id='line_1_67' title="bbox 1093 1252 1890 1290; baseline 0.001 -11"><span class='ocrx_word' id='word_1_458' title='bbox 1093 1252 1147 1279; x_wconf 77' lang='grc' dir='ltr'><strong>ἀπὸ</strong></span> <span class='ocrx_word' id='word_1_459' title='bbox 1163 1253 1286 1288; x_wconf 77' lang='grc' dir='ltr'>κεφαλῆς</span> <span class='ocrx_word' id='word_1_460' title='bbox 1302 1254 1325 1270; x_wconf 75' lang='grc'><strong>⁸⁵</strong></span> <span class='ocrx_word' id='word_1_461' title='bbox 1341 1254 1394 1286; x_wconf 76' lang='grc' dir='ltr'><strong>ἕως</strong></span> <span class='ocrx_word' id='word_1_462' title='bbox 1411 1254 1500 1281; x_wconf 82' lang='grc' dir='ltr'>ποδῶν</span> <span class='ocrx_word' id='word_1_463' title='bbox 1516 1254 1585 1290; x_wconf 83' lang='grc'><strong>(99),</strong></span> <span class='ocrx_word' id='word_1_464' title='bbox 1603 1255 1651 1282; x_wconf 78' lang='grc' dir='ltr'>καὶ</span> <span class='ocrx_word' id='word_1_465' title='bbox 1667 1254 1825 1290; x_wconf 80' lang='grc' dir='ltr'>περιὸιιλὼν</span> <span class='ocrx_word' id='word_1_466' title='bbox 1839 1254 1890 1289; x_wconf 79' lang='grc' dir='ltr'><strong>βα-</strong></span> 
     </span>
    </p>
   </div>
   <div class='ocr_carea' id='block_1_68' title="bbox 1093 1299 1890 1336">
    <p class='ocr_par' dir='ltr' id='par_1_68' title="bbox 1093 1299 1890 1336">
     <span class='ocr_line' id='line_1_68' title="bbox 1093 1299 1890 1336; baseline 0.001 -11"><span class='ocrx_word' id='word_1_467' title='bbox 1093 1299 1201 1334; x_wconf 78' lang='grc' dir='ltr'>σιλικὴν</span> <span class='ocrx_word' id='word_1_468' title='bbox 1218 1299 1319 1334; x_wconf 77' lang='grc' dir='ltr'>ἐσθῆτα</span> <span class='ocrx_word' id='word_1_469' title='bbox 1337 1300 1384 1326; x_wconf 78' lang='grc' dir='ltr'>καὶ</span> <span class='ocrx_word' id='word_1_470' title='bbox 1408 1300 1518 1335; x_wconf 80' lang='grc' dir='ltr'>στέφος,</span> <span class='ocrx_word' id='word_1_471' title='bbox 1540 1301 1605 1336; x_wconf 80' lang='grc' dir='ltr'>μηνὶ</span> <span class='ocrx_word' id='word_1_472' title='bbox 1624 1300 1785 1336; x_wconf 78' lang='grc' dir='ltr'>Δεκεμϐρίῳ</span> <span class='ocrx_word' id='word_1_473' title='bbox 1797 1300 1821 1316; x_wconf 78' lang='grc'><strong>’⁸</strong></span> <span class='ocrx_word' id='word_1_474' title='bbox 1838 1303 1890 1334; x_wconf 77' lang='grc' dir='ltr'>κε’,</span> 
     </span>
    </p>
   </div>
   <div class='ocr_carea' id='block_1_69' title="bbox 1094 1345 1423 1381">
    <p class='ocr_par' dir='ltr' id='par_1_69' title="bbox 1094 1345 1423 1381">
     <span class='ocr_line' id='line_1_69' title="bbox 1094 1345 1423 1381; baseline 0.003 -10"><span class='ocrx_word' id='word_1_475' title='bbox 1094 1345 1244 1372; x_wconf 75' lang='grc' dir='ltr'>ἰνδικῖιῶνι</span> <span class='ocrx_word' id='word_1_476' title='bbox 1257 1345 1357 1381; x_wconf 82' lang='grc' dir='ltr'>ὲννάτῃ</span> <span class='ocrx_word' id='word_1_477' title='bbox 1373 1346 1395 1381; x_wconf 79' lang='grc'>(1</span> <span class='ocrx_word' id='word_1_478' title='bbox 1403 1346 1423 1377; x_wconf 93' lang='grc'><strong>).</strong></span> 
     </span>
    </p>
   </div>
   <div class='ocr_carea' id='block_1_70' title="bbox 1127 1390 1892 1428">
    <p class='ocr_par' dir='ltr' id='par_1_70' title="bbox 1127 1390 1892 1428">
     <span class='ocr_line' id='line_1_70' title="bbox 1127 1390 1892 1428; baseline 0 -10"><span class='ocrx_word' id='word_1_479' title='bbox 1127 1392 1160 1418; x_wconf 81' lang='grc' dir='ltr'><strong>Α.</strong></span> <span class='ocrx_word' id='word_1_480' title='bbox 1182 1390 1217 1418; x_wconf 77' lang='grc' dir='ltr'><strong>Μ.</strong></span> <span class='ocrx_word' id='word_1_481' title='bbox 1230 1391 1312 1419; x_wconf 68' lang='grc' dir='ltr'><strong>6Ξ90.</strong></span> <span class='ocrx_word' id='word_1_482' title='bbox 1326 1407 1361 1412; x_wconf 86' lang='lat'>—</span> <span class='ocrx_word' id='word_1_483' title='bbox 1380 1391 1532 1427; x_wconf 76' lang='grc' dir='ltr'><strong>Ῥωμαίων</strong></span> <span class='ocrx_word' id='word_1_484' title='bbox 1546 1392 1741 1426; x_wconf 73' lang='grc' dir='ltr'>βασιλίσσης</span> <span class='ocrx_word' id='word_1_485' title='bbox 1758 1392 1892 1428; x_wconf 81' lang='grc' dir='ltr'>Ειρήνης</span> 
     </span>
    </p>
   </div>
   <div class='ocr_carea' id='block_1_71' title="bbox 1091 1435 1315 1470">
    <p class='ocr_par' dir='ltr' id='par_1_71' title="bbox 1091 1435 1315 1470">
     <span class='ocr_line' id='line_1_71' title="bbox 1091 1435 1315 1470; baseline 0.004 -7"><span class='ocrx_word' id='word_1_486' title='bbox 1091 1435 1186 1463; x_wconf 75' lang='grc' dir='ltr'>πάλιν</span> <span class='ocrx_word' id='word_1_487' title='bbox 1200 1437 1269 1470; x_wconf 79' lang='grc' dir='ltr'>ἔτος</span> <span class='ocrx_word' id='word_1_488' title='bbox 1279 1436 1315 1464; x_wconf 88' lang='lat' dir='ltr'><strong>a&#39;.</strong></span> 
     </span>
    </p>
   </div>
   <div class='ocr_carea' id='block_1_72' title="bbox 1128 1482 1892 1520">
    <p class='ocr_par' dir='ltr' id='par_1_72' title="bbox 1128 1482 1892 1520">
     <span class='ocr_line' id='line_1_72' title="bbox 1128 1482 1892 1520; baseline 0.003 -12"><span class='ocrx_word' id='word_1_489' title='bbox 1128 1482 1223 1518; x_wconf 82' lang='grc' dir='ltr'><strong>Τούτῳ</strong></span> <span class='ocrx_word' id='word_1_490' title='bbox 1239 1483 1277 1517; x_wconf 79' lang='grc' dir='ltr'><strong>τῷ</strong></span> <span class='ocrx_word' id='word_1_491' title='bbox 1292 1483 1349 1510; x_wconf 81' lang='grc' dir='ltr'>ἔτει</span> <span class='ocrx_word' id='word_1_492' title='bbox 1367 1484 1531 1519; x_wconf 85' lang='grc' dir='ltr'>κρατήσασα</span> <span class='ocrx_word' id='word_1_493' title='bbox 1551 1485 1656 1520; x_wconf 70' lang='grc' dir='ltr'>Εἰρήνη</span> <span class='ocrx_word' id='word_1_494' title='bbox 1667 1485 1718 1519; x_wconf 85' lang='grc' dir='ltr'>τὴν</span> <span class='ocrx_word' id='word_1_495' title='bbox 1737 1484 1892 1517; x_wconf 75' lang='grc' dir='ltr'>βασιλείαν,</span> 
     </span>
    </p>
   </div>
   <div class='ocr_carea' id='block_1_73' title="bbox 1092 1529 1893 1566">
    <p class='ocr_par' dir='ltr' id='par_1_73' title="bbox 1092 1529 1893 1566">
     <span class='ocr_line' id='line_1_73' title="bbox 1092 1529 1893 1566; baseline 0.001 -11"><span class='ocrx_word' id='word_1_496' title='bbox 1092 1529 1251 1562; x_wconf 80' lang='grc' dir='ltr'>παραυτίκα</span> <span class='ocrx_word' id='word_1_497' title='bbox 1263 1529 1425 1556; x_wconf 77' lang='grc' dir='ltr'>ἀποστέλλει</span> <span class='ocrx_word' id='word_1_498' title='bbox 1435 1529 1575 1565; x_wconf 79' lang='grc' dir='ltr'>Δωρόθεον</span> <span class='ocrx_word' id='word_1_499' title='bbox 1589 1531 1636 1557; x_wconf 78' lang='grc' dir='ltr'>τὸν</span> <span class='ocrx_word' id='word_1_500' title='bbox 1648 1530 1803 1566; x_wconf 79' lang='grc' dir='ltr'>ἡγούμενον</span> <span class='ocrx_word' id='word_1_501' title='bbox 1816 1530 1893 1564; x_wconf 84' lang='grc' dir='ltr'>Χρυ-</span> 
     </span>
    </p>
   </div>
   <div class='ocr_carea' id='block_1_74' title="bbox 1092 1575 1891 1611">
    <p class='ocr_par' dir='ltr' id='par_1_74' title="bbox 1092 1575 1891 1611">
     <span class='ocr_line' id='line_1_74' title="bbox 1092 1575 1891 1611; baseline 0 -10"><span class='ocrx_word' id='word_1_502' title='bbox 1092 1575 1227 1606; x_wconf 81' lang='grc' dir='ltr'>σοπόλεως</span> <span class='ocrx_word' id='word_1_503' title='bbox 1247 1575 1296 1601; x_wconf 75' lang='grc' dir='ltr'>καὶ</span> <span class='ocrx_word' id='word_1_504' title='bbox 1320 1575 1529 1603; x_wconf 83' lang='grc' dir='ltr'>Κωνσταντῐνον</span> <span class='ocrx_word' id='word_1_505' title='bbox 1542 1575 1738 1611; x_wconf 78' lang='grc' dir='ltr'>χαρτοφύλακα</span> <span class='ocrx_word' id='word_1_506' title='bbox 1760 1575 1811 1609; x_wconf 79' lang='grc' dir='ltr'>τῆς</span> <span class='ocrx_word' id='word_1_507' title='bbox 1829 1575 1891 1602; x_wconf 80' lang='lat' dir='ltr'><strong>Ms-</strong></span> 
     </span>
    </p>
   </div>
   <div class='ocr_carea' id='block_1_75' title="bbox 1093 1621 1892 1658">
    <p class='ocr_par' dir='ltr' id='par_1_75' title="bbox 1093 1621 1892 1658">
     <span class='ocr_line' id='line_1_75' title="bbox 1093 1621 1892 1658; baseline 0 -10"><span class='ocrx_word' id='word_1_508' title='bbox 1093 1621 1181 1656; x_wconf 82' lang='grc' dir='ltr'>γάλης</span> <span class='ocrx_word' id='word_1_509' title='bbox 1207 1621 1371 1657; x_wconf 77' lang='grc' dir='ltr'>Ἐκκλησίας</span> <span class='ocrx_word' id='word_1_510' title='bbox 1396 1622 1465 1658; x_wconf 80' lang='grc' dir='ltr'>πρὸς</span> <span class='ocrx_word' id='word_1_511' title='bbox 1504 1622 1649 1658; x_wconf 77' lang='grc' dir='ltr'><strong>Ἀϐιμέλεχ</strong></span> <span class='ocrx_word' id='word_1_512' title='bbox 1674 1623 1835 1658; x_wconf 77' lang='grc' dir='ltr'>ληϊζόμενον</span> <span class='ocrx_word' id='word_1_513' title='bbox 1855 1623 1892 1649; x_wconf 76' lang='grc' dir='ltr'>τὰ</span> 
     </span>
    </p>
   </div>
   <div class='ocr_carea' id='block_1_76' title="bbox 1095 1668 1892 1704">
    <p class='ocr_par' dir='ltr' id='par_1_76' title="bbox 1095 1668 1892 1704">
     <span class='ocr_line' id='line_1_76' title="bbox 1095 1668 1892 1704; baseline 0.003 -10"><span class='ocrx_word' id='word_1_514' title='bbox 1095 1668 1168 1703; x_wconf 84' lang='grc' dir='ltr'>μέρη</span> <span class='ocrx_word' id='word_1_515' title='bbox 1198 1668 1396 1700; x_wconf 75' lang='grc' dir='ltr'>Καππαδοκίας</span> <span class='ocrx_word' id='word_1_516' title='bbox 1427 1669 1476 1696; x_wconf 81' lang='grc' dir='ltr'>καὶ</span> <span class='ocrx_word' id='word_1_517' title='bbox 1501 1668 1650 1701; x_wconf 81' lang='grc' dir='ltr'>Γαλατίας,</span> <span class='ocrx_word' id='word_1_518' title='bbox 1681 1669 1892 1704; x_wconf 74' lang='grc' dir='ltr'>πρεσϐευομένη</span> 
     </span>
    </p>
   </div>
   <div class='ocr_carea' id='block_1_77' title="bbox 1095 1714 1892 1750">
    <p class='ocr_par' dir='ltr' id='par_1_77' title="bbox 1095 1714 1892 1750">
     <span class='ocr_line' id='line_1_77' title="bbox 1095 1714 1892 1750; baseline 0 -10"><span class='ocrx_word' id='word_1_519' title='bbox 1095 1714 1162 1750; x_wconf 75' lang='grc' dir='ltr'>περὶ</span> <span class='ocrx_word' id='word_1_520' title='bbox 1180 1714 1294 1750; x_wconf 75' lang='grc' dir='ltr'>εξρήνης</span> <span class='ocrx_word' id='word_1_521' title='bbox 1304 1723 1310 1729; x_wconf 94' lang='grc'><strong>·</strong></span> <span class='ocrx_word' id='word_1_522' title='bbox 1325 1715 1357 1741; x_wconf 83' lang='grc' dir='ltr'>οὐ</span> <span class='ocrx_word' id='word_1_523' title='bbox 1372 1714 1485 1749; x_wconf 83' lang='grc' dir='ltr'>γέγονεν</span> <span class='ocrx_word' id='word_1_524' title='bbox 1502 1715 1541 1748; x_wconf 75' lang='grc' dir='ltr'><strong>δὲ,</strong></span> <span class='ocrx_word' id='word_1_525' title='bbox 1558 1715 1606 1742; x_wconf 71' lang='grc' dir='ltr'>καὶ</span> <span class='ocrx_word' id='word_1_526' title='bbox 1617 1715 1639 1731; x_wconf 73' lang='grc'><strong>⁸⁷</strong></span> <span class='ocrx_word' id='word_1_527' title='bbox 1656 1715 1695 1750; x_wconf 82' lang='grc' dir='ltr'>τῷ</span> <span class='ocrx_word' id='word_1_528' title='bbox 1710 1715 1858 1750; x_wconf 74' lang='grc' dir='ltr'>Νοεμϐρίῳ</span> <span class='ocrx_word' id='word_1_529' title='bbox 1869 1715 1892 1732; x_wconf 65' lang='grc' dir='ltr'><strong><em>κ</em></strong></span> 
     </span>
    </p>
   </div>
   <div class='ocr_carea' id='block_1_78' title="bbox 1097 1760 1893 1796">
    <p class='ocr_par' dir='ltr' id='par_1_78' title="bbox 1097 1760 1893 1796">
     <span class='ocr_line' id='line_1_78' title="bbox 1097 1760 1893 1796; baseline 0 -9"><span class='ocrx_word' id='word_1_530' title='bbox 1097 1760 1163 1795; x_wconf 75' lang='grc' dir='ltr'>μηνὶ</span> <span class='ocrx_word' id='word_1_531' title='bbox 1182 1761 1255 1792; x_wconf 76' lang='grc' dir='ltr'>τινὲς</span> <span class='ocrx_word' id='word_1_532' title='bbox 1270 1760 1448 1796; x_wconf 78' lang='grc' dir='ltr'>νεωτερισταὶ</span> <span class='ocrx_word' id='word_1_533' title='bbox 1461 1761 1677 1796; x_wconf 80' lang='grc' dir='ltr'>φρουρουμένοις</span> <span class='ocrx_word' id='word_1_534' title='bbox 1691 1762 1746 1792; x_wconf 80' lang='grc' dir='ltr'>τοῖς</span> <span class='ocrx_word' id='word_1_535' title='bbox 1760 1761 1830 1793; x_wconf 66' lang='lat' dir='ltr'><strong>olei;</strong></span> <span class='ocrx_word' id='word_1_536' title='bbox 1843 1760 1893 1787; x_wconf 81' lang='grc' dir='ltr'><strong>τοῦ</strong></span> 
     </span>
    </p>
   </div>
   <div class='ocr_carea' id='block_1_79' title="bbox 1097 1805 1893 1841">
    <p class='ocr_par' dir='ltr' id='par_1_79' title="bbox 1097 1805 1893 1841">
     <span class='ocr_line' id='line_1_79' title="bbox 1097 1805 1893 1841; baseline 0 -9"><span class='ocrx_word' id='word_1_537' title='bbox 1097 1805 1234 1841; x_wconf 80' lang='grc' dir='ltr'>θεομάχου</span> <span class='ocrx_word' id='word_1_538' title='bbox 1250 1806 1459 1833; x_wconf 84' lang='grc' dir='ltr'>Κωνσταντίνου</span> <span class='ocrx_word' id='word_1_539' title='bbox 1477 1807 1506 1832; x_wconf 77' lang='grc' dir='ltr'>ὲν</span> <span class='ocrx_word' id='word_1_540' title='bbox 1523 1805 1563 1841; x_wconf 85' lang='grc' dir='ltr'>τῷ</span> <span class='ocrx_word' id='word_1_541' title='bbox 1581 1806 1706 1841; x_wconf 84' lang='grc' dir='ltr'>παλατίῳ</span> <span class='ocrx_word' id='word_1_542' title='bbox 1725 1805 1781 1832; x_wconf 86' lang='grc' dir='ltr'><strong>τῶν</strong></span> <span class='ocrx_word' id='word_1_543' title='bbox 1801 1805 1893 1840; x_wconf 85' lang='grc' dir='ltr'>Θερα-</span> 
     </span>
    </p>
   </div>
   <div class='ocr_carea' id='block_1_80' title="bbox 1097 1851 1894 1887">
    <p class='ocr_par' dir='ltr' id='par_1_80' title="bbox 1097 1851 1894 1887">
     <span class='ocr_line' id='line_1_80' title="bbox 1097 1851 1894 1887; baseline -0.001 -9"><span class='ocrx_word' id='word_1_544' title='bbox 1097 1852 1188 1884; x_wconf 80' lang='grc' dir='ltr'>πείας,</span> <span class='ocrx_word' id='word_1_545' title='bbox 1210 1851 1352 1879; x_wconf 78' lang='grc' dir='ltr'>πείθουσιν</span> <span class='ocrx_word' id='word_1_546' title='bbox 1374 1852 1475 1884; x_wconf 76' lang='grc' dir='ltr'>αὐτοὺς</span> <span class='ocrx_word' id='word_1_547' title='bbox 1491 1852 1513 1869; x_wconf 73' lang='grc'><strong>’⁸</strong></span> <span class='ocrx_word' id='word_1_548' title='bbox 1529 1853 1701 1887; x_wconf 74' lang='grc' dir='ltr'>προσφυγεῖν</span> <span class='ocrx_word' id='word_1_549' title='bbox 1719 1853 1753 1887; x_wconf 79' lang='grc' dir='ltr'><strong>τῇ</strong></span> <span class='ocrx_word' id='word_1_550' title='bbox 1777 1851 1894 1887; x_wconf 80' lang='grc' dir='ltr'><strong>Μεγάλῃ</strong></span> 
     </span>
    </p>
   </div>
   <div class='ocr_carea' id='block_1_81' title="bbox 1094 1898 1896 1934">
    <p class='ocr_par' dir='ltr' id='par_1_81' title="bbox 1094 1898 1896 1934">
     <span class='ocr_line' id='line_1_81' title="bbox 1094 1898 1896 1934; baseline -0.001 -9"><span class='ocrx_word' id='word_1_551' title='bbox 1094 1898 1246 1934; x_wconf 74' lang='grc' dir='ltr'>Ἐκκλησία</span> <span class='ocrx_word' id='word_1_552' title='bbox 1265 1899 1285 1931; x_wconf 88' lang='grc'><strong>¹,</strong></span> <span class='ocrx_word' id='word_1_553' title='bbox 1316 1899 1364 1926; x_wconf 70' lang='grc' dir='ltr'>καὶ</span> <span class='ocrx_word' id='word_1_554' title='bbox 1380 1899 1461 1934; x_wconf 63' lang='grc' dir='ltr'>δῆθεν</span> <span class='ocrx_word' id='word_1_555' title='bbox 1484 1898 1650 1933; x_wconf 80' lang='grc' dir='ltr'>αἰτήσασθαι</span> <span class='ocrx_word' id='word_1_556' title='bbox 1674 1898 1828 1933; x_wconf 70' lang='grc' dir='ltr'>ἀσφάλειαν</span> <span class='ocrx_word' id='word_1_557' title='bbox 1843 1899 1896 1934; x_wconf 80' lang='grc' dir='ltr'>τῆς</span> 
     </span>
    </p>
   </div>
   <div class='ocr_carea' id='block_1_82' title="bbox 1097 1943 1895 1980">
    <p class='ocr_par' dir='ltr' id='par_1_82' title="bbox 1097 1943 1895 1980">
     <span class='ocr_line' id='line_1_82' title="bbox 1097 1943 1895 1980; baseline 0 -10"><span class='ocrx_word' id='word_1_558' title='bbox 1097 1943 1168 1978; x_wconf 80' lang='grc' dir='ltr'>μετὰ</span> <span class='ocrx_word' id='word_1_559' title='bbox 1182 1944 1270 1971; x_wconf 81' lang='grc' dir='ltr'>ταῦτα</span> <span class='ocrx_word' id='word_1_560' title='bbox 1288 1944 1437 1976; x_wconf 75' lang='grc' dir='ltr'>ἀδλαὸείας</span> <span class='ocrx_word' id='word_1_561' title='bbox 1453 1945 1554 1977; x_wconf 82' lang='grc' dir='ltr'>αὐτῶν,</span> <span class='ocrx_word' id='word_1_562' title='bbox 1569 1945 1606 1977; x_wconf 87' lang='grc' dir='ltr'>ὡς</span> <span class='ocrx_word' id='word_1_563' title='bbox 1622 1945 1666 1972; x_wconf 84' lang='grc' dir='ltr'><strong>διὰ</strong></span> <span class='ocrx_word' id='word_1_564' title='bbox 1681 1944 1811 1980; x_wconf 73' lang='grc' dir='ltr'>τοιαύτης</span> <span class='ocrx_word' id='word_1_565' title='bbox 1826 1952 1895 1978; x_wconf 80' lang='grc' dir='ltr'>προ-</span> 
     </span>
    </p>
   </div>
   <div class='ocr_carea' id='block_1_83' title="bbox 1097 1989 1894 2027">
    <p class='ocr_par' dir='ltr' id='par_1_83' title="bbox 1097 1989 1894 2027">
     <span class='ocr_line' id='line_1_83' title="bbox 1097 1989 1894 2027; baseline 0.001 -11"><span class='ocrx_word' id='word_1_566' title='bbox 1097 1989 1206 2024; x_wconf 73' lang='grc' dir='ltr'>φάσεως</span> <span class='ocrx_word' id='word_1_567' title='bbox 1219 1990 1403 2027; x_wconf 74' lang='grc' dir='ltr'>ἀναγορεῦσαι</span> <span class='ocrx_word' id='word_1_568' title='bbox 1415 1991 1445 2024; x_wconf 80' lang='grc' dir='ltr'>ἐξ</span> <span class='ocrx_word' id='word_1_569' title='bbox 1456 1991 1547 2018; x_wconf 80' lang='grc' dir='ltr'>αὐτῶν</span> <span class='ocrx_word' id='word_1_570' title='bbox 1558 1992 1568 2006; x_wconf 77' lang='grc'><em>³</em></span> <span class='ocrx_word' id='word_1_571' title='bbox 1580 1991 1703 2026; x_wconf 81' lang='grc' dir='ltr'>βασιλέα.</span> <span class='ocrx_word' id='word_1_572' title='bbox 1721 1991 1777 2017; x_wconf 72' lang='grc' dir='ltr'><strong>Καὶ</strong></span> <span class='ocrx_word' id='word_1_573' title='bbox 1794 1990 1894 2017; x_wconf 75' lang='grc' dir='ltr'>πολλοῦ</span> 
     </span>
    </p>
   </div>
   <div class='ocr_carea' id='block_1_84' title="bbox 1096 2036 1895 2073">
    <p class='ocr_par' dir='ltr' id='par_1_84' title="bbox 1096 2036 1895 2073">
     <span class='ocr_line' id='line_1_84' title="bbox 1096 2036 1895 2073; baseline 0.003 -11"><span class='ocrx_word' id='word_1_574' title='bbox 1096 2036 1163 2063; x_wconf 83' lang='grc' dir='ltr'>λαοῦ</span> <span class='ocrx_word' id='word_1_575' title='bbox 1176 2038 1204 2063; x_wconf 82' lang='grc' dir='ltr'>ὲν</span> <span class='ocrx_word' id='word_1_576' title='bbox 1215 2038 1249 2072; x_wconf 83' lang='grc' dir='ltr'><strong>τῇ</strong></span> <span class='ocrx_word' id='word_1_577' title='bbox 1262 2036 1396 2073; x_wconf 76' lang='grc' dir='ltr'>ἐκκλησίᾳ</span> <span class='ocrx_word' id='word_1_578' title='bbox 1405 2037 1638 2073; x_wconf 83' lang='grc' dir='ltr'>προσδραμόντος,</span> <span class='ocrx_word' id='word_1_579' title='bbox 1647 2037 1777 2064; x_wconf 72' lang='grc' dir='ltr'>εἰσελθὼν</span> <span class='ocrx_word' id='word_1_580' title='bbox 1790 2037 1895 2069; x_wconf 80' lang='grc' dir='ltr'>’Δέτιος</span> 
     </span>
    </p>
   </div>
   <div class='ocr_carea' id='block_1_85' title="bbox 1096 2083 1896 2120">
    <p class='ocr_par' dir='ltr' id='par_1_85' title="bbox 1096 2083 1896 2120">
     <span class='ocr_line' id='line_1_85' title="bbox 1096 2083 1896 2120; baseline 0.006 -11"><span class='ocrx_word' id='word_1_581' title='bbox 1096 2083 1110 2109; x_wconf 83' lang='grc' dir='ltr'><strong>ὁ</strong></span> <span class='ocrx_word' id='word_1_582' title='bbox 1123 2083 1252 2119; x_wconf 76' lang='grc' dir='ltr'>εὐνοῦχος</span> <span class='ocrx_word' id='word_1_583' title='bbox 1262 2084 1407 2120; x_wconf 87' lang='grc' dir='ltr'>πατρίκιος</span> <span class='ocrx_word' id='word_1_584' title='bbox 1424 2084 1560 2119; x_wconf 66' lang='grc' dir='ltr'><strong>ἐξήγαγεν</strong></span> <span class='ocrx_word' id='word_1_585' title='bbox 1572 2084 1681 2116; x_wconf 74' lang='grc' dir='ltr'>αὐτοὺς,</span> <span class='ocrx_word' id='word_1_586' title='bbox 1691 2084 1764 2118; x_wconf 81' lang='grc' dir='ltr'>λόγῳ</span> <span class='ocrx_word' id='word_1_587' title='bbox 1779 2083 1896 2119; x_wconf 72' lang='grc' dir='ltr'>μηδενὸς</span> 
     </span>
    </p>
   </div>
   <div class='ocr_carea' id='block_1_86' title="bbox 1097 2129 1894 2166">
    <p class='ocr_par' dir='ltr' id='par_1_86' title="bbox 1097 2129 1894 2166">
     <span class='ocr_line' id='line_1_86' title="bbox 1097 2129 1894 2166; baseline -0.001 -11"><span class='ocrx_word' id='word_1_588' title='bbox 1097 2129 1189 2162; x_wconf 78' lang='grc' dir='ltr'>αὐτοῖς</span> <span class='ocrx_word' id='word_1_589' title='bbox 1206 2130 1383 2166; x_wconf 84' lang='grc' dir='ltr'>προσχόντος,</span> <span class='ocrx_word' id='word_1_590' title='bbox 1394 2131 1442 2157; x_wconf 78' lang='grc' dir='ltr'>καὶ</span> <span class='ocrx_word' id='word_1_591' title='bbox 1452 2130 1584 2166; x_wconf 78' lang='grc' dir='ltr'>ἐξώρισεν</span> <span class='ocrx_word' id='word_1_592' title='bbox 1598 2129 1698 2162; x_wconf 72' lang='grc' dir='ltr'>αὐτοὺς</span> <span class='ocrx_word' id='word_1_593' title='bbox 1710 2130 1751 2161; x_wconf 75' lang='grc' dir='ltr'><strong>είς</strong></span> <span class='ocrx_word' id='word_1_594' title='bbox 1763 2129 1894 2164; x_wconf 69' lang='grc' dir='ltr'>Ἀθήνας.</span> 
     </span>
    </p>
   </div>
   <div class='ocr_carea' id='block_1_87' title="bbox 1098 2175 1894 2213">
    <p class='ocr_par' dir='ltr' id='par_1_87' title="bbox 1098 2175 1894 2213">
     <span class='ocr_line' id='line_1_87' title="bbox 1098 2175 1894 2213; baseline -0.001 -10"><span class='ocrx_word' id='word_1_595' title='bbox 1098 2177 1130 2204; x_wconf 84' lang='lat' dir='ltr'><strong>Ol</strong></span> <span class='ocrx_word' id='word_1_596' title='bbox 1149 2177 1178 2203; x_wconf 79' lang='grc' dir='ltr'><strong>δὲ</strong></span> <span class='ocrx_word' id='word_1_597' title='bbox 1199 2176 1246 2203; x_wconf 85' lang='grc' dir='ltr'><strong>δύο</strong></span> <span class='ocrx_word' id='word_1_598' title='bbox 1265 2176 1417 2212; x_wconf 83' lang='grc' dir='ltr'>πατρίκιοι,</span> <span class='ocrx_word' id='word_1_599' title='bbox 1434 2177 1449 2204; x_wconf 81' lang='grc' dir='ltr'><strong>ὅ</strong></span> <span class='ocrx_word' id='word_1_600' title='bbox 1465 2185 1495 2204; x_wconf 87' lang='grc' dir='ltr'><strong>τε</strong></span> <span class='ocrx_word' id='word_1_601' title='bbox 1512 2176 1682 2213; x_wconf 81' lang='grc' dir='ltr'>Σταυράκιος</span> <span class='ocrx_word' id='word_1_602' title='bbox 1706 2177 1756 2203; x_wconf 78' lang='grc' dir='ltr'>καὶ</span> <span class='ocrx_word' id='word_1_603' title='bbox 1777 2175 1894 2208; x_wconf 73' lang='grc' dir='ltr'>’Δέτιος,</span> 
     </span>
    </p>
   </div>
   <div class='ocr_carea' id='block_1_88' title="bbox 890 2231 1228 2263">
    <p class='ocr_par' dir='ltr' id='par_1_88' title="bbox 890 2231 1228 2263">
     <span class='ocr_line' id='line_1_88' title="bbox 890 2231 1228 2263; baseline 0.015 -5"><span class='ocrx_word' id='word_1_604' title='bbox 890 2231 931 2259; x_wconf 83' lang='lat' dir='ltr'><strong>VA</strong></span> <span class='ocrx_word' id='word_1_605' title='bbox 937 2232 1008 2259; x_wconf 77' lang='lat' dir='ltr'><strong>Rl/E</strong></span> <span class='ocrx_word' id='word_1_606' title='bbox 1021 2233 1228 2263; x_wconf 79' lang='lat' dir='ltr'><strong>LECTIONES.</strong></span> 
     </span>
    </p>
   </div>
   <div class='ocr_carea' id='block_1_89' title="bbox 304 2276 1895 2316">
    <p class='ocr_par' dir='ltr' id='par_1_89' title="bbox 304 2276 1895 2316">
     <span class='ocr_line' id='line_1_89' title="bbox 304 2276 1895 2316; baseline 0.001 -11"><span class='ocrx_word' id='word_1_607' title='bbox 304 2279 328 2295; x_wconf 82' lang='grc'><strong><em>⁸⁹</em></strong></span> <span class='ocrx_word' id='word_1_608' title='bbox 341 2277 387 2305; x_wconf 77' lang='grc' dir='ltr'>τοῦ</span> <span class='ocrx_word' id='word_1_609' title='bbox 399 2277 461 2316; x_wconf 80' lang='lat' dir='ltr'><strong>add.</strong></span> <span class='ocrx_word' id='word_1_610' title='bbox 481 2285 515 2316; x_wconf 80' lang='lat' dir='ltr'><strong>ex</strong></span> <span class='ocrx_word' id='word_1_611' title='bbox 533 2277 567 2304; x_wconf 80' lang='grc' dir='ltr'><strong>Α.</strong></span> <span class='ocrx_word' id='word_1_612' title='bbox 591 2277 628 2316; x_wconf 83' lang='lat'><strong>_&quot;</strong></span> <span class='ocrx_word' id='word_1_613' title='bbox 645 2278 675 2304; x_wconf 70' lang='grc' dir='ltr'>ἐν</span> <span class='ocrx_word' id='word_1_614' title='bbox 686 2278 720 2316; x_wconf 71' lang='grc' dir='ltr'><strong>τῇ</strong></span> <span class='ocrx_word' id='word_1_615' title='bbox 742 2276 836 2316; x_wconf 66' lang='grc' dir='ltr'><strong>Ῥᾡμῃ</strong></span> <span class='ocrx_word' id='word_1_616' title='bbox 850 2278 883 2316; x_wconf 89' lang='lat' dir='ltr'><strong>A_,</strong></span> <span class='ocrx_word' id='word_1_617' title='bbox 897 2278 948 2316; x_wconf 73' lang='grc' dir='ltr'>τῆς</span> <span class='ocrx_word' id='word_1_618' title='bbox 966 2278 1077 2315; x_wconf 83' lang='grc' dir='ltr'>Ῥώμης</span> <span class='ocrx_word' id='word_1_619' title='bbox 1091 2281 1165 2315; x_wconf 79' lang='lat' dir='ltr'><strong>vnlg.</strong></span> <span class='ocrx_word' id='word_1_620' title='bbox 1204 2280 1226 2296; x_wconf 83' lang='lat'><strong>&quot;</strong></span> <span class='ocrx_word' id='word_1_621' title='bbox 1237 2281 1319 2308; x_wconf 81' lang='grc' dir='ltr'>αὐτοῦ</span> <span class='ocrx_word' id='word_1_622' title='bbox 1338 2281 1371 2313; x_wconf 80' lang='grc' dir='ltr'><strong>Α,</strong></span> <span class='ocrx_word' id='word_1_623' title='bbox 1387 2280 1462 2316; x_wconf 85' lang='grc' dir='ltr'><strong>αὑτῴ</strong></span> <span class='ocrx_word' id='word_1_624' title='bbox 1482 2283 1556 2316; x_wconf 75' lang='lat' dir='ltr'><strong>vulg.</strong></span> <span class='ocrx_word' id='word_1_625' title='bbox 1594 2282 1616 2297; x_wconf 85' lang='grc'>⁹¹</span> <span class='ocrx_word' id='word_1_626' title='bbox 1633 2280 1716 2307; x_wconf 80' lang='grc' dir='ltr'>αὑτοῦ</span> <span class='ocrx_word' id='word_1_627' title='bbox 1730 2280 1796 2307; x_wconf 83' lang='lat' dir='ltr'><strong>add.</strong></span> <span class='ocrx_word' id='word_1_628' title='bbox 1813 2287 1848 2307; x_wconf 74' lang='lat' dir='ltr'><strong>ex</strong></span> <span class='ocrx_word' id='word_1_629' title='bbox 1862 2279 1895 2316; x_wconf 59' lang='grc' dir='ltr'><strong>Α.</strong></span> 
     </span>
    </p>
   </div>
   <div class='ocr_carea' id='block_1_90' title="bbox 249 2312 738 2348">
    <p class='ocr_par' dir='ltr' id='par_1_90' title="bbox 249 2312 738 2348">
     <span class='ocr_line' id='line_1_90' title="bbox 249 2312 738 2348; baseline -0.002 -8"><span class='ocrx_word' id='word_1_630' title='bbox 249 2316 273 2332; x_wconf 70' lang='grc'><strong>’³</strong></span> <span class='ocrx_word' id='word_1_631' title='bbox 295 2314 463 2341; x_wconf 65' lang='grc' dir='ltr'>ἀποκατέστ.</span> <span class='ocrx_word' id='word_1_632' title='bbox 479 2314 512 2345; x_wconf 80' lang='grc' dir='ltr'><strong>Α,</strong></span> <span class='ocrx_word' id='word_1_633' title='bbox 530 2312 642 2340; x_wconf 82' lang='grc' dir='ltr'>κατέστ.</span> <span class='ocrx_word' id='word_1_634' title='bbox 662 2313 738 2348; x_wconf 76' lang='lat' dir='ltr'><strong>vnlg.</strong></span> 
     </span>
    </p>
   </div>
   <div class='ocr_carea' id='block_1_91' title="bbox 249 2348 697 2384">
    <p class='ocr_par' dir='ltr' id='par_1_91' title="bbox 249 2348 697 2384">
     <span class='ocr_line' id='line_1_91' title="bbox 249 2348 697 2384; baseline -0.004 -7"><span class='ocrx_word' id='word_1_635' title='bbox 249 2354 312 2377; x_wconf 83' lang='grc' dir='ltr'>Δεκ.</span> <span class='ocrx_word' id='word_1_636' title='bbox 330 2350 405 2384; x_wconf 80' lang='lat' dir='ltr'><strong>vulg.</strong></span> <span class='ocrx_word' id='word_1_637' title='bbox 440 2348 461 2364; x_wconf 80' lang='grc'><strong>³⁷</strong></span> <span class='ocrx_word' id='word_1_638' title='bbox 475 2348 523 2374; x_wconf 74' lang='grc' dir='ltr'>καὶ</span> <span class='ocrx_word' id='word_1_639' title='bbox 534 2348 598 2376; x_wconf 87' lang='lat' dir='ltr'><strong>add.</strong></span> <span class='ocrx_word' id='word_1_640' title='bbox 616 2356 648 2376; x_wconf 82' lang='lat' dir='ltr'><strong>ex</strong></span> <span class='ocrx_word' id='word_1_641' title='bbox 664 2349 697 2375; x_wconf 77' lang='grc' dir='ltr'><strong>Δ.</strong></span> 
     </span>
    </p>
   </div>
   <div class='ocr_carea' id='block_1_92' title="bbox 248 2384 506 2413">
    <p class='ocr_par' dir='ltr' id='par_1_92' title="bbox 248 2384 506 2413">
     <span class='ocr_line' id='line_1_92' title="bbox 248 2384 506 2413; baseline -0.012 0"><span class='ocrx_word' id='word_1_642' title='bbox 248 2385 340 2413; x_wconf 77' lang='grc' dir='ltr'>αὐτῶν</span> <span class='ocrx_word' id='word_1_643' title='bbox 352 2385 414 2413; x_wconf 87' lang='lat' dir='ltr'><strong>add.</strong></span> <span class='ocrx_word' id='word_1_644' title='bbox 426 2391 458 2412; x_wconf 79' lang='lat' dir='ltr'><strong>ex</strong></span> <span class='ocrx_word' id='word_1_645' title='bbox 472 2384 506 2410; x_wconf 85' lang='lat' dir='ltr'><strong>A.</strong></span> 
     </span>
    </p>
   </div>
   <div class='ocr_carea' id='block_1_93' title="bbox 790 2313 1686 2352">
    <p class='ocr_par' dir='ltr' id='par_1_93' title="bbox 790 2313 1686 2352">
     <span class='ocr_line' id='line_1_93' title="bbox 790 2313 1686 2352; baseline 0.003 -13"><span class='ocrx_word' id='word_1_646' title='bbox 790 2313 813 2352; x_wconf 67' lang='lat'><strong>’_‘</strong></span> <span class='ocrx_word' id='word_1_647' title='bbox 828 2313 878 2352; x_wconf 55' lang='grc' dir='ltr'>τοῦ</span> <span class='ocrx_word' id='word_1_648' title='bbox 894 2313 1060 2352; x_wconf 41' lang='grc' dir='ltr'><strong>σύμπεχᾏζ</strong></span> <span class='ocrx_word' id='word_1_649' title='bbox 1073 2315 1119 2352; x_wconf 30' lang='lat' dir='ltr'><strong>ﬁ&quot;</strong></span> <span class='ocrx_word' id='word_1_650' title='bbox 1130 2313 1184 2342; x_wconf 70' lang='grc' dir='ltr'>άπὸ</span> <span class='ocrx_word' id='word_1_651' title='bbox 1198 2325 1262 2350; x_wconf 87' lang='grc' dir='ltr'>κεφ.</span> <span class='ocrx_word' id='word_1_652' title='bbox 1278 2318 1311 2345; x_wconf 81' lang='grc' dir='ltr'><strong>Λ.</strong></span> <span class='ocrx_word' id='word_1_653' title='bbox 1326 2317 1380 2343; x_wconf 71' lang='grc' dir='ltr'><strong>ἀπὸ</strong></span> <span class='ocrx_word' id='word_1_654' title='bbox 1390 2313 1480 2351; x_wconf 44' lang='grc' dir='ltr'>τῆς-κ.</span> <span class='ocrx_word' id='word_1_655' title='bbox 1495 2313 1569 2352; x_wconf 74' lang='lat' dir='ltr'><strong>vulg.</strong></span> <span class='ocrx_word' id='word_1_656' title='bbox 1587 2317 1631 2352; x_wconf 22' lang='lat' dir='ltr'><strong>ﬂ&quot;</strong></span> <span class='ocrx_word' id='word_1_657' title='bbox 1648 2325 1686 2351; x_wconf 86' lang='grc' dir='ltr'>μη</span> 
     </span>
    </p>
   </div>
   <div class='ocr_carea' id='block_1_94' title="bbox 740 2347 1896 2388">
    <p class='ocr_par' dir='ltr' id='par_1_94' title="bbox 740 2347 1896 2388">
     <span class='ocr_line' id='line_1_94' title="bbox 740 2347 1896 2388; baseline 0 -12"><span class='ocrx_word' id='word_1_658' title='bbox 740 2347 763 2365; x_wconf 84' lang='grc'><strong>⁹⁸</strong></span> <span class='ocrx_word' id='word_1_659' title='bbox 774 2348 813 2383; x_wconf 84' lang='grc' dir='ltr'>τῷ</span> <span class='ocrx_word' id='word_1_660' title='bbox 828 2348 986 2385; x_wconf 79' lang='grc' dir='ltr'>Ὀκτωὸρὶῳ</span> <span class='ocrx_word' id='word_1_661' title='bbox 1003 2350 1036 2377; x_wconf 85' lang='grc' dir='ltr'><strong>Α.</strong></span> <span class='ocrx_word' id='word_1_662' title='bbox 1071 2351 1093 2367; x_wconf 78' lang='grc'><em>’³</em></span> <span class='ocrx_word' id='word_1_663' title='bbox 1109 2351 1208 2383; x_wconf 71' lang='grc' dir='ltr'>αὐτοὺς</span> <span class='ocrx_word' id='word_1_664' title='bbox 1222 2347 1254 2385; x_wconf 70' lang='grc' dir='ltr'><strong>Ᾰ,</strong></span> <span class='ocrx_word' id='word_1_665' title='bbox 1276 2352 1368 2384; x_wconf 74' lang='grc' dir='ltr'>αὐτοῖς</span> <span class='ocrx_word' id='word_1_666' title='bbox 1381 2347 1454 2387; x_wconf 79' lang='lat' dir='ltr'><strong>vulg.</strong></span> <span class='ocrx_word' id='word_1_667' title='bbox 1490 2353 1498 2368; x_wconf 90' lang='grc'>¹</span> <span class='ocrx_word' id='word_1_668' title='bbox 1516 2347 1632 2388; x_wconf 74' lang='grc' dir='ltr'><strong>Μέγάλῃ</strong></span> <span class='ocrx_word' id='word_1_669' title='bbox 1642 2347 1748 2379; x_wconf 61' lang='lat' dir='ltr'><strong>add.“</strong></span> <span class='ocrx_word' id='word_1_670' title='bbox 1762 2350 1797 2378; x_wconf 78' lang='grc' dir='ltr'><strong>Α.</strong></span> <span class='ocrx_word' id='word_1_671' title='bbox 1839 2352 1849 2366; x_wconf 81' lang='grc'>³</span> <span class='ocrx_word' id='word_1_672' title='bbox 1865 2347 1896 2383; x_wconf 78' lang='grc' dir='ltr'><strong>ἐξ</strong></span> 
     </span>
    </p>
   </div>
   <div class='ocr_carea' id='block_1_95' title="bbox 1688 2315 1894 2349">
    <p class='ocr_par' dir='ltr' id='par_1_95' title="bbox 1688 2315 1894 2349">
     <span class='ocr_line' id='line_1_95' title="bbox 1688 2315 1894 2349; baseline 0 -8"><span class='ocrx_word' id='word_1_673' title='bbox 1688 2316 1714 2342; x_wconf 74' lang='lat' dir='ltr'><strong>vi.</strong></span> <span class='ocrx_word' id='word_1_674' title='bbox 1726 2317 1792 2343; x_wconf 87' lang='grc' dir='ltr'>Δεκ.</span> <span class='ocrx_word' id='word_1_675' title='bbox 1807 2315 1841 2346; x_wconf 85' lang='lat' dir='ltr'><strong>A,</strong></span> <span class='ocrx_word' id='word_1_676' title='bbox 1854 2315 1894 2349; x_wconf 78' lang='grc' dir='ltr'>τῷ</span> 
     </span>
    </p>
   </div>
   <div class='ocr_carea' id='block_1_96' title="bbox 890 2440 1219 2470">
    <p class='ocr_par' dir='ltr' id='par_1_96' title="bbox 890 2440 1219 2470">
     <span class='ocr_line' id='line_1_96' title="bbox 890 2440 1219 2470; baseline -0.003 -1"><span class='ocrx_word' id='word_1_677' title='bbox 890 2441 960 2470; x_wconf 81' lang='lat' dir='ltr'><strong>JAC.</strong></span> <span class='ocrx_word' id='word_1_678' title='bbox 977 2441 1083 2469; x_wconf 78' lang='lat' dir='ltr'><strong>GOARI</strong></span> <span class='ocrx_word' id='word_1_679' title='bbox 1104 2440 1219 2469; x_wconf 68' lang='lat' dir='ltr'><strong>NOTAE.</strong></span> 
     </span>
    </p>
   </div>
   <div class='ocr_carea' id='block_1_97' title="bbox 269 2504 1045 2573">
    <p class='ocr_par' dir='ltr' id='par_1_97' title="bbox 269 2504 1045 2573">
     <span class='ocr_line' id='line_1_97' title="bbox 285 2504 1042 2539; baseline -0.003 -8"><span class='ocrx_word' id='word_1_680' title='bbox 285 2504 341 2539; x_wconf 82' lang='lat'><strong>(99)</strong></span> <span class='ocrx_word' id='word_1_681' title='bbox 360 2504 437 2537; x_wconf 86' lang='lat' dir='ltr'><strong>Quod</strong></span> <span class='ocrx_word' id='word_1_682' title='bbox 468 2504 494 2530; x_wconf 94' lang='lat' dir='ltr'><strong>in</strong></span> <span class='ocrx_word' id='word_1_683' title='bbox 523 2504 731 2530; x_wconf 78' lang='lat' dir='ltr'><strong>confirmatione</strong></span> <span class='ocrx_word' id='word_1_684' title='bbox 760 2507 846 2530; x_wconf 89' lang='lat' dir='ltr'><strong>totum</strong></span> <span class='ocrx_word' id='word_1_685' title='bbox 872 2510 973 2538; x_wconf 88' lang='lat' dir='ltr'><strong>corpus</strong></span> <span class='ocrx_word' id='word_1_686' title='bbox 991 2511 1042 2530; x_wconf 80' lang='lat' dir='ltr'><strong>un—</strong></span> 
     </span>
     <span class='ocr_line' id='line_1_98' title="bbox 269 2537 1045 2573; baseline -0.001 -6"><span class='ocrx_word' id='word_1_687' title='bbox 269 2545 352 2567; x_wconf 93' lang='lat' dir='ltr'><strong>uento</strong></span> <span class='ocrx_word' id='word_1_688' title='bbox 383 2546 464 2566; x_wconf 85' lang='lat' dir='ltr'><strong>sacro</strong></span> <span class='ocrx_word' id='word_1_689' title='bbox 496 2538 646 2566; x_wconf 90' lang='lat' dir='ltr'><strong>delibutum</strong></span> <span class='ocrx_word' id='word_1_690' title='bbox 675 2537 762 2565; x_wconf 71' lang='lat' dir='ltr'><strong>Graeci</strong></span> <span class='ocrx_word' id='word_1_691' title='bbox 790 2538 884 2571; x_wconf 71' lang='lat' dir='ltr'><strong>velint,</strong></span> <span class='ocrx_word' id='word_1_692' title='bbox 913 2539 955 2565; x_wconf 86' lang='lat' dir='ltr'><strong>vel</strong></span> <span class='ocrx_word' id='word_1_693' title='bbox 972 2539 1045 2573; x_wconf 84' lang='lat' dir='ltr'><strong>quod</strong></span> 
     </span>
    </p>
   </div>
   <div class='ocr_carea' id='block_1_98' title="bbox 262 2573 1045 2609">
    <p class='ocr_par' dir='ltr' id='par_1_98' title="bbox 262 2573 1045 2609">
     <span class='ocr_line' id='line_1_99' title="bbox 262 2573 1045 2609; baseline -0.003 -7"><span class='ocrx_word' id='word_1_694' title='bbox 262 2575 338 2603; x_wconf 76' lang='lat' dir='ltr'><strong>.atini</strong></span> <span class='ocrx_word' id='word_1_695' title='bbox 369 2581 464 2608; x_wconf 80' lang='lat' dir='ltr'><strong>regum</strong></span> <span class='ocrx_word' id='word_1_696' title='bbox 480 2581 594 2601; x_wconf 91' lang='lat' dir='ltr'><strong>suorum</strong></span> <span class='ocrx_word' id='word_1_697' title='bbox 613 2573 693 2609; x_wconf 85' lang='lat' dir='ltr'><strong>plura</strong></span> <span class='ocrx_word' id='word_1_698' title='bbox 711 2573 845 2606; x_wconf 86' lang='lat' dir='ltr'><strong>membra,</strong></span> <span class='ocrx_word' id='word_1_699' title='bbox 866 2577 949 2608; x_wconf 89' lang='lat' dir='ltr'><strong>caput</strong></span> <span class='ocrx_word' id='word_1_700' title='bbox 963 2574 1045 2601; x_wconf 91' lang='lat' dir='ltr'><strong>nimi-</strong></span> 
     </span>
    </p>
   </div>
   <div class='ocr_carea' id='block_1_99' title="bbox 244 2608 1048 2645">
    <p class='ocr_par' dir='ltr' id='par_1_99' title="bbox 244 2608 1048 2645">
     <span class='ocr_line' id='line_1_100' title="bbox 244 2608 1048 2645; baseline -0.004 -7"><span class='ocrx_word' id='word_1_701' title='bbox 244 2617 323 2643; x_wconf 73' lang='lat' dir='ltr'><strong>Tum,</strong></span> <span class='ocrx_word' id='word_1_702' title='bbox 337 2615 442 2645; x_wconf 86' lang='lat' dir='ltr'><strong>pectus,</strong></span> <span class='ocrx_word' id='word_1_703' title='bbox 458 2609 595 2645; x_wconf 78' lang='lat' dir='ltr'><strong>scapulas,</strong></span> <span class='ocrx_word' id='word_1_704' title='bbox 613 2608 744 2645; x_wconf 63' lang='lat' dir='ltr'><strong>brachia,</strong></span> <span class='ocrx_word' id='word_1_705' title='bbox 767 2616 849 2644; x_wconf 87' lang='lat' dir='ltr'><strong>quam</strong></span> <span class='ocrx_word' id='word_1_706' title='bbox 879 2609 930 2644; x_wconf 88' lang='lat' dir='ltr'><strong>ipsi</strong></span> <span class='ocrx_word' id='word_1_707' title='bbox 945 2613 1048 2644; x_wconf 78' lang='lat' dir='ltr'><strong>ungant</strong></span> 
     </span>
    </p>
   </div>
   <div class='ocr_carea' id='block_1_100' title="bbox 249 2643 1047 2680">
    <p class='ocr_par' dir='ltr' id='par_1_100' title="bbox 249 2643 1047 2680">
     <span class='ocr_line' id='line_1_101' title="bbox 249 2643 1047 2680; baseline 0 -8"><span class='ocrx_word' id='word_1_708' title='bbox 249 2643 482 2680; x_wconf 78' lang='lat' dir='ltr'><strong>imperatoribus;</strong></span> <span class='ocrx_word' id='word_1_709' title='bbox 500 2644 589 2672; x_wconf 85' lang='lat' dir='ltr'><strong>Caroli</strong></span> <span class='ocrx_word' id='word_1_710' title='bbox 613 2643 648 2671; x_wconf 79' lang='grc' dir='ltr'><strong>Μ.</strong></span> <span class='ocrx_word' id='word_1_711' title='bbox 662 2648 762 2680; x_wconf 69' lang='lat' dir='ltr'><strong>totum</strong></span> <span class='ocrx_word' id='word_1_712' title='bbox 786 2643 932 2680; x_wconf 31' lang='lat' dir='ltr'><strong>corpus’a</strong></span> <span class='ocrx_word' id='word_1_713' title='bbox 946 2643 1047 2672; x_wconf 78' lang='lat' dir='ltr'><strong>vertice</strong></span> 
     </span>
    </p>
   </div>
   <div class='ocr_carea' id='block_1_101' title="bbox 249 2679 1047 2716">
    <p class='ocr_par' dir='ltr' id='par_1_101' title="bbox 249 2679 1047 2716">
     <span class='ocr_line' id='line_1_102' title="bbox 249 2679 1047 2716; baseline -0.001 -9"><span class='ocrx_word' id='word_1_714' title='bbox 249 2679 382 2716; x_wconf 17' lang='lat' dir='ltr'><strong>adipedes</strong></span> <span class='ocrx_word' id='word_1_715' title='bbox 399 2680 530 2708; x_wconf 85' lang='lat' dir='ltr'><strong>unctione</strong></span> <span class='ocrx_word' id='word_1_716' title='bbox 543 2687 622 2707; x_wconf 85' lang='lat' dir='ltr'><strong>sacra</strong></span> <span class='ocrx_word' id='word_1_717' title='bbox 651 2679 749 2706; x_wconf 90' lang='lat' dir='ltr'><strong>illitum</strong></span> <span class='ocrx_word' id='word_1_718' title='bbox 776 2680 888 2715; x_wconf 86' lang='lat' dir='ltr'><strong>scripsit</strong></span> <span class='ocrx_word' id='word_1_719' title='bbox 903 2679 1047 2715; x_wconf 85' lang='lat' dir='ltr'><strong>Theopha-</strong></span> 
     </span>
    </p>
   </div>
   <div class='ocr_carea' id='block_1_102' title="bbox 249 2724 308 2744">
    <p class='ocr_par' dir='ltr' id='par_1_102' title="bbox 249 2724 308 2744">
     <span class='ocr_line' id='line_1_103' title="bbox 249 2724 308 2744; baseline 0 -1"><span class='ocrx_word' id='word_1_720' title='bbox 249 2724 308 2744; x_wconf 75' lang='lat' dir='ltr'><strong>nes.</strong></span> 
     </span>
    </p>
   </div>
   <div class='ocr_carea' id='block_1_103' title="bbox 287 2750 1046 2786">
    <p class='ocr_par' dir='ltr' id='par_1_103' title="bbox 287 2750 1046 2786">
     <span class='ocr_line' id='line_1_104' title="bbox 287 2750 1046 2786; baseline 0 -8"><span class='ocrx_word' id='word_1_721' title='bbox 287 2750 516 2786; x_wconf 69' lang='lat' dir='ltr'><strong>(UT/teophanes,</strong></span> <span class='ocrx_word' id='word_1_722' title='bbox 542 2755 572 2778; x_wconf 91' lang='lat' dir='ltr'><strong>ut</strong></span> <span class='ocrx_word' id='word_1_723' title='bbox 585 2751 717 2786; x_wconf 87' lang='lat' dir='ltr'><strong>scriptum</strong></span> <span class='ocrx_word' id='word_1_724' title='bbox 742 2750 997 2785; x_wconf 81' lang='lat' dir='ltr'><strong>reliquitBaronius</strong></span> <span class='ocrx_word' id='word_1_725' title='bbox 1013 2750 1046 2778; x_wconf 90' lang='lat' dir='ltr'><strong>ad</strong></span> 
     </span>
    </p>
   </div>
   <div class='ocr_carea' id='block_1_104' title="bbox 251 2785 1048 2818">
    <p class='ocr_par' dir='ltr' id='par_1_104' title="bbox 251 2785 1048 2818">
     <span class='ocr_line' id='line_1_105' title="bbox 251 2785 1048 2818; baseline -0.001 -5"><span class='ocrx_word' id='word_1_726' title='bbox 251 2794 354 2813; x_wconf 88' lang='lat' dir='ltr'><strong>annum</strong></span> <span class='ocrx_word' id='word_1_727' title='bbox 371 2786 478 2814; x_wconf 82' lang='lat' dir='ltr'><strong>Domini</strong></span> <span class='ocrx_word' id='word_1_728' title='bbox 499 2786 560 2818; x_wconf 77' lang='lat'><strong>800,</strong></span> <span class='ocrx_word' id='word_1_729' title='bbox 580 2785 657 2813; x_wconf 80' lang='lat' dir='ltr'><strong>num.</strong></span> <span class='ocrx_word' id='word_1_730' title='bbox 673 2786 700 2815; x_wconf 83' lang='lat'><strong>6.</strong></span> <span class='ocrx_word' id='word_1_731' title='bbox 718 2790 873 2813; x_wconf 81' lang='lat' dir='ltr'><strong>coronatum</strong></span> <span class='ocrx_word' id='word_1_732' title='bbox 896 2786 978 2812; x_wconf 83' lang='lat' dir='ltr'><strong>tradit</strong></span> <span class='ocrx_word' id='word_1_733' title='bbox 997 2785 1048 2814; x_wconf 85' lang='lat' dir='ltr'><strong>Ca-</strong></span> 
     </span>
    </p>
   </div>
   <div class='ocr_carea' id='block_1_105' title="bbox 251 2820 1046 2856">
    <p class='ocr_par' dir='ltr' id='par_1_105' title="bbox 251 2820 1046 2856">
     <span class='ocr_line' id='line_1_106' title="bbox 251 2820 1046 2856; baseline 0.001 -10"><span class='ocrx_word' id='word_1_734' title='bbox 251 2821 338 2848; x_wconf 85' lang='lat' dir='ltr'><strong>rolum</strong></span> <span class='ocrx_word' id='word_1_735' title='bbox 351 2830 367 2848; x_wconf 85' lang='grc' dir='ltr'><strong>α</strong></span> <span class='ocrx_word' id='word_1_736' title='bbox 382 2820 498 2848; x_wconf 85' lang='lat' dir='ltr'><strong>Romano</strong></span> <span class='ocrx_word' id='word_1_737' title='bbox 519 2822 641 2856; x_wconf 78' lang='lat' dir='ltr'><strong>pontiﬁce</strong></span> <span class='ocrx_word' id='word_1_738' title='bbox 656 2820 786 2848; x_wconf 73' lang='lat' dir='ltr'><strong>Kalendis</strong></span> <span class='ocrx_word' id='word_1_739' title='bbox 808 2820 951 2856; x_wconf 23' lang='grc' dir='ltr'><strong>νΙωιυαι-ἱὶ,</strong></span> <span class='ocrx_word' id='word_1_740' title='bbox 974 2821 1046 2847; x_wconf 77' lang='lat' dir='ltr'><strong>indi-</strong></span> 
     </span>
    </p>
   </div>
   <div class='ocr_carea' id='block_1_106' title="bbox 252 2855 1045 2884">
    <p class='ocr_par' dir='ltr' id='par_1_106' title="bbox 252 2855 1045 2884">
     <span class='ocr_line' id='line_1_107' title="bbox 252 2855 1045 2884; baseline 0.003 -3"><span class='ocrx_word' id='word_1_741' title='bbox 252 2856 347 2883; x_wconf 72' lang='lat' dir='ltr'><strong>ctionis</strong></span> <span class='ocrx_word' id='word_1_742' title='bbox 359 2865 444 2884; x_wconf 66' lang='lat' dir='ltr'><strong>nonae.</strong></span> <span class='ocrx_word' id='word_1_743' title='bbox 474 2857 567 2883; x_wconf 78' lang='lat' dir='ltr'><strong>Verum</strong></span> <span class='ocrx_word' id='word_1_744' title='bbox 580 2865 667 2883; x_wconf 81' lang='lat' dir='ltr'><strong>errore</strong></span> <span class='ocrx_word' id='word_1_745' title='bbox 681 2856 782 2883; x_wconf 78' lang='lat' dir='ltr'><strong>labitur</strong></span> <span class='ocrx_word' id='word_1_746' title='bbox 801 2855 907 2883; x_wconf 78' lang='lat' dir='ltr'><strong>Latinis</strong></span> <span class='ocrx_word' id='word_1_747' title='bbox 922 2856 1045 2883; x_wconf 82' lang='lat' dir='ltr'><strong>omnibus</strong></span> 
     </span>
    </p>
   </div>
   <div class='ocr_carea' id='block_1_107' title="bbox 251 2891 1043 2926">
    <p class='ocr_par' dir='ltr' id='par_1_107' title="bbox 251 2891 1043 2926">
     <span class='ocr_line' id='line_1_108' title="bbox 251 2891 1043 2926; baseline 0.004 -10"><span class='ocrx_word' id='word_1_748' title='bbox 251 2891 460 2919; x_wconf 72' lang='lat' dir='ltr'><strong>adversantibus.</strong></span> <span class='ocrx_word' id='word_1_749' title='bbox 495 2891 557 2919; x_wconf 65' lang='lat' dir='ltr'><strong>Haec</strong></span> <span class='ocrx_word' id='word_1_750' title='bbox 569 2892 614 2919; x_wconf 84' lang='lat' dir='ltr'><strong>ille</strong></span> <span class='ocrx_word' id='word_1_751' title='bbox 625 2892 697 2919; x_wconf 87' lang='lat' dir='ltr'><strong>circa</strong></span> <span class='ocrx_word' id='word_1_752' title='bbox 713 2891 887 2926; x_wconf 82' lang='lat' dir='ltr'><strong>Theophanis</strong></span> <span class='ocrx_word' id='word_1_753' title='bbox 899 2891 1043 2919; x_wconf 79' lang='lat' dir='ltr'><strong>lectionem</strong></span> 
     </span>
    </p>
   </div>
   <div class='ocr_carea' id='block_1_108' title="bbox 252 2926 1042 2963">
    <p class='ocr_par' dir='ltr' id='par_1_108' title="bbox 252 2926 1042 2963">
     <span class='ocr_line' id='line_1_109' title="bbox 252 2926 1042 2963; baseline 0.003 -11"><span class='ocrx_word' id='word_1_754' title='bbox 252 2926 376 2953; x_wconf 88' lang='lat' dir='ltr'><strong>nonnihil</strong></span> <span class='ocrx_word' id='word_1_755' title='bbox 397 2927 526 2954; x_wconf 82' lang='lat' dir='ltr'><strong>oscitans.</strong></span> <span class='ocrx_word' id='word_1_756' title='bbox 564 2927 634 2960; x_wconf 79' lang='lat' dir='ltr'><strong>Quid</strong></span> <span class='ocrx_word' id='word_1_757' title='bbox 652 2927 724 2954; x_wconf 91' lang='lat' dir='ltr'><strong>cnim</strong></span> <span class='ocrx_word' id='word_1_758' title='bbox 752 2928 824 2962; x_wconf 84' lang='lat' dir='ltr'><strong>apud</strong></span> <span class='ocrx_word' id='word_1_759' title='bbox 849 2927 1042 2963; x_wconf 87' lang='lat' dir='ltr'><strong>Thcophancm</strong></span> 
     </span>
    </p>
   </div>
   <div class='ocr_carea' id='block_1_109' title="bbox 360 2502 1895 2538">
    <p class='ocr_par' dir='ltr' id='par_1_109' title="bbox 360 2502 1895 2538">
     <span class='ocr_line' id='line_1_110' title="bbox 360 2502 1895 2538; baseline -0.001 -7"><span class='ocrx_word' id='word_1_760' title='bbox 360 2502 437 2537; x_wconf 86' lang='lat' dir='ltr'><strong>Quod</strong></span> <span class='ocrx_word' id='word_1_761' title='bbox 468 2503 494 2530; x_wconf 94' lang='lat' dir='ltr'><strong>in</strong></span> <span class='ocrx_word' id='word_1_762' title='bbox 523 2502 731 2530; x_wconf 78' lang='lat' dir='ltr'><strong>conﬁrmatione</strong></span> <span class='ocrx_word' id='word_1_763' title='bbox 760 2507 846 2530; x_wconf 89' lang='lat' dir='ltr'><strong>totum</strong></span> <span class='ocrx_word' id='word_1_764' title='bbox 872 2510 973 2538; x_wconf 87' lang='lat' dir='ltr'><strong>corpus</strong></span> <span class='ocrx_word' id='word_1_765' title='bbox 991 2511 1042 2530; x_wconf 81' lang='lat' dir='ltr'><strong>un—</strong></span> <span class='ocrx_word' id='word_1_766' title='bbox 1060 2506 1083 2534; x_wconf 82' lang='grc' dir='ltr'>ι)</span> <span class='ocrx_word' id='word_1_767' title='bbox 1096 2503 1232 2538; x_wconf 90' lang='lat' dir='ltr'><strong>scriptum</strong></span> <span class='ocrx_word' id='word_1_768' title='bbox 1247 2502 1432 2534; x_wconf 76' lang='lat' dir='ltr'><strong>manifestius.</strong></span> <span class='ocrx_word' id='word_1_769' title='bbox 1453 2511 1535 2537; x_wconf 86' lang='lat' dir='ltr'><strong>quam</strong></span> <span class='ocrx_word' id='word_1_770' title='bbox 1552 2502 1680 2531; x_wconf 89' lang='lat' dir='ltr'><strong>Carolum</strong></span> <span class='ocrx_word' id='word_1_771' title='bbox 1691 2502 1799 2536; x_wconf 88' lang='lat' dir='ltr'><strong>imperii</strong></span> <span class='ocrx_word' id='word_1_772' title='bbox 1814 2510 1895 2531; x_wconf 86' lang='lat' dir='ltr'><strong>coro-</strong></span> 
     </span>
    </p>
   </div>
   <div class='ocr_carea' id='block_1_110' title="bbox 1097 2538 1896 2574">
    <p class='ocr_par' dir='ltr' id='par_1_110' title="bbox 1097 2538 1896 2574">
     <span class='ocr_line' id='line_1_111' title="bbox 1097 2538 1896 2574; baseline -0.001 -8"><span class='ocrx_word' id='word_1_773' title='bbox 1097 2546 1159 2566; x_wconf 90' lang='lat' dir='ltr'><strong>nam</strong></span> <span class='ocrx_word' id='word_1_774' title='bbox 1174 2543 1202 2565; x_wconf 91' lang='lat' dir='ltr'><strong>et</strong></span> <span class='ocrx_word' id='word_1_775' title='bbox 1225 2539 1384 2574; x_wconf 72' lang='lat' dir='ltr'><strong>unctionem</strong></span> <span class='ocrx_word' id='word_1_776' title='bbox 1398 2538 1437 2573; x_wconf 86' lang='grc' dir='ltr'>τῷ</span> <span class='ocrx_word' id='word_1_777' title='bbox 1452 2539 1614 2574; x_wconf 77' lang='grc' dir='ltr'>Δεκεμὸρίψ</span> <span class='ocrx_word' id='word_1_778' title='bbox 1624 2541 1663 2565; x_wconf 86' lang='grc' dir='ltr'>κε’</span> <span class='ocrx_word' id='word_1_779' title='bbox 1680 2544 1708 2574; x_wconf 80' lang='lat' dir='ltr'><strong>et</strong></span> <span class='ocrx_word' id='word_1_780' title='bbox 1726 2546 1758 2565; x_wconf 77' lang='lat' dir='ltr'><strong>cx</strong></span> <span class='ocrx_word' id='word_1_781' title='bbox 1779 2546 1813 2565; x_wconf 84' lang='lat' dir='ltr'><strong>eo</strong></span> <span class='ocrx_word' id='word_1_782' title='bbox 1824 2539 1896 2573; x_wconf 84' lang='lat' dir='ltr'><strong>apud</strong></span> 
     </span>
    </p>
   </div>
   <div class='ocr_carea' id='block_1_111' title="bbox 1096 2547 1897 2602">
    <p class='ocr_par' dir='ltr' id='par_1_111' title="bbox 1096 2547 1897 2602">
     <span class='ocr_line' id='line_1_112' title="bbox 1097 2547 1896 2574; baseline -0.001 -8"><span class='ocrx_word' id='word_1_783' title='bbox 1097 2547 1159 2566; x_wconf 90' lang='lat' dir='ltr'><strong>nam</strong></span> <span class='ocrx_word' id='word_1_784' title='bbox 1174 2547 1202 2565; x_wconf 83' lang='lat' dir='ltr'><strong>et</strong></span> <span class='ocrx_word' id='word_1_785' title='bbox 1225 2547 1384 2566; x_wconf 81' lang='lat' dir='ltr'><strong>unctionem</strong></span> <span class='ocrx_word' id='word_1_786' title='bbox 1398 2547 1437 2573; x_wconf 88' lang='grc' dir='ltr'>τῳ</span> <span class='ocrx_word' id='word_1_787' title='bbox 1452 2547 1560 2573; x_wconf 79' lang='grc' dir='ltr'>Δεκεμυ</span> <span class='ocrx_word' id='word_1_788' title='bbox 1583 2547 1614 2574; x_wconf 70' lang='lat' dir='ltr'><strong>up</strong></span> <span class='ocrx_word' id='word_1_789' title='bbox 1624 2547 1662 2565; x_wconf 82' lang='grc' dir='ltr'>κε’</span> <span class='ocrx_word' id='word_1_790' title='bbox 1680 2547 1708 2565; x_wconf 84' lang='lat' dir='ltr'><strong>et</strong></span> <span class='ocrx_word' id='word_1_791' title='bbox 1726 2547 1758 2565; x_wconf 80' lang='lat' dir='ltr'><strong>ex</strong></span> <span class='ocrx_word' id='word_1_792' title='bbox 1779 2547 1813 2565; x_wconf 86' lang='lat' dir='ltr'><strong>eo</strong></span> <span class='ocrx_word' id='word_1_793' title='bbox 1824 2547 1896 2573; x_wconf 77' lang='lat' dir='ltr'><strong>apud</strong></span> 
     </span>
     <span class='ocr_line' id='line_1_113' title="bbox 1096 2547 1897 2602; baseline 0.001 -1"><span class='ocrx_word' id='word_1_794' title='bbox 1096 2574 1274 2601; x_wconf 81' lang='lat' dir='ltr'><strong>Anastasium</strong></span> <span class='ocrx_word' id='word_1_795' title='bbox 1289 2580 1316 2601; x_wconf 81' lang='lat' dir='ltr'><strong>et</strong></span> <span class='ocrx_word' id='word_1_796' title='bbox 1330 2573 1478 2601; x_wconf 61' lang='lat' dir='ltr'><strong>Misi-ellum</strong></span> <span class='ocrx_word' id='word_1_797' title='bbox 1495 2581 1541 2601; x_wconf 86' lang='lat' dir='ltr'><strong>\llll</strong></span> <span class='ocrx_word' id='word_1_798' title='bbox 1555 2547 1669 2601; x_wconf 47' lang='lat' dir='ltr'><strong>galend.</strong></span> <span class='ocrx_word' id='word_1_799' title='bbox 1683 2572 1809 2600; x_wconf 84' lang='lat' dir='ltr'><strong>Januarii</strong></span> <span class='ocrx_word' id='word_1_800' title='bbox 1832 2582 1897 2602; x_wconf 86' lang='lat' dir='ltr'><strong>sus-</strong></span> 
     </span>
    </p>
   </div>
   <div class='ocr_carea' id='block_1_112' title="bbox 1096 2608 1898 2644">
    <p class='ocr_par' dir='ltr' id='par_1_112' title="bbox 1096 2608 1898 2644">
     <span class='ocr_line' id='line_1_114' title="bbox 1096 2608 1898 2644; baseline 0 -8"><span class='ocrx_word' id='word_1_801' title='bbox 1096 2610 1203 2644; x_wconf 87' lang='lat' dir='ltr'><strong>cepisse</strong></span> <span class='ocrx_word' id='word_1_802' title='bbox 1217 2609 1227 2635; x_wconf 84' lang='lat'><strong>?</strong></span> <span class='ocrx_word' id='word_1_803' title='bbox 1242 2609 1278 2636; x_wconf 83' lang='lat' dir='ltr'><strong>At</strong></span> <span class='ocrx_word' id='word_1_804' title='bbox 1289 2610 1312 2637; x_wconf 94' lang='lat' dir='ltr'><strong>si</strong></span> <span class='ocrx_word' id='word_1_805' title='bbox 1336 2609 1466 2637; x_wconf 84' lang='lat' dir='ltr'><strong>collatum</strong></span> <span class='ocrx_word' id='word_1_806' title='bbox 1486 2608 1586 2636; x_wconf 86' lang='lat' dir='ltr'><strong>Carolo</strong></span> <span class='ocrx_word' id='word_1_807' title='bbox 1602 2608 1756 2644; x_wconf 69' lang='lat' dir='ltr'><strong>imperium</strong></span> <span class='ocrx_word' id='word_1_808' title='bbox 1775 2609 1840 2636; x_wconf 82' lang='lat' dir='ltr'><strong>velit</strong></span> <span class='ocrx_word' id='word_1_809' title='bbox 1853 2610 1898 2636; x_wconf 88' lang='lat' dir='ltr'><strong>in-</strong></span> 
     </span>
    </p>
   </div>
   <div class='ocr_carea' id='block_1_113' title="bbox 1097 2643 1897 2678">
    <p class='ocr_par' dir='ltr' id='par_1_113' title="bbox 1097 2643 1897 2678">
     <span class='ocr_line' id='line_1_115' title="bbox 1097 2643 1897 2678; baseline -0.003 -6"><span class='ocrx_word' id='word_1_810' title='bbox 1097 2644 1217 2672; x_wconf 86' lang='lat' dir='ltr'><strong>dictione</strong></span> <span class='ocrx_word' id='word_1_811' title='bbox 1226 2650 1333 2676; x_wconf 87' lang='lat' dir='ltr'><strong>octava,</strong></span> <span class='ocrx_word' id='word_1_812' title='bbox 1346 2644 1420 2678; x_wconf 90' lang='lat' dir='ltr'><strong>quod</strong></span> <span class='ocrx_word' id='word_1_813' title='bbox 1435 2652 1525 2671; x_wconf 88' lang='lat' dir='ltr'><strong>annus</strong></span> <span class='ocrx_word' id='word_1_814' title='bbox 1539 2643 1669 2671; x_wconf 79' lang='lat' dir='ltr'><strong>nimiruin</strong></span> <span class='ocrx_word' id='word_1_815' title='bbox 1684 2652 1700 2671; x_wconf 82' lang='lat' dir='ltr'><strong>a</strong></span> <span class='ocrx_word' id='word_1_816' title='bbox 1727 2643 1831 2671; x_wconf 86' lang='lat' dir='ltr'><strong>Christi</strong></span> <span class='ocrx_word' id='word_1_817' title='bbox 1847 2652 1897 2671; x_wconf 86' lang='lat' dir='ltr'><strong>na-</strong></span> 
     </span>
    </p>
   </div>
   <div class='ocr_carea' id='block_1_114' title="bbox 1097 2679 1897 2715">
    <p class='ocr_par' dir='ltr' id='par_1_114' title="bbox 1097 2679 1897 2715">
     <span class='ocr_line' id='line_1_116' title="bbox 1097 2679 1897 2715; baseline 0.001 -9"><span class='ocrx_word' id='word_1_818' title='bbox 1097 2680 1143 2707; x_wconf 89' lang='lat' dir='ltr'><strong>tali</strong></span> <span class='ocrx_word' id='word_1_819' title='bbox 1172 2679 1425 2715; x_wconf 80' lang='lat' dir='ltr'><strong>octingentesimus,</strong></span> <span class='ocrx_word' id='word_1_820' title='bbox 1449 2687 1505 2714; x_wconf 89' lang='lat' dir='ltr'><strong>quo</strong></span> <span class='ocrx_word' id='word_1_821' title='bbox 1529 2680 1718 2715; x_wconf 17' lang='lat' dir='ltr'><strong>salutatusrest</strong></span> <span class='ocrx_word' id='word_1_822' title='bbox 1745 2679 1897 2714; x_wconf 83' lang='lat' dir='ltr'><strong>imperator</strong></span> 
     </span>
    </p>
   </div>
   <div class='ocr_carea' id='block_1_115' title="bbox 1097 2714 1897 2749">
    <p class='ocr_par' dir='ltr' id='par_1_115' title="bbox 1097 2714 1897 2749">
     <span class='ocr_line' id='line_1_117' title="bbox 1097 2714 1897 2749; baseline 0 -7"><span class='ocrx_word' id='word_1_823' title='bbox 1097 2714 1259 2743; x_wconf 81' lang='lat' dir='ltr'><strong>indictionis</strong></span> <span class='ocrx_word' id='word_1_824' title='bbox 1269 2720 1373 2742; x_wconf 73' lang='lat' dir='ltr'><strong>octavae</strong></span> <span class='ocrx_word' id='word_1_825' title='bbox 1394 2719 1459 2742; x_wconf 81' lang='lat' dir='ltr'><strong>nota</strong></span> <span class='ocrx_word' id='word_1_826' title='bbox 1482 2715 1648 2749; x_wconf 85' lang='lat' dir='ltr'><strong>conspicuus</strong></span> <span class='ocrx_word' id='word_1_827' title='bbox 1663 2714 1796 2742; x_wconf 87' lang='lat' dir='ltr'><strong>habeatur</strong></span> <span class='ocrx_word' id='word_1_828' title='bbox 1812 2723 1819 2741; x_wconf 75' lang='grc' dir='ltr'>ε</span> <span class='ocrx_word' id='word_1_829' title='bbox 1846 2715 1897 2742; x_wconf 89' lang='lat' dir='ltr'><strong>ob-</strong></span> 
     </span>
    </p>
   </div>
   <div class='ocr_carea' id='block_1_116' title="bbox 1096 2750 1897 2784">
    <p class='ocr_par' dir='ltr' id='par_1_116' title="bbox 1096 2750 1897 2784">
     <span class='ocr_line' id='line_1_118' title="bbox 1096 2750 1897 2784; baseline -0.001 -7"><span class='ocrx_word' id='word_1_830' title='bbox 1096 2755 1187 2778; x_wconf 88' lang='lat' dir='ltr'><strong>servet</strong></span> <span class='ocrx_word' id='word_1_831' title='bbox 1210 2750 1404 2778; x_wconf 88' lang='lat' dir='ltr'><strong>meritissimus</strong></span> <span class='ocrx_word' id='word_1_832' title='bbox 1430 2750 1570 2777; x_wconf 89' lang='lat' dir='ltr'><strong>annalium</strong></span> <span class='ocrx_word' id='word_1_833' title='bbox 1606 2750 1736 2777; x_wconf 67' lang='lat' dir='ltr'><strong>Ecclesia:</strong></span> <span class='ocrx_word' id='word_1_834' title='bbox 1775 2750 1897 2784; x_wconf 88' lang='lat' dir='ltr'><strong>scriptor</strong></span> 
     </span>
    </p>
   </div>
   <div class='ocr_carea' id='block_1_117' title="bbox 1099 2784 1896 2820">
    <p class='ocr_par' dir='ltr' id='par_1_117' title="bbox 1099 2784 1896 2820">
     <span class='ocr_line' id='line_1_119' title="bbox 1099 2784 1896 2820; baseline 0 -8"><span class='ocrx_word' id='word_1_835' title='bbox 1099 2786 1214 2813; x_wconf 88' lang='lat' dir='ltr'><strong>rationis</strong></span> <span class='ocrx_word' id='word_1_836' title='bbox 1227 2792 1380 2820; x_wconf 86' lang='lat' dir='ltr'><strong>temporum</strong></span> <span class='ocrx_word' id='word_1_837' title='bbox 1393 2793 1448 2812; x_wconf 91' lang='lat' dir='ltr'><strong>non</strong></span> <span class='ocrx_word' id='word_1_838' title='bbox 1465 2786 1587 2819; x_wconf 81' lang='lat' dir='ltr'><strong>ignarus,</strong></span> <span class='ocrx_word' id='word_1_839' title='bbox 1609 2784 1720 2813; x_wconf 74' lang='lat' dir='ltr'><strong>Grazcos</strong></span> <span class='ocrx_word' id='word_1_840' title='bbox 1743 2792 1759 2812; x_wconf 65' lang='grc' dir='ltr'><strong>ο</strong></span> <span class='ocrx_word' id='word_1_841' title='bbox 1773 2792 1896 2818; x_wconf 90' lang='lat' dir='ltr'><strong>quorum</strong></span> 
     </span>
    </p>
   </div>
   <div class='ocr_carea' id='block_1_118' title="bbox 1097 2820 1896 2861">
    <p class='ocr_par' dir='ltr' id='par_1_118' title="bbox 1097 2820 1896 2861">
     <span class='ocr_line' id='line_1_120' title="bbox 1097 2820 1896 2861; baseline -0.001 -13"><span class='ocrx_word' id='word_1_842' title='bbox 1097 2828 1178 2861; x_wconf 67' lang='lat' dir='ltr'><strong>grege</strong></span> <span class='ocrx_word' id='word_1_843' title='bbox 1189 2829 1248 2861; x_wconf 65' lang='lat' dir='ltr'><strong>non</strong></span> <span class='ocrx_word' id='word_1_844' title='bbox 1276 2821 1387 2861; x_wconf 63' lang='lat' dir='ltr'><strong>ipfimtis</strong></span> <span class='ocrx_word' id='word_1_845' title='bbox 1403 2820 1504 2861; x_wconf 77' lang='lat' dir='ltr'><strong>prodiit</strong></span> <span class='ocrx_word' id='word_1_846' title='bbox 1520 2820 1712 2861; x_wconf 72' lang='lat' dir='ltr'><strong>Theophanes,</strong></span> <span class='ocrx_word' id='word_1_847' title='bbox 1735 2820 1896 2861; x_wconf 33' lang='lat' dir='ltr'><strong>a&#39;Septem-</strong></span> 
     </span>
    </p>
   </div>
   <div class='ocr_carea' id='block_1_119' title="bbox 1097 2855 1896 2890">
    <p class='ocr_par' dir='ltr' id='par_1_119' title="bbox 1097 2855 1896 2890">
     <span class='ocr_line' id='line_1_121' title="bbox 1097 2855 1896 2890; baseline -0.001 -7"><span class='ocrx_word' id='word_1_848' title='bbox 1097 2856 1139 2883; x_wconf 88' lang='lat' dir='ltr'><strong>bri</strong></span> <span class='ocrx_word' id='word_1_849' title='bbox 1152 2855 1309 2884; x_wconf 87' lang='lat' dir='ltr'><strong>indictionis</strong></span> <span class='ocrx_word' id='word_1_850' title='bbox 1324 2856 1432 2883; x_wconf 92' lang='lat' dir='ltr'><strong>initium</strong></span> <span class='ocrx_word' id='word_1_851' title='bbox 1443 2855 1586 2883; x_wconf 85' lang='lat' dir='ltr'><strong>desumere</strong></span> <span class='ocrx_word' id='word_1_852' title='bbox 1599 2865 1606 2883; x_wconf 94' lang='lat'>:</span> <span class='ocrx_word' id='word_1_853' title='bbox 1622 2856 1780 2890; x_wconf 85' lang='lat' dir='ltr'><strong>adcoquein</strong></span> <span class='ocrx_word' id='word_1_854' title='bbox 1790 2861 1896 2882; x_wconf 81' lang='lat' dir='ltr'><strong>annum</strong></span> 
     </span>
    </p>
   </div>
   <div class='ocr_carea' id='block_1_120' title="bbox 1098 2891 1896 2927">
    <p class='ocr_par' dir='ltr' id='par_1_120' title="bbox 1098 2891 1896 2927">
     <span class='ocr_line' id='line_1_122' title="bbox 1098 2891 1896 2927; baseline 0 -9"><span class='ocrx_word' id='word_1_855' title='bbox 1098 2891 1356 2927; x_wconf 80' lang='lat' dir='ltr'><strong>octingentesimum</strong></span> <span class='ocrx_word' id='word_1_856' title='bbox 1390 2891 1528 2925; x_wconf 63' lang='lat' dir='ltr'><strong>praecipua</strong></span> <span class='ocrx_word' id='word_1_857' title='bbox 1565 2891 1607 2918; x_wconf 89' lang='lat' dir='ltr'><strong>sui</strong></span> <span class='ocrx_word' id='word_1_858' title='bbox 1638 2896 1715 2926; x_wconf 86' lang='lat' dir='ltr'><strong>parte</strong></span> <span class='ocrx_word' id='word_1_859' title='bbox 1740 2891 1896 2919; x_wconf 80' lang='lat' dir='ltr'><strong>indictione</strong></span> 
     </span>
    </p>
   </div>
   <div class='ocr_carea' id='block_1_121' title="bbox 1100 2926 1675 2962">
    <p class='ocr_par' dir='ltr' id='par_1_121' title="bbox 1100 2926 1675 2962">
     <span class='ocr_line' id='line_1_123' title="bbox 1100 2926 1675 2962; baseline 0 -8"><span class='ocrx_word' id='word_1_860' title='bbox 1100 2935 1170 2954; x_wconf 80' lang='lat' dir='ltr'><strong>nona</strong></span> <span class='ocrx_word' id='word_1_861' title='bbox 1183 2927 1316 2962; x_wconf 72' lang='lat' dir='ltr'><strong>signatam</strong></span> <span class='ocrx_word' id='word_1_862' title='bbox 1333 2935 1432 2954; x_wconf 84' lang='lat' dir='ltr'><strong>nonam</strong></span> <span class='ocrx_word' id='word_1_863' title='bbox 1444 2926 1526 2954; x_wconf 83' lang='lat' dir='ltr'><strong>ctiam</strong></span> <span class='ocrx_word' id='word_1_864' title='bbox 1545 2926 1675 2954; x_wconf 84' lang='lat' dir='ltr'><strong>incidere.</strong></span> 
     </span>
    </p>
   </div>
  </div>
