2011 3155
252 163 320 197 1007
753 156 998 189 THEOPHANIS
1018 157 1048 188 C]

1101 155 1349 187 DNOGRAPHIA
1821 153 1891 187 1008

249 218 410 250 deterritus,
428 216 592 244 insidiarum
615 215 642 242 in
666 222 732 243 suos
760 219 940 247 structarum,
968 214 1040 250 quod

1101 215 1197 242 τέκνων
1215 213 1299 242 αὑτοῦ
1319 212 1599 250 περισωοησομὲνων,
1615 213 1641 240 εί
1656 211 1726 239 οὕτω
1746 220 1892 249 προχειρι-

249 265 339 293 oculis
356 263 500 300 probabat,
515 266 677 298 apparatum
694 261 875 294 existimaret,
890 269 922 289 ac
938 268 972 289 ne
994 260 1041 288 fu-
1097 260 1173 296 σθείη
1190 269 1242 292 τις.

249 311 356 347 gientes
373 310 595 344 insequerentur.
619 316 685 336 suos
699 308 847 343 aliquando
863 308 1011 336 detinuerit
1032 317 1039 336 :
1061 307 1105 334 ubi
1122 315 1187 335 vero
1202 306 1351 343 praecipitis
1380 306 1462 344 426
1482 306 1618 341 ejusmodi
1631 305 1702 341 fugae
1748 305 1893 333 veritatem

248 358 451 392 animadvertit,
470 357 563 385 hostes
578 364 593 384 a
625 361 700 391 tergo
735 357 895 388 insectatus,
929 356 1027 384 castris
1045 363 1140 383 eorum
1160 359 1187 383 et
1201 355 1302 391 opimis
1317 355 1413 390 spoliis
1445 355 1570 389 direptis,
1596 358 1720 389 stragem
1739 353 1890 381 maximam

249 403 511 439 ediditJmperator
523 403 625 438 pariter
638 401 701 437 fuga
715 402 825 436 elapsus
835 409 930 429 versus
962 403 1057 428 urbem
1077 401 1173 436 pedem
1197 401 1343 434 referebat,
1371 405 1399 428 et
1436 400 1570 428 militares
1598 399 1710 427 ordines
1737 404 1764 426 et
1793 406 1892 426 eorum

249 449 382 476 ductores
409 448 563 476 maledictis
594 447 748 480 incessens,
774 447 880 482 imperii
898 451 1033 481 potestate
1052 454 1113 475 sese
1122 447 1314 475 abdicaturum
1332 447 1395 475 dato
1409 446 1591 482 jurejurando
1618 446 1757 482 pollicitus
1789 450 1842 478 est,
1863 450 1897 473 ac

251 495 335 522 Leoni
353 494 468 530 patricio
481 497 508 521 et
523 493 703 520 Orientalium
717 492 791 525 duci,
806 500 856 520 ceu
891 493 952 521 viro
980 493 1080 528 pietate
1100 492 1251 528 conspicuo
1265 497 1292 521 et
1307 493 1420 520 militari
1437 492 1540 520 virtute
1553 492 1694 528 praestanti
1716 500 1748 519 ac
1768 493 1825 527 jam
1841 491 1895 519 rei-

250 542 367 578 publicae
385 540 610 569 administrandae
624 540 736 573 idoneo,
759 539 905 568 confestim
936 540 1044 575 aperuit
1063 540 1222 573 consilium,
1240 541 1287 568 sed
1304 548 1338 568 eo
1357 540 1519 576 dignitatem
1539 540 1610 568 ultro
1646 539 1764 567 delatam
1795 539 1897 568 admit-

250 593 309 616 tere
333 591 490 619 recusante,
520 585 674 613 thematum
704 585 886 621 regendorum
914 589 1050 621 potestate
1070 585 1123 620 ipsi
1141 585 1249 618 relicta,
1265 584 1342 615 Junii
1369 585 1413 613 die
1434 585 1565 612 vicesimo
1597 588 1696 618 quarto
1717 584 1895 618 imperantem

249 635 344 662 urbem
376 633 507 669 repetiit:
525 640 557 660 ac
586 632 732 667 imperium
756 631 867 667 quidem
893 631 1040 667 deponere,
1061 632 1202 667 aliumque
1214 632 1366 668 principem
1387 632 1417 659 in
1443 632 1577 661 thronum
1598 630 1747 665 subrogare
1779 629 1898 657 medita-

252 687 306 712 tus,
326 680 360 707 ab
378 687 463 707 uxore
477 683 504 706 et
525 678 685 714 proceribus
707 685 842 706 summam
859 683 919 714 post
933 686 996 706 eum
1016 678 1043 705 in
1063 679 1283 710 administranda
1318 679 1458 715 republica
1491 681 1652 713 potestatem
1685 676 1802 712 adeptis,
1829 684 1898 706 cun-

250 730 342 759 silium
355 729 469 764 exsequi
483 735 537 756 non
548 732 591 755 est
602 727 766 763 permissus.
803 727 876 755 Sane
909 727 1081 763 Nicephorus
1109 729 1312 764 sanctissimus
1328 727 1484 764 patriarcha
1508 726 1657 763 propositis
1685 725 1897 758 assentiebatur,

250 784 313 804 cum
340 760 483 806 nimirum,
501 774 524 802 si
541 781 574 802 eo
589 760 670 809 pacto
698 781 787 802 novus
807 773 956 810 imperator
972 760 1174 810 designareiur,
1205 776 1264 811 ipse
1294 760 1412 803 Michael
1428 778 1456 802 et
1471 760 1548 802 liberi
1563 760 1641 809 ’ejus
1672 772 1827 803 incolumes
1855 771 1898 800 fa-

243 823 302 852 .cile
316 823 406 850 forent
419 821 553 851 salvandi.

283 881 390 909 interea
426 879 512 907 duces
550 880 740 916 militaresq‘ue
771 880 855 916 copiae
884 887 982 909 omnes
1011 881 1045 909 de

1132 882 1165 910 Οί
1176 882 1204 910 δὲ
1223 883 1370 918 στρατηγοὶ
1399 882 1447 909 καὶ
1459 881 1493 908 τὰ
1508 880 1599 916 πλήθη
1617 879 1750 915 μαθόντες
1761 879 1808 905 τδν
1819 879 1897 915 βασι-

247 926 424 963 imperatoris
453 925 518 961 fuga
539 926 672 954 certiores
694 925 784 959 factm,
811 927 846 954 ab
876 927 1047 962 ejuscemodi

1102 929 1150 956 λέα
1177 929 1356 964 πεφευγέναι,
1377 927 1544 960 ἀπογνόντες
1557 926 1588 953 τὸ
1613 924 1806 961 βασιλεύεσθαι
1829 925 1898 961 παρ’

247 973 361 1000 homine
375 972 508 1007 imperari
522 979 576 999 non
591 972 710 1007 amplius
731 971 873 1000 ferendum
892 977 968 1007 ratze,
982 981 1048 1001 con-

1101 975 1196 1009 αὒτοῦ,
1209 975 1302 1002 λοιπὸν
1316 976 1364 1002 καὶ
1386 974 1598 1010 βουλευσάμενοι
1620 972 1682 1000 καθ’
1699 972 1823 1004 ἑαυτοὺς,
1838 972 1899 999 ἐδυ-

247 1018 310 1045 silio
336 1017 407 1044 inter
432 1024 462 1044 se
493 1016 573 1049 inito,
597 1016 717 1044 Leonem
739 1016 920 1045 Orientalium
949 1018 1047 1046 ducem

1102 1021 1211 1048 σώπουν
1220 1021 1323 1047 Λέοντα
1333 1020 1378 1047 τὸν
1396 1019 1548 1056 στρατηγὸν
1562 1018 1617 1046 τῶν
1636 1019 1820 1046 Ἀνατολικῶν
1833 1018 1899 1054 βοη·

248 1063 323 1090 bono
348 1061 458 1097 publico
483 1061 653 1095 consuleret,
677 1066 708 1090 et
733 1062 917 1090 Christianam
936 1071 1048 1099 rempu-

247 1109 350 1137 blicam
368 1108 487 1143 erigeret
512 1113 691 1143 rogaverunt.
721 1108 767 1136 Ille
795 1109 902 1137 ruinam
925 1110 1048 1145 imperio

249 1153 438 1181 imminentem
449 1152 698 1184 etBarbat-orum,
721 1153 769 1188 qui
789 1154 835 1181 vix
853 1154 966 1190 reprimi
982 1163 1047 1191 pos-

249 1204 324 1235 sent,
358 1201 495 1228 violentas
525 1199 706 1228 excursiones
737 1205 829 1229 mente
861 1202 1047 1236 perpendens.

251 1248 371 1282 lideique
398 1254 463 1283 erga
483 1246 664 1282 imperatores
680 1247 822 1275 servandae
844 1247 944 1283 suique
961 1247 1048 1283 ipsius

249 1303 264 1322 ιι
294 1294 400 1322 fraudis
426 1293 487 1321 labe
516 1294 668 1321 immunem
698 1293 870 1321 custodiendi
905 1294 1049 1322 studiosus

248 1342 343 1378 aliquo
366 1346 490 1377 tempore
515 1341 650 1373 substitit,
677 1345 704 1368 et
727 1347 779 1376 pro
799 1341 903 1368 viribus
920 1341 1048 1375 dignitati

247 1387 424 1417 admittenda)
445 1394 545 1415 moras
566 1386 705 1422 opposuit.
719 1386 756 1414 At
776 1393 838 1414 cum
867 1387 974 1415 hostem
989 1395 1048 1414 ma-

248 1435 308 1472 gnis
322 1434 467 1462 itineribus
484 1434 518 1462 ad
538 1435 635 1462 urbem
657 1433 825 1461 contendere
841 1433 1047 1465 animadvertit,

249 1488 264 1508 a
279 1480 435 1516 patriarcha
449 1479 614 1515 Nicephoro,
630 1486 711 1514 quem
727 1479 761 1506 de
774 1484 848 1507 recta
862 1487 911 1507 sua
922 1479 949 1506 in
962 1479 1047 1506 Deum

249 1526 304 1554 fide
322 1526 468 1553 certiorem
492 1524 566 1558 fecit,
596 1530 626 1552 ut
650 1531 685 1553 ex
714 1524 804 1559 ipsius
827 1529 911 1558 nutu,
935 1529 964 1552 et
987 1524 1047 1560 ejus

249 1578 332 1607 prece
360 1570 462 1598 comite
493 1569 647 1605 projectum
671 1569 783 1605 colligat
813 1569 971 1605 imperium,
1000 1564 1084 1605 perc

248 1618 356 1646 litteras
377 1617 502 1652 expetiit.
533 1615 604 1644 Tum
628 1624 692 1644 vero
717 1616 836 1644 ducibus
856 1620 885 1643 et
913 1616 1050 1644 universis

249 1663 408 1699 agminibus
445 1663 577 1698 stipatus,
599 1662 625 1690 in
655 1663 836 1691 tribunalium
862 1667 928 1691 ante
953 1663 1049 1691 urbem

251 1709 370 1745 pesitum
400 1709 600 1742 conscendens,
624 1708 765 1744 legitimus
791 1709 979 1737 Romanorum
999 1710 1051 1737 im-

249 1761 360 1793 perator
374 1756 523 1789 salutatur,
537 1755 684 1791 medioque
695 1755 752 1791 jam
769 1756 814 1784 die
826 1756 944 1792 Cpoleos
959 1761 1048 1791 porta,

249 1811 312 1840 quae
330 1803 439 1839 Chryse
454 1803 571 1835 dicitur.
589 1803 744 1838 ingressus,
762 1803 790 1830 in
808 1803 910 1837 regiam
934 1811 964 1831 se
981 1810 1050 1831 cou-

250 1849 312 1877 i‘ert.
326 1848 559 1876 Michael‘Leonis
576 1848 770 1883 designatione
782 1848 887 1881 audita,
904 1855 966 1875 cum
980 1848 1050 1875 Pro-

249 1895 327 1930 copia
343 1899 370 1922 et
385 1895 480 1923 liberis
501 1895 530 1922 in
554 1895 718 1927 oratorium,
740 1894 814 1930 quod
839 1895 873 1922 ad
892 1893 981 1922 forum
996 1898 1049 1928 est,

249 1941 548 1977 confugiensycapillis
562 1941 695 1974 detonsis,
712 1948 767 1968 una
790 1948 853 1968 cum
878 1941 937 1969 suis
954 1948 1050 1968 mona-

250 1989 350 2016 sticum
379 1988 502 2015 habitum
530 1988 630 2016 induit.
658 1986 771 2014 Postera
802 1987 874 2020 luce,
905 1994 965 2022 qum.
984 1986 1050 2018 Julii

251 2035 352 2063 mensis
364 2034 416 2062 fuit
428 2033 584 2066 undecima,
597 2033 750 2061 indictione
761 2039 850 2065 sexta,
864 2032 931 2060 feria
947 2033 1050 2060 hebdo-

251 2080 342 2108 madis
360 2079 491 2112 secunda,
509 2079 537 2106 in
562 2078 667 2114 Magnae
689 2078 813 2106 ecclesia:
833 2079 950 2107 amboue
975 2086 990 2106 a
1003 2078 1050 2106 Ni-

250 2126 371 2160 cephoro
386 2125 543 2160 patriarcha
559 2128 724 2156 coronatus,
745 2124 822 2151 urbis
845 2132 940 2152 muros
956 2125 1051 2153 de-dic

251 2176 280 2200 et
309 2176 390 2199 nocte
406 2170 566 2205 diligentius
580 2170 714 2198 custodiri
741 2171 888 2206 praecepit:
908 2171 966 2206 ipse
986 2178 1051 2198 vero

251 2221 366 2245 cunctos
377 2217 526 2249 .excitans,
541 2221 568 2244 et
583 2217 617 2244 ad
634 2217 774 2244 meliorem
797 2225 874 2252 spem
890 2218 1048 2252 concipien-

251 2263 315 2290 dam
333 2262 470 2294 nnimans,
485 2262 569 2290 Deum
585 2261 769 2290 immaculata:
783 2262 829 2290 Dei
841 2263 923 2299 427
934 2263 1047 2298 genitri-

251 2308 292 2336 cis
306 2312 521 2343 sanctorumque
535 2307 659 2334 omnium
676 2307 830 2335 interventu
846 2308 920 2336 brevi
932 2309 1048 2343 posthac

252 2361 354 2382 novum
373 2358 401 2381 et
418 2354 591 2388 inopinatum
615 2353 726 2388 aliquod
743 2361 812 2389 opus
833 2355 983 2388 editurum,
998 2362 1049 2382 nec

251 2404 364 2435 propter
392 2404 568 2435 peccatorum
587 2404 756 2427 nostrorum
776 2400 979 2428 multitudinem
994 2401 1048 2427 im-

253 2453 375 2473 mensam
404 2452 602 2480 usquequaque
630 2452 679 2472 nos
709 2445 815 2480 pudore
851 2445 1048 2474 suifundendos

250 2491 382 2525 conlisus,
399 2499 494 2519 muros
510 2499 558 2526 per
573 2498 603 2519 se
619 2490 710 2525 ipsum
726 2491 875 2519 continuus
888 2492 1047 2527 explorator

251 2538 356 2566 obibat.
371 2538 457 2565 Porro
471 2537 618 2564 Crummus
633 2537 729 2572 junior
742 2537 940 2566 Sennacherim
959 2539 1046 2566 victo-

249 2585 299 2613 riis
318 2585 344 2612 in
364 2584 522 2622 superbiam
550 2583 649 2617 elatus,
671 2583 783 2621 proprio
800 2583 892 2619 .t‘ratre
911 2584 946 2612 ad
971 2585 1046 2613 obsi-

1102 1067 1182 1102 Θῆσαι
1195 1066 1234 1102 τῷ
1248 1066 1340 1102 κοινῷ,
1357 1067 1404 1093 καὶ
1414 1067 1464 1100 τῆς
1477 1064 1652 1102 Χριστιανῶν
1678 1064 1818 1096 πολιτείας
1830 1065 1899 1092 ἀνο-

1102 1112 1225 1146 έξασθαι.
1248 1112 1277 1139 '0
1287 1113 1315 1140 δὲ
1331 1111 1414 1148 μέχρι
1430 1111 1478 1146 μέν
1493 1119 1565 1142 τινος
1579 1109 1703 1146 σφοδρῶς
1717 1109 1896 1143 άνεσάλλετο,

1101 1158 1149 1185 τοῦ
1165 1157 1263 1194 καιροῦ
1292 1157 1494 1193 στοχαζόμενος
1518 1157 1549 1183 τὸ
1560 1157 1738 1192 δυσάντητον,
1766 1157 1816 1184 καὶ
1844 1156 1899 1191 τῆς

1102 1204 1156 1232 τῶν
1164 1204 1313 1240 βαρϐάρων
1327 1204 1484 1239 ἐπιδρομῆς
1495 1203 1527 1230 τὸ
1536 1203 1709 1234 ἀνύποιστον,
1720 1202 1769 1230 καὶ
1784 1202 1815 1229 τὸ
1827 1202 1899 1238 πρὸς

1101 1251 1165 1282 τοὺς
1185 1250 1378 1286 βασιλεύοντας
1391 1249 1535 1284 φυλάττων
1549 1249 1630 1285 ὀρθὸν
1640 1249 1688 1276 καὶ
1703 1248 1898 1276 ἀνεπιϐούλευ.

1101 1297 1188 1324 τον³³.
1210 1297 1288 1324 Ἐπεὶ
1301 1296 1330 1324 δὲ
1346 1296 1417 1323 κατὰ
1427 1288 1478 1331 τῆς
1493 1295 1599 1327 πόλεως
1609 1296 1655 1322 τὸν
1668 1295 1765 1331 ἐχθ-ρὺν
1785 1294 1899 1329 ἐπειγό-

1103 1351 1184 1376 μενον
1210 1342 1352 1374 ὲθεάσατο,
1376 1342 1478 1376 γράφει
1508 1341 1558 1377 μὲν
1574 1340 1725 1376 Νικηφόρῳ
1739 1340 1779 1376 τῷ
1794 1349 1898 1376 πατρι-

1102 1389 1174 1426 άρχῃ
1186 1389 1221 1417 τὰ
1237 1389 1362 1425 περὶτῆς
1382 1388 1482 1416 ἑαυτοῦ
1511 1387 1667 1424 ὀρθοδοξίας
1691 1387 1898 1422 διαεεὸαιούμε-

1101 1445 1157 1468 νος,
1173 1435 1258 1463 αἰτῶν
1285 1436 1355 1471 μετὰ
1371 1435 1422 1467 τῆς
1445 1434 1529 1470 εὐχῆς
1559 1434 1607 1461 καὶ
1623 1433 1793 1466 ὲπινεύσεως
1812 1434 1898 1461 αὐτοῦ

1101 1481 1149 1509 τοῦ
1171 1481 1291 1517 κράτους
1324 1480 1516 1508 ἐπιλαϐέσθαι.
1532 1480 1588 1507 Καὶ
1606 1480 1776 1508 καταλαϐὼν
1792 1480 1825 1507 τὸ
1843 1480 1899 1515 πρὸ

1101 1529 1151 1563 τῆς
1181 1528 1286 1560 πόλεως
1311 1527 1500 1564 τριὸουνάλιον
1514 1527 1573 1562 ἃμα
1587 1528 1644 1559 τοῖς
1665 1528 1831 1563 στρατηγοῖς
1850 1527 1899 1554 καὶ

1100 1575 1156 1606 τοῖς
1175 1573 1378 1610 στρατεύμασιν
1392 1574 1579 1610 ὲννομώτατος
1593 1573 1721 1609 βασιλεὺς
1748 1573 1897 1609 Ῥωμαίων

1100 1620 1300 1648 ἀναδείκνυται.
1320 1620 1376 1647 Καὶ
1392 1619 1532 1656 μεσούσης
1547 1619 1656 1655 ἡμέρας
1670 1620 1699 1646 ἓν
1715 1619 1896 1646 Κωνσταντιο

1100 1666 1226 1694 νουπόλει
1253 1666 1298 1694 διὰ
1311 1666 1363 1701 τῆς
1380 1665 1494 1702 Χρυσῆς
1511 1665 1616 1701 πόρτης
1632 1665 1898 1700 είσέρχεται.κατα-

1101 1712 1192 1742 λαϐὼν
1206 1713 1241 1740 τὰ
1264 1712 1400 1748 βασίλεια.
1423 1711 1535 1747 Μιχαὴλ
1552 1711 1580 1738 δὲ
1597 1710 1719 1742 ἀκούσας
1736 1711 1786 1747 τὴν
1800 1711 1897 1740 τούτου

1101 1759 1284 1795 ἀναγόρευσιν
1299 1759 1329 1785 ὲν
1345 1758 1383 1793 τῷ
1394 1758 1533 1793 εὐκτηρίῳ
1544 1756 1591 1784 τοῦ
1608 1757 1693 1793 φόρου
1711 1757 1898 1793 προσδραμὼν

1102 1806 1151 1832 σὺν
1182 1805 1324 1840 Προκοπίᾳ
1353 1805 1471 1836 καὶτοῖς
1493 1804 1584 1832 αὐτῶν
1606 1804 1724 1836 τέκνοις,
1744 1803 1898 1840 ἀποκειρά-

1102 1859 1179 1885 μενοι
1199 1849 1249 1882 τὰς
1270 1850 1366 1885 τρίχας
1384 1849 1519 1885 μοναχικὰ
1534 1848 1741 1885 περιεϐάλοντο.
1760 1849 1800 1884 Τῇ
1815 1848 1844 1877 δὲ
1861 1858 1898 1876 ια’

1101 1897 1149 1923 τοῦ
1170 1896 1281 1923 Ἰουλίου
1298 1896 1382 1931 μηνὸς
1396 1894 1464 1931 ἕκτῃ
1483 1895 1641 1925 ίνδικτιῶνι.
1659 1895 1751 1931 ἡμέρᾳ
1760 1895 1897 1931 δευτέρᾳ,

1100 1943 1134 1978 τῇ
1150 1942 1281 1976 ἐπαύριον
1299 1942 1426 1976 στεφθεὶς
1442 1942 1494 1971 ὑπὸ
1503 1941 1666 1977 Νικηφόρου
1682 1942 1855 1977 πατριάρχου
1868 1943 1900 1968 ὲν

1100 1988 1140 2024 τῷ
1170 1988 1277 2025 ᾅμὸωνι
1310 1988 1359 2023 τῆς
1384 1988 1516 2023 Μεγάλης
1534 1986 1718 2022 Ἑκκλησίας,
1747 1987 1783 2014 τά
1826 1988 1901 2014 κατὰ

1101 2035 1151 2070 τὴν
1167 2034 1245 2060 πόλιν
1272 2033 1436 2069 προστάττει
1454 2033 1641 2070 φρουρηθῆναι
1661 2034 1695 2060 τὰ
1708 2033 1784 2069 τείχη
1798 2033 1899 2066 νυκτὸς

1101 2082 1148 2107 καὶ
1164 2080 1282 2116 ἡμέρας,
1315 2080 1398 2112 αὐτὸς
1420 2079 1454 2106 δι’
1483 2080 1582 2107 ἑαυτοῦ
1608 2080 1798 2115 περιπολεύων
1813 2098 1823 2112 ,
1850 2080 1898 2106 καὶ

1103 2127 1207 2158 πάντας
1226 2126 1376 2160 διεγείρων,
1402 2126 1546 2157 εὐέλπιδας
1557 2134 1587 2152 τε
1605 2125 1747 2161 παραινῶν
1762 2123 1844 2158 εἶναι,
1859 2125 1898 2157 ὥς

1101 2172 1148 2198 τοῦ
1181 2172 1249 2199 Θεοῦ
1265 2171 1578 2207 παραδοξοποιὴσαντος,
1603 2172 1729 2207 τάχιστα,
1753 2171 1800 2198 διὰ
1828 2179 1899 2206 πρετ

1104 2218 1204 2245 σϐειῶν
1225 2218 1275 2254 τῆς
1293 2218 1485 2254 παναχράντου
1506 2218 1639 2244 Θεοτόχου
1657 2218 1706 2244 καὶ
1720 2218 1830 2245 πάντων
1842 2217 1899 2244 τῶν

1103 2263 1199 2297 ἁγίων,
1215 2264 1263 2290 καὶ
1279 2263 1318 2298 μὴ
1333 2264 1422 2298 πάντη
1437 2263 1669 2299 καταισχυνθῆναι
1695 2263 1898 2299 παραχωροῦν-

1101 2318 1146 2342 τος
1157 2309 1201 2337 διὰ
1213 2309 1315 2346 πλῆθος
1329 2309 1510 2345 πταισμάτων
1525 2310 1613 2346 ἡμῶν.
1639 2310 1668 2337 '0
1684 2310 1713 2336 δὲ
1729 2310 1790 2341 νέος
1801 2310 1899 2336 Σεννα-

1102 2357 1186 2392 χερὶμ
1216 2356 1368 2391 Κροῦμμος
1394 2348 1490 2391 ἀρθεὶς
1513 2357 1546 2391 τῇ
1570 2356 1644 2393 νίκῃ,
1675 2355 1836 2383 καταλιπὼν
1850 2355 1899 2382 τὸν

1102 2403 1169 2430 ἴδιον
1189 2402 1305 2437 ἀδελφὸν
1323 2402 1393 2438 μετὰ
1410 2403 1573 2437 τῆςιοίκείας
1589 2402 1732 2438 δυνάμεως
1740 2402 1899 2438 πολιορκεῖν

1101 2449 1151 2485 τὴν
1174 2449 1395 2484 Ἀδριανούπολιν
1428 2449 1497 2485 μετὰ
1509 2449 1540 2482 ἓξ
1555 2449 1662 2484 ἡμέρας
1677 2449 1727 2484 τῆς
1754 2450 1897 2485 αὐτοκρα-

1099 2494 1193 2530 τορίας
1216 2495 1341 2528 Λέοντος,
1355 2493 1478 2521 ἐπελθὼν
1499 2494 1528 2521 ὲν
1542 2493 1674 2529 δυνάμεσι
1688 2493 1735 2521 καὶ
1748 2493 1846 2526 (met;
1861 2495 1896 2530 τῇ

1098 2539 1218 2575 βασιλίδι
1247 2539 1335 2572 πόλει,
1364 2538 1473 2575 περιῄει
1501 2539 1554 2576 πρὸ
1568 2539 1624 2566 τῶν
1638 2539 1737 2578 τειχῶν
1753 2540 1810 2567 ἀπὸ
1829 2540 1897 2567 Βλα-

1099 2585 1205 2621 χερνῶν
1216 2586 1268 2618 ἕως
1276 2587 1326 2623 τῆς
1338 2585 1452 2622 Χρυσῆς
1463 2586 1568 2625 πόρτης
1583 2586 1652 2622 (66),
1664 2586 1829 2622 ἐπιδεικνύει
1837 2595 1898 2619 suo;

897 2651 1014 2681 VMUE
1034 2651 1236 2683 LECTIONES.

304 2708 326 2724 ³⁸
343 2708 506 2736 άνεπίῆολον
517 2707 538 2737 f.

897 2777 972 2808 JAC.
985 2778 1091 2808 GOARI
1115 2778 1231 2808 ΝΟΤᾸΕ.

287 2836 343 2873 (66)
353 2836 420 2872 Ejus
442 2837 561 2870 nominis
573 2841 656 2871 porta
673 2836 723 2864 fuit
735 2836 801 2869 (ΣΕ,
814 2837 886 2872 quod
918 2840 1042 2873 tyranni-

248 2872 309 2900 dem
323 2872 447 2908 adepturi
477 2880 525 2908 per
539 2880 599 2901 eam
627 2873 804 2907 imperatores
830 2872 981 2901 solemnem
995 2875 1034 2901 iii-

1097 2848 1223 2875 gressum
1258 2843 1380 2875 agerent.
1405 2838 1578 2875 Nicephorus
1620 2840 1647 2867 in
1680 2840 1766 2868 altero
1801 2840 1895 2869 Leone

1081 2871 1257 2907 .i'éonoclasta
1271 2871 1291 2902 ε’
1300 2875 1354 2902 Καὶ
1371 2874 1409 2906 ὡς
1426 2871 1460 2914 ᾖν
1474 2871 1535 2906 ἔθος
1548 2875 1690 2910 βασιλεῦσι
1701 2876 1746 2903 διὰ
1763 2884 1894 2912 “comp.
