2011 3155
197 159 270 192 1017

794 162 883 192 Vl'l‘A
903 159 1040 191 LEONIS
1060 161 1221 193 ARMENI.

1757 165 1826 200 1018

195 218 299 248 τέλειος
315 217 365 249 μέν
389 217 439 251 τὴν
465 217 584 252 ἠλικίαν,
602 217 668 244 αὺτδ
682 217 714 244 τὸ
736 218 817 248 ἄνθος
839 218 915 251 ἄγων
939 217 981 252 τῆς

1040 219 1217 253 conspicuus,
1230 219 1306 247 vultu
1319 220 1446 254 rotundo,
1467 218 1557 249 colore
1575 223 1740 250 rrume'ntum
1758 225 1813 252 rere

196 264 334 298 νεότητος,
358 263 668 298 προγγυλοπρόσωπος,
698 265 847 300 σιτόχροος,
877 264 989 299 μαῦραν

195 310 265 344 ἔχων
280 309 329 346 τὴν
353 309 486 344 κεφαλὴν,
509 310 557 336 καὶ
581 311 747 345 ὲπιάγοὶιρον
766 311 816 345 (8),
830 311 877 337 καὶ
890 311 921 336 τὸ
940 310 987 344 γέ-

195 365 267 383 νειον
280 356 428 388 εὐπρεπῶς
442 355 617 390 διακείμενον
632 357 661 383 ὲν
675 358 708 391 τῇ
723 356 783 391 ὕψει
797 356 891 390 αὐτοῦ,
917 356 988 392 μαῦ-

198 411 243 437 ρον
255 402 301 428 καὶ
319 401 386 427 αὐτό
396 411 402 417 ·
417 403 505 436 πρᾶος
521 402 549 428 δὲ
562 402 633 429 πάνυ
655 403 702 428 καὶ
717 402 829 436 ἀγαθὸς,
845 404 869 429 ει
885 403 932 430 καί
946 411 988 434 τις

196 447 284 479 ἄλλος.
305 444 391 479 Οὗτος
410 447 518 482 θλίψεις
544 447 644 479 πολλὰς
666 447 771 482 ὑπέστη
784 446 830 474 διὰ
850 448 900 483 τὴν
914 448 988 483 ὠμό-

195 502 264 528 τητα
279 493 328 519 τοῦ
353 493 470 525 ductio-3;
486 493 611 526 Λέοντος,
630 493 796 528 καθημέραν
811 493 856 520 τὸν
873 493 987 520 θάνατον

196 538 388 572 ἐκδεχόμενος,
408 538 457 564 καὶ
472 537 531 572 μετ’
548 537 645 573 ὀδύνης
660 537 823 573 καθημὲραν
838 537 883 565 τὸν
903 538 986 573 ἄρτον

195 582 279 610 αὐτοῦ
296 582 404 609 ἐσθίων·
423 583 439 608 ὸ
453 582 557 618 Κύριος
577 583 684 619 ὀιόλαὸἧ
702 583 837 618 ιφύλαξεν
863 584 986 620 παραδό-

195 628 250 661 ξως
272 628 303 654 ὲκ
319 627 371 662 τῆς
383 629 553 664 κακουργίας
573 629 668 656 αὐτοῦ.

231 674 287 700 Καὶ
299 674 393 701 λοιπὸν
413 672 495 709 ἦλθον
517 675 543 701 οἱ
569 674 722 710 Βούλγαροι
749 675 863 710 μηδενὸς
894 675 986 708 αὐτοῖς

196 719 370 750 ὑπαντῶντος
395 719 411 754 ἢ
436 719 588 751 κωλύοντος
615 721 670 752 ἕως
711 722 761 756 τῆς
781 721 908 756 πόρτης,
937 721 986 748 καὶ

197 767 313 801 ποιήσας
336 767 350 792 ὁ
379 765 507 801 Κροῢμος
532 766 638 798 θυσίαν,
669 768 740 794 κατὰ
762 768 792 794 τὸ
815 767 875 800 ἔθος
890 768 984 800 αὑτοῦ,

196 811 296 844 ἔξωθεν
318 812 369 846 τῆς
384 813 495 848 Χρυσῆς
512 813 617 849 πόρσης
643 813 739 840 ἔθυσεν
760 814 921 848 ἀνθρώπους
937 814 984 840 καὶ

197 858 282 893 κτήνη
301 858 397 890 πολλὰ,
421 859 468 884 καὶ
492 859 531 889 εἰς
550 858 598 884 τὸν
616 858 739 892 αἰγιαλὸν
766 859 816 894 τῆς
845 859 984 893 θαλάσσης

196 901 292 939 βρέξας
307 905 370 935 τοὺς
394 905 477 937 πόδας
493 905 588 937 αὑτοῦ,
608 905 655 932 καὶ
669 905 919 940 περικλυσάμενος,
937 906 984 932 καὶ

197 951 328 986 ῥαντισας
342 950 389 977 τὸν
405 951 470 978 λαὸν
497 950 591 983 αὐτοῦς
605 950 653 978 καὶ
667 950 849 986 εὐφημισθεὶς
866 951 912 978 ὑπ’
935 951 983 977 αὺ-

194 997 258 1029 τῶν,
273 997 382 1032 διῆλθεν
402 997 486 1032 μέσον
499 996 553 1023 τῶν
570 996 743 1025 παλλακίδων
769 996 864 1026 αὐτοῦ,
895 1005 982 1031 προσ·

194 1043 324 1078 κυνηθεὶς
350 1043 396 1070 ὑπ’
418 1042 527 1075 αὐτῶν,
557 1042 606 1070 καὶ
633 1042 784 1076 δοξασθεὶς,
813 1042 861 1069 καὶ
897 1041 984 1069 ταῦτα

194 1089 368 1125 θεωρούντων
394 1089 426 1115 ἐκ
446 1088 502 1115 τῶν
526 1088 624 1123 τειχῶν
649 1088 770 1120 πάντων,
797 1089 844 1115 καὶ
870 1088 983 1123 μηδενὸς

193 1135 348 1170 τολμῶντος
371 1134 493 1162 κωλῦσαι
519 1134 619 1167 αὐτὸν,
642 1134 659 1170 ἢ
679 1134 814 1161 ἀπολῦσαι
830 1133 906 1169 βέλος
922 1134 982 1161 κατ’

193 1181 287 1208 αὑτοῦ.
307 1181 361 1208 Καὶ
384 1181 501 1216 ποιήσας
519 1180 610 1207 πάντα
621 1180 655 1206 τὰ
672 1180 871 1215 ἐπιθυμήματα
886 1180 981 1212 αὑτοῦ,

193 1226 242 1254 καὶ
258 1226 331 1261 ἅπερ
355 1225 493 1258 ἐϐούλετο,
521 1224 743 1260 περιεκύκλωσεν
758 1224 808 1260 τὴν
823 1225 900 1252 πόλιν
910 1245 918 1256 ,
936 1225 983 1252 καὶ

192 1273 288 1299 ἔϐαλεν
304 1272 414 1309 χάρακα
430 1272 459 1298 ὲν
474 1271 555 1307 αὐτῇ,
571 1271 617 1298 καὶ
631 1271 749 1306 ποιήσας
771 1270 879 1305 ἡμέρας
895 1270 981 1303 τινὰς,

193 1319 241 1346 καὶ
273 1318 440 1354 πραιδεύσας
466 1318 500 1344 τὰ
532 1317 633 1350 ἔξωθεν
659 1316 709 1352 τῆς
744 1316 858 1349 πόλεως,
881 1316 983 1351 ἡρεατο

192 1365 285 1400 ζητεῖν
300 1364 392 1391 πάκτα
402 1364 514 1399 χρυσίου
527 1363 573 1390 καὶ
585 1362 744 1398 ἱματισμῶν
758 1363 841 1389 πολὺν
852 1362 980 1397 ἀριθμὸν,

193 1413 238 1441 καὶ
254 1411 370 1448 κοράσιει
389 1410 521 1438 ὲπίλεκτα
541 1410 681 1444 ποσότητα
695 1418 766 1436 τινα.
788 1409 843 1435 Καὶ
855 1409 887 1444 δὴ
905 1410 983 1444 ποιή-

192 1466 242 1490 σας
266 1458 281 1485 ό
306 1458 384 1485 Λέων
400 1457 498 1492 βουλὴν
524 1456 593 1492 μετὰ
609 1456 663 1482 τῶν
678 1455 828 1491 ἀρχόντων,
848 1455 982 1490 ἐδήλωσεν

190 1504 237 1532 τὸν
254 1503 394 1540 Κροῦμον,
407 1504 448 1530 ὅτι
469 1502 545 1530 Ἐλθὲ
561 1503 613 1534 ἕως
629 1503 676 1529 τοῦ
696 1502 820 1538 αἰγιαλοῦ
842 1501 912 1536 μετὰ
925 1501 980 1527 ὀλί-

1042 269 1129 297 rente,
1149 265 1227 300 nigro
1243 266 1331 301 capite
1345 271 1372 293 et
1387 266 1458 293 virili
1474 266 1558 293 barba
1574 267 1701 294 decenter
1715 276 1827 304 compo-

1041 310 1105 342 sita,
1121 318 1208 346 eaque
1231 312 1264 339 ad
1291 312 1381 340 vultus
1412 312 1530 347 speciem
1558 312 1646 347 nigra.
1671 313 1826 343 Mansuetus

1041 358 1122 390 porro
1137 362 1165 384 et
1185 357 1307 385 urbanus
1319 377 1326 390 ,
1352 358 1376 386 si
1394 358 1457 393 quis
1470 358 1540 386 alius
1555 358 1669 386 exstitit.
1686 358 1736 387 llic
1753 362 1821 388 cala~

1040 402 1149 430 mitales
1171 403 1273 431 multas
1298 403 1374 438 impii
1401 404 1502 431 Leonis
1521 404 1685 432 crudelitate
1710 406 1763 433 sibi
1782 407 1827 433 in-

1039 449 1138 481 ﬂictas,-
1148 449 1228 476 etiam
1245 455 1332 477 morte
1348 451 1503 484 propediem
1518 456 1684 485 exspectata,
1699 452 1827 486 sustulit;

1039 492 1285 527 quelidianumque
1301 501 1398 528 panem
1415 501 1477 521 cum
1499 494 1582 521 animi
1599 503 1716 523 merere
1733 504 1826 523 come-

1037 537 1123 570 dens,
1152 543 1267 566 mortem
1302 539 1518 574 praestolabatur.
1539 541 1559 567 A
1593 541 1710 569 Domino
1738 542 1824 569 nihilo

1037 583 1129 610 secius
1142 587 1240 618 praeter
1253 584 1410 618 opinionem
1431 585 1585 613 custoditus
1601 590 1654 619 cst,
1668 594 1702 613 ne
1725 586 1832 614 Leonis.

1037 629 1156 663 nequitia
1175 630 1326 658 laederetur.

1071 673 1212 702 Venerunt
1227 675 1319 710 itaque
1334 675 1454 711 Bulgari.
1473 677 1548 705 nullo
1569 678 1635 712 ipsis
1647 684 1822 712 occurrente,

1035 721 1077 747 vcl
1093 721 1196 757 aditum
1214 722 1376 756 prohibente
1404 730 1491 757 usque
1515 724 1548 750 ad
1571 724 1689 751 civitatis
1704 729 1824 759 portam,

1035 770 1062 794 et
1080 766 1199 794 Crumus
1223 774 1299 795 sacra
1328 775 1377 802 pro
1398 776 1474 795 more
1505 769 1608 797 faciens
1632 771 1664 797 ad
1694 771 1819 806 Chryse"

1035 817 1141 847 portam
1159 813 1284 841 homines
1301 819 1328 841 et
1340 815 1468 842 animalia
1490 815 1605 849 plurima
1621 817 1751 844 mactavit
1772 827 1777 844 :
1796 821 1823 844 et

1036 858 1068 885 ad
1086 859 1170 886 maris
1183 859 1259 885 littus
1274 859 1367 887 tinctis
1382 867 1450 895 aqua
1464 861 1578 895 pedibus
1593 861 1664 888 lotus
1678 866 1720 889 est
1737 867 1824 895 totus,

1036 904 1188 939 populoque
1214 912 1285 939 aqua
1310 913 1447 940 resperso,
1468 906 1565 934 faustis
1579 907 1822 935 acclamationibus

1035 949 1069 976 ah
1087 957 1120 976 eo
1136 950 1290 978 cumulatus
1304 957 1311 976 :
1329 951 1475 985 medioque
1493 951 1622 985 pellicum
1637 952 1745 986 agmine
1758 959 1822 986 per-

1035 995 1160 1027 transito,
1178 996 1213 1023 ab
1229 996 1270 1023 eis
1286 995 1395 1023 laudem
1421 1001 1448 1023 et
1470 997 1602 1024 honorem
1618 997 1736 1030 ext-epit,
1757 1005 1821 1032 spe-

1034 1041 1178 1070 ctantibus.
1196 1049 1229 1069 ex
1254 1043 1342 1070 muris
1357 1043 1462 1070 civibus
1482 1044 1599 1076 cunctis,
1616 1041 1743 1078 nulloque
1757 1051 1821 1078 pro—

1035 1087 1137 1118 hibero,
1154 1087 1196 1114 vel
1220 1087 1302 1115 telum
1331 1087 1358 1114 in
1383 1096 1445 1115 eum
1467 1089 1574 1116 mittere
1600 1097 1678 1117 auso.
1706 1089 1753 1117 llis
1773 1097 1821 1123 pro
1852 1105 1861 1111 -

1034 1132 1112 1160 lihito
1129 1133 1264 1167 peractis,
1282 1137 1310 1160 et
1335 1141 1396 1168 quae
1421 1134 1580 1161 decreverat
1605 1135 1699 1169 gestis,
1725 1135 1820 1162 urbem

1034 1179 1177 1206 obsidione
1201 1179 1296 1212 cinxit,
1320 1185 1347 1207 et
1377 1180 1560 1214 undequaque
1586 1181 1819 1212 circumvallavit,

1033 1225 1144 1260 diesque
1161 1226 1296 1260 plurimos
1310 1230 1442 1258 moratus,
1458 1226 1540 1261 432
1554 1230 1582 1253 et
1601 1226 1677 1254 urbis
1703 1226 1761 1253 loca
1779 1227 1822 1253 vi-

1034 1271 1094 1298 cina
1114 1271 1300 1306 deprmdatus,
1316 1271 1376 1299 auri
1391 1279 1505 1307 pensum
1523 1279 1656 1304 annuum,
1674 1273 1823 1300 vestimen-

1035 1321 1178 1352 torumque
1194 1325 1337 1344 numerum
1355 1325 1408 1346 non
1425 1318 1666 1351 contemnendum,
1683 1323 1709 1346 et
1723 1319 1821 1346 electa-

1033 1371 1093 1391 rum
1107 1364 1243 1398 virginum
1254 1371 1363 1399 gregem
1376 1372 1430 1392 non
1447 1365 1584 1392 modicum
1596 1364 1716 1399 expetiit.
1731 1363 1821 1397 Quare

1033 1411 1148 1438 consilio
1161 1419 1224 1438 cum
1238 1411 1401 1445 proceribus
1414 1411 1519 1444 habito,
1535 1411 1639 1438 Crumo
1658 1411 1820 1446 signiﬁcavit

1035 1457 1089 1484 Leo
1113 1466 1121 1484 :
1137 1457 1205 1484 Cum
1224 1457 1318 1492 paucis
1332 1457 1498 1492 quibusdam
1513 1465 1588 1484 arma
1602 1465 1655 1484 non
1670 1457 1821 1484 ferentibus

1033 1503 1066 1531 ad
1089 1503 1173 1530 maris
1199 1510 1287 1538 usque
1311 1503 1387 1531 littus
1418 1503 1534 1537 procede
1559 1511 1566 1529 :
1591 1511 1696 1538 nosque
1719 1504 1821 1538 pariter

191 1560 248 1586 γων
262 1550 343 1577 τινῶν
361 1550 399 1585 μὴ
414 1549 622 1584 ἐπιφερομένων
636 1549 717 1581 ὅπλα,
742 1548 789 1575 καὶ
806 1548 888 1583 ἡμεῖς
902 1546 980 1582 ἐξερ-

1033 1547 1157 1575 navicula
1182 1547 1241 1575 sine
1258 1547 1343 1574 armis
1372 1547 1440 1574 mari
1467 1547 1651 1582 prodibimus,
1674 1547 1821 1581 habitoque

191 1597 295 1634 χόμεθα
309 1596 354 1623 διὰ
374 1596 423 1631 τῆς
441 1595 578 1630 θαλάσσης
611 1595 708 1622 ἄοπλοι
736 1594 806 1630 μετὰ
833 1593 982 1629 χελανδίου,

191 1642 240 1670 καὶ
255 1641 449 1677 σνλλαλοῦμεν·
465 1642 513 1669 καὶ
530 1641 603 1677 ἅπερ
629 1642 723 1677 ᾐτήσω
740 1641 829 1669 πάντα
841 1641 982 1676 ποιοῦμεν.

191 1688 248 1714 Καὶ
263 1687 353 1715 ταῦτα
365 1687 546 1722 δηλώσαντες,
567 1687 612 1714 διὰ
622 1687 671 1722 τῆς
688 1687 785 1718 νυκτὸς
798 1686 983 1721 ἐξαγαγόντες

189 1734 266 1765 τινὰς
302 1733 522 1769 ὲνωπλισμένους
553 1733 607 1764 ἕως
643 1733 784 1768 ὀνομάτων
810 1733 907 1768 τριῶν,
936 1733 983 1759 καὶ

191 1777 367 1815 κατέκρυψαν
381 1779 481 1810 αὐτοὺς
503 1779 532 1804 ὲν
557 1778 706 1814 δωματίοις
724 1778 796 1805 τισὶν
812 1777 865 1804 τῶν
879 1777 898 1803 Γ
900 1777 983 1812 άλλης

191 1825 291 1857 ἔξωθεν
303 1825 354 1859 τῆς
373 1825 477 1860 πόρτης
492 1824 546 1851 τῶν
563 1824 649 1859 Βλαχε
655 1825 735 1860 ρνῶν,
748 1823 882 1855 δώσαντες
894 1824 984 1855 αὐτοῖς

191 1872 340 1906 σύσσημον,
351 1871 391 1898 ὅτι
414 1870 620 1905 Διαλεγομένων
635 1870 713 1905 ἡμῶν
738 1870 807 1905 μετὰ
820 1869 869 1897 τοῦ
891 1870 982 1905 K905-

194 1924 257 1951 μου,
277 1917 390 1951 σημεῖόν
417 1925 443 1942 τι
471 1915 569 1950 ἔχομεν
590 1916 714 1950 ποιῆσαι,
730 1916 802 1951 ὅπερ
818 1916 982 1951 θεασάμενοι

190 1963 330 2000 ἐξέλθατε,
345 1963 392 1991 καὶ
414 1963 594 1990 ἀποκτείνατε
615 1962 708 1990 αὐτόν.
727 1963 784 1989 Καὶ
798 1963 831 1996 τῇ
851 1962 981 1997 ἐπαύριον

189 2009 274 2036 ὅντων
305 2009 360 2036 τῶν
388 2009 551 2044 Βουλγάρων
578 2009 625 2035 ἐπὶ
650 2008 681 2035 τὸ
710 2008 794 2044 μέρος
816 2008 872 2034 τῶν
884 2008 981 2041 ’Λγίων

197 2055 374 2090 Ἀναργύρων
395 2054 496 2087 ἔξωθεν
513 2055 563 2089 τῆς
585 2054 700 2086 πόλεως,
712 2053 848 2089 κατῆλθεν
862 2055 876 2080 ὁ
889 2053 981 2088 Κραῦ-

191 2110 242 2136 μος
268 2103 316 2129 ἐπὶ
340 2102 390 2137 τὴν
416 2101 553 2129 θάλασσαν
580 2100 651 2128 κατὰ
674 2100 724 2135 τὴν
754 2100 892 2134 συνταγὴν
910 2099 981 2134 μετὰ

188 2148 279 2175 ἄλλων
297 2147 382 2183 τριῶν
390 2147 436 2173 τὸν
447 2146 592 2180 λογοθέτην
605 2144 702 2176 αὑτοῦ,
716 2145 761 2171 κο.ὶ
775 2145 979 2171 Κωνσταντῖνον

189 2195 235 2221 τὸν
249 2193 396 2229 λεγόμενον
413 2193 472 2228 [τοῦ
487 2192 632 2227 λογοθέτου
644 2191 697 2218 καὶ⁴
708 2191 915 2218 Κωνσταντίνου
930 2191 978 2217 τοῦ

189 2239 350 2276 λεγομένου]
366 2240 413 2266 τοῦ
433 2238 572 2271 Πατζικοῦ
591 2237 724 2273 φυγόντος
750 2238 791 2269 εις
807 2236 977 2272 Βουλγαρίαν

189 2286 245 2320 πρὸ
261 2284 368 2313 πολλῶν
383 2284 462 2317 ἑτῶν,
481 2283 576 2319 ἔχοντα
591 2281 722 2319 [ἔχοντος]
737 2281 785 2309 καὶ
793 2282 839 2308 τὸν
856 2282 913 2308 υἱὸν
930 2282 979 2308 αὐ-

188 2331 236 2358 τοῦ
258 2331 324 2358 ὄντα
340 2332 370 2364 ὲξ
385 2330 503 2365 ἀδελφῆς
519 2329 567 2356 τοῦ
583 2330 725 2365 Κρούμου.
743 2325 824 2355 Οὗτοι
845 2328 979 2363 τέσσαρες

189 2377 345 2410 ἐξελθόντες
358 2376 405 2403 τοῦ
419 2376 484 2402 λαοῦ
502 2375 589 2402 αὐτῶν
602 2375 697 2402 ἄοπλοι
715 2374 848 2408 κατῆλθον
862 2373 914 2405 ἕως
929 2372 979 2408 τῆς

189 2421 328 2456 θαλάσσης
344 2421 417 2449 κατὰ
442 2421 492 2456 τὴν
520 2419 656 2455 συνταγὴν
687 2419 756 2454 μετὰ
771 2419 859 2447 ἄλλων
879 2418 975 2454 τριῶν,

190 2469 228 2504 μὴ
245 2468 428 2503 γινώσκοντες
443 2467 471 2494 δὲ
490 2467 520 2494 τὸ
536 2466 643 2502 ἑνεδρον
658 2465 760 2493 αὐτῶν.
773 2465 874 2492 Λοιπὸν
888 2464 915 2491 δὲ
929 2465 977 2492 καὶ

187 2516 214 2542 et
231 2516 264 2541 ὲκ
277 2516 326 2550 τῆς
341 2515 446 2546 πόλεως
461 2513 573 2548 ἐξῆλθον
600 2512 671 2548 μετὰ
688 2511 829 2547 χελανδίου
846 2511 977 2546 βουλόμε-

191 2569 229 2588 νοι
258 2560 420 2596 συλλαλῆσαι
439 2560 509 2595 μετὰ
531 2559 577 2587 τοῦ
603 2558 745 2595 Κρούμου,
775 2557 824 2584 καὶ
847 2556 977 2588 λαϐόντες

1033 1593 1180 1628 colloquio,
1199 1600 1260 1627 qua:
1272 1593 1421 1628 cxpetiisti,
1437 1598 1536 1620 cuncta
1555 1593 1758 1628 prmstabimus.
1772 1592 1820 1621 llis

1034 1641 1071 1668 itu
1086 1639 1258 1675 signiﬁcatis,
1274 1639 1414 1666 nonnullis
1427 1640 1460 1666 ad
1473 1639 1554 1666 trium
1569 1647 1714 1666 numerum
1731 1646 1822 1667 arma-

1034 1686 1069 1713 tis
1088 1691 1225 1720 noctuque
1239 1685 1357 1717 eductis,
1376 1685 1409 1712 ad
1435 1685 1601 1713 Blachernas
1620 1686 1648 1712 in
1671 1685 1822 1713 domuncu-

1033 1731 1066 1758 lis
1091 1731 1174 1759 Gallae
1200 1730 1409 1758 occultaverunt
1436 1738 1481 1762 se,
1499 1731 1664 1765 signumque
1695 1730 1818 1757 dedere:

1032 1777 1118 1806 Nobis
1140 1785 1202 1805 cum
1219 1778 1321 1805 Crumo
1337 1777 1555 1811 colloqueutibus
1576 1776 1683 1810 signum
1708 1776 1820 1810 aliquod

1032 1824 1156 1856 edemus,
1168 1823 1241 1858 quod
1265 1822 1415 1857 censpicnti
1435 1821 1507 1849 foras
1532 1821 1677 1855 erumpite,
1703 1826 1731 1848 et
1756 1829 1818 1848 eum

1034 1867 1187 1896 interficite.
1197 1868 1308 1895 Postero
1318 1867 1361 1894 die
1373 1867 1496 1902 Bulgaria
1509 1867 1542 1894 ad
1557 1872 1714 1894 sanctorttm
1730 1866 1822 1894 Anar-

1032 1922 1158 1949 gyrorum
1177 1914 1263 1941 aedem
1279 1913 1416 1941 stantibus
1429 1917 1506 1941 extra
1521 1913 1640 1942 civitatis
1655 1917 1771 1949 portam,
1786 1921 1820 1941 ex

1032 1959 1161 1988 condicto
1178 1960 1297 1987 Crumus
1320 1967 1415 1987 versus
1437 1967 1511 1986 mare
1533 1959 1672 1994 prolectus
1699 1964 1741 1987 est
1757 1967 1820 1986 cum

1033 2006 1119 2034 tribus
1134 2005 1213 2037 aliis;
1228 2004 1366 2040 logothcta
1379 2004 1503 2032 videlicet
1513 2004 1584 2039 ejus,
1596 2009 1623 2031 et
1636 2004 1820 2032 Constantino

1032 2052 1142 2084 Patzici,
1156 2051 1203 2087 qui
1223 2056 1287 2079 ante
1301 2051 1393 2085 plures
1409 2058 1496 2078 annos
1511 2051 1536 2078 in
1556 2050 1711 2084 Bulgariam
1738 2050 1818 2084 fuge-

1031 2102 1084 2130 rat,
1103 2098 1170 2130 lilio,
1187 2097 1270 2124 alium
1291 2096 1374 2124 lilium
1392 2100 1553 2132 praisentcm
1572 2104 1603 2124 ex
1617 2096 1709 2123 Crumi
1725 2104 1820 2124 sorore

1032 2145 1159 2172 hahente.
1178 2143 1303 2176 Quatuor
1324 2143 1369 2170 isti
1383 2143 1486 2177 reliquo
1503 2142 1623 2169 exercitu
1649 2141 1819 2169 discedentes

1031 2196 1058 2220 et
1075 2192 1193 2219 iuertucs
1216 2198 1277 2217 cum
1304 2190 1367 2217 aliis
1394 2189 1481 2217 tribus
1501 2189 1581 2224 juxta
1606 2188 1760 2216 condictum
1786 2187 1820 2214 ad

1031 2245 1107 2265 mare
1123 2238 1301 2269 devenerunt,
1315 2235 1429 2263 insidias
1443 2234 1494 2262 sibi
1513 2238 1622 2268 paratas
1647 2233 1818 2268 ignorantes.

1030 2283 1140 2319 Egressi
1156 2286 1219 2309 sunt
1234 2281 1337 2315 pariter
1353 2288 1387 2307 ex
1405 2280 1473 2308 urbe
1489 2280 1570 2306 lintre
1587 2279 1670 2308 vecti.
1686 2279 1733 2314 qui
1754 2286 1818 2306 cum

1030 2330 1132 2357 Crulno
1149 2327 1316 2361 colloquium
1330 2325 1446 2352 habituri
1462 2329 1541 2351 erant
1561 2333 1567 2351 :
1586 2329 1613 2351 et
1627 2329 1736 2359 accepta
1756 2324 1819 2357 ﬁde,

1031 2383 1047 2403 ε
1062 2374 1122 2402 navi
1136 2373 1303 2409 prodierunt.
1320 2371 1439 2398 Crumus
1456 2378 1528 2405 equo
1543 2370 1712 2397 descendens
1724 2378 1750 2397 tn
1762 2375 1818 2397 ter-

1029 2428 1086 2449 ram
1101 2419 1206 2446 desedit
1223 2426 1229 2445 :
1248 2417 1309 2452 ejus
1338 2424 1408 2451 equo
1427 2416 1493 2443 sella
1517 2415 1655 2450 frenisque
1682 2415 1819 2443 instructo

1029 2464 1201 2494 Constantini
1232 2463 1281 2490 ﬁlii
1307 2469 1390 2490 manu
1416 2462 1535 2489 detento.
1565 2461 1634 2496 ipsis
1660 2460 1819 2489 adinvicem

1031 2511 1241 2543 disserentibus,
1255 2517 1309 2537 non
1331 2516 1411 2537 nemo
1437 2509 1545 2543 signum
1572 2516 1604 2535 ex
1626 2508 1693 2536 urbe
1719 2507 1816 2534 dedit;

1031 2559 1083 2587 fuit
1095 2559 1119 2586 is
1136 2557 1284 2589 Exabules,
1298 2557 1345 2592 qui
1359 2563 1441 2584 manu
1456 2561 1538 2590 caput
1554 2556 1671 2591 aperuit.
1691 2554 1819 2582 Animad-

778 2626 906 2655 FRANC.
925 2627 1119 2657 COMBEFISII
1138 2627 1256 2655 NOTAE.

224 2673 262 2709 (8)
289 2672 387 2701 Vocem
403 2674 529 2709 dy'oupovr
544 2680 592 2708 pro
602 2673 717 2707 ephebo,
739 2677 820 2708 atque
833 2674 931 2707 juvene
944 2673 971 2700 in

187 2710 250 2736 aula
265 2713 385 2736 merente
398 2708 509 2743 exponit
521 2708 662 2737 Posslnius
681 2709 707 2735 in
723 2711 801 2736 Anna
818 2709 969 2741 Comnena,

188 2744 268 2778 cujus
286 2744 409 2771 Aleziad.
424 2745 442 2770 I.
458 2745 472 2770 7
486 2752 517 2771 ea
542 2745 594 2772 νὺκ
614 2748 713 2771 exsul.
727 2744 762 2770 At
773 2751 866 2771 vocem
892 2744 972 2770 ἐπιά-

194 2777 402 2815 {ohpovitcrnm
418 2779 525 2806 invenio
540 2778 566 2806 in
575 2779 669 2806 ‘Lcone
682 2779 866 2806 Grammatico
882 2786 908 2813 p.
918 2778 970 2806 460
1021 2780 1142 2815 juvenem
1159 2787 1168 2810 ;
1182 2777 1287 2815 potius.
1314 2777 1462 2815 rgbustum,

188 2816 222 2840 dc
236 2814 338 2841 Basilio
347 2814 492 2841 Macedone
502 2814 613 2845 dictam,
623 2822 685 2841 cum
701 2815 830 2842 robustus
842 2821 969 2848 procero~

189 2856 242 2884 quc
262 2856 375 2883 corpore
389 2849 496 2883 juvenis
513 2848 708 2884 Thcophilitzis
726 2849 869 2877 comitatui
894 2849 967 2876 adle~

188 2882 249 2911 'ctus
267 2882 318 2916 est;
335 2882 414 2919 qut-in
444 2882 641 2913 Constantinus
659 2885 685 2911 in
701 2884 791 2912 Basilii
811 2883 870 2912 Vita
897 2884 970 2917 ejus-

1025 2675 1096 2702 modi
1108 2675 1251 2708 juvenum,
1265 2681 1297 2701 ac
1309 2672 1356 2708 qui
1375 2671 1482 2708 pulchri
1500 2675 1608 2708 essent:
1628 2670 1753 2708 εξιειδεῖςἱ
1772 2663 1819 2708 ei?

1024 2705 1117 2738 fuisse
1124 2705 1367 2737 studiosissimum.
1376 2705 1445 2733 ’Non
1458 2707 1527 2734 male
1542 2706 1586 2733 hic
1595 2705 1624 2732 1).
1633 2705 1716 2737 Goar,
1729 2705 1816 2732 uirili;

1027 2751 1055 2772 at
1066 2745 1168 2778 malint,
1181 2744 1276 2778 grandi
1288 2742 1453 2776 robustaque.
1465 2742 1507 2778 Ibi_
1517 2749 1569 2767 non
1580 2741 1677 2775 placet,
1689 2746 1818 2778 qgrsslent

1494 2776 1599 2810 fortem,
1619 2775 1744 2810 grandem
1758 2783 1766 2808 ;
1783 2776 1817 2802 dc'

1026 2810 1081 2849 quo
1102 2810 1205 2846 statim,
1244 2812 1300 2849 οἷον
1328 2812 1444 2849 ἄγουρον
1461 2810 1512 2849 νῦν
1531 2810 1730 2849 ἀπελαεξόμηιη
1752 2818 1804 2845 qua

1025 2845 1075 2878 [cut
1098 2858 1167 2877 nunc
1198 2848 1345 2877 masculum
1375 2845 1512 2874 comitatui
1532 2845 1642 2881 adlegi?
