2011 3155
209 163 277 195 1019

835 163 993 194 INCERTI
1011 164 1204 196 AUCTORIS

1770 162 1831 195 1020

208 220 288 248 wrtit
302 220 434 252 Crumus,
457 223 485 246 et
497 219 591 246 anitno
608 225 771 254 percussus,
784 219 898 247 exsiliit.
918 219 951 247 Et
973 220 1000 247 in

1063 219 1146 253 λόγον,
1161 217 1276 253 ἐξῆλθον
1292 217 1340 245 τοῦ
1353 217 1502 254 καραείουί
1517 216 1572 245 Kal
1590 217 1831 251 ἀποκαῦαλικεύσας

208 275 310 302 equum
338 266 395 300 jam
423 269 550 300 paratum
580 272 596 292 a
621 264 705 293 sociis
733 263 847 293 evectus
877 265 1004 300 equitare

208 313 291 347 erepit
308 320 315 339 :
331 319 394 338 mox
411 310 529 346 populus
547 318 563 338 e
578 310 717 338 moenibus
731 310 758 338 in
775 311 925 338 clamorem
940 318 1004 338 eru-

209 361 249 395 pit
265 367 273 386 :
290 359 363 386 Crux
379 358 455 386 vicit.
477 358 540 392 ipso
555 357 648 392 fugam
663 357 824 393 arripiente.
838 359 937 386 armati
951 358 1004 386 viri

209 414 243 433 ex
251 404 422 432 domunculis
432 404 545 439 egressi,
559 408 632 431 retro
645 404 759 431 insecuti
769 409 843 437 sunt,
853 408 879 432 et
897 405 1006 433 emissis

210 451 272 480 telis
287 451 399 478 vulnera
412 450 513 478 inferre
540 451 754 478 meditabantur.
766 450 792 478 ls
804 451 917 479 omnino
930 452 1006 479 solus

211 498 239 524 in
260 498 412 525 exercitum
428 505 458 524 se
471 496 583 531 recepit,
602 496 647 523 alii
664 501 719 524 tres
745 497 793 532 qui
825 497 851 524 in
880 497 1006 525 navicula

211 549 405 572 remanserant
419 543 520 570 detenti
535 547 610 570 sunt.
628 543 778 578 Logotheta
792 543 940 571 confestim”
955 551 1004 571 oc-

212 591 288 619 cistis
308 596 361 622 est,
386 590 585 618 Constantinus
607 595 698 617 autem
722 595 749 618 et
766 590 827 625 ejus
849 590 922 618 ﬁlius
951 590 1006 618 vivi

212 638 324 666 servati.
345 637 392 665 llis
409 638 445 665 ita
459 639 555 672 scalis,
570 637 657 664 iratus
677 637 797 665 Crumus
816 638 924 665 incendi
941 638 1006 665 sub-

213 684 337 718 vertiqne
360 684 450 711 lorum
473 690 582 710 Omnem
600 689 710 719 postero
731 684 776 711 die
789 684 882 717 jussit.
898 684 1007 712 Posito-

213 737 268 764 que
285 729 422 761 incendio,
439 734 554 757 cunctas
568 730 702 757 ecclesias
718 734 795 757 trans
808 731 928 757 civitatis
942 734 1007 766 por-

215 780 270 802 tant
291 776 436 810 prmclaras
451 776 573 811 quasvis,
586 780 613 803 et
625 777 660 803 ab
678 776 765 808 lrene,
787 776 954 812 Nicephoro,
978 781 1006 805 et

214 822 348 850 Michaele
382 826 534 857 reparatas,
563 830 669 849 necnon
690 823 869 855 monasteria,
896 823 1006 858 palatia,

214 868 322 900 domos,
355 868 514 895 suburbana
549 868 772 896 combusserunl.
808 868 849 895 Ad
883 873 1006 896 sanetum

1055 269 1070 294 ὸ
1094 266 1223 303 Κροῦμος
1243 267 1371 294 ἐκάθισεν
1394 266 1441 293 ἣπὶ
1463 266 1512 293 τοῦ
1536 266 1664 301 ἐδάφους,
1680 267 1725 293 καὶ
1739 268 1781 294 τὸν
1794 267 1833 294 ἶπ-

1056 323 1107 341 πον
1124 314 1207 341 αὐτοῦ
1226 314 1338 348 ἐκράτει
1354 314 1369 340 ό
1395 313 1453 346 υἱὸς
1468 313 1676 341 Κωνσταντῑνου
1692 315 1836 349 στρωμένον

1056 359 1255 395 χαλινωμένον.
1279 359 1335 386 Kal
1358 359 1559 394 διαλεγομένων
1581 359 1672 386 αὐτῶν
1684 359 1807 394 ἐποίησεν
1824 360 1837 386 ὀ

1056 403 1099 438 εἷς
1122 406 1214 433 αὐτῶν
1237 407 1270 432 ἐκ
1284 405 1335 441 τῆς
1352 405 1459 436 πόλεως
1482 404 1513 431 τὸ
1536 405 1660 439 σημεῖον,
1671 400 1700 436 ὃς
1710 400 1744 440 ἦν
1756 405 1770 431 ό
1785 405 1838 437 Ἐξ.

1057 452 1188 488 αῦούλης,
1208 454 1242 488 τῇ
1269 452 1343 488 χειρὶ
1364 453 1415 488 τὴν
1429 453 1555 488 κεφαλὴν
1574 452 1777 484 emneatu“.
1794 453 1837 480 ‘Ov

1059 499 1122 526 ἰδὼν
1136 500 1150 526 ὀ
1161 499 1237 535 1(ροῦ
1242 507 1293 534 μσς
1308 498 1357 526 καὶ
1381 498 1591 530 σκανδαλισθεὶς
1603 497 1781 534 ἀνεπήδησεν,
1796 500 1838 526 καὶ

1060 544 1131 579 ἔχων
1150 544 1262 579 ἕτοιμον
1276 544 1322 571 τὸν
1342 544 1438 576 ἵππον,
1454 543 1632 578 σηκώσαντες
1647 543 1728 570 αὑτὸν
1747 544 1771 570 οἱ
1787 544 1837 579 μετ’

1059 589 1142 618 αὐτοῦ
1172 589 1414 623 ὲκαὸαλλικευσεν,
1444 591 1491 617 καὶ
1508 589 1661 624 ἀνέκραξεν
1677 591 1691 616 ό
1706 589 1768 622 λαὸς
1791 590 1840 616 ἀπὸ

1057 636 1112 663 τῶν
1126 636 1235 671 τειχῶν*
1251 636 1372 671 Σταυρὺς
1397 636 1535 672 ἐνίκησεν.
1567 636 1623 663 Καὶ
1647 635 1727 668 αὐτὸς
1748 636 1840 672 ήρξατο

1059 682 1183 717 φεύγειν.
1212 683 1268 709 Kal
1293 682 1449 714 ἐξελθόντες
1472 683 1498 709 οι
1523 681 1721 717 ὲνωπλισμένοι
1741 682 1771 708 ἐκ
1793 682 1841 708 τῶν

1058 728 1194 764 δωμάτων
1210 727 1380 762 κατεδίωξαν
1394 728 1484 755 ὀπίσω
1500 728 1548 755 τοῦ
1566 728 1641 763 Κρού
1647 737 1708 762 μου,
1721 728 1766 754 καὶ
1778 727 1841 754 ἁπο-

1058 775 1190 808 λύσαντες
1214 775 1305 802 αὐτῶν
1324 775 1364 801 ,τὰ
1383 775 1458 810 βέλη,
1473 775 1511 806 ὡς
1526 775 1660 810 ᾠήθησαν
1678 774 1842 809 ὅτιὲπλήγωι

1060 829 1109 848 σαν
1126 821 1220 848 αὐτόν.
1236 820 1322 852 Αὐτὸς
1336 820 1364 847 δέ
1381 820 1538 856 μονώτατος
1556 820 1660 854 ἔφυγεν
1673 820 1712 851 εις
1726 820 1770 846 τὸν
1787 819 1843 846 λαὸν

1060 866 1154 894 αὐτοῦ.
1167 868 1199 894 Ol
1215 866 1244 893 δὲ
1261 866 1337 894 ἄλλοι
1351 867 1427 902 τρεῖς
1448 865 1624 901 ἐπιάσθησαν
1639 866 1692 892 ὑπὸ
1703 865 1756 892 τῶν
1767 865 1842 892 όντων

214 912 381 939 Mamantem
397 912 500 947 pariter
524 913 675 947 progressi,
697 913 805 947 palatiis
825 913 925 941 ibidem
943 921 1008 941 con-

1063 914 1088 940 ἐν
1099 913 1137 948 τῷ
1150 912 1293 948 χελανᾶίῳ.
1303 912 1359 940 Kal
1372 914 1386 939 ό
1399 912 1449 947 μὲν
1464 911 1614 947 λογοθέτης
1627 911 1753 947 πάραυτα
1766 911 1843 945 ἐσφά-

217 958 331 990 stitutis,
358 959 532 993 geminisque
546 958 682 986 cubiculis
697 959 876 993 subiecerunt
904 959 1007 995 ignem,

214 1004 360 1032 columnas
385 1005 590 1039 conti-egerunt,
618 1009 645 1032 et
661 1005 801 1039 plumbum
818 1004 899 1040 5.33
916 1012 1009 1039 reper-

217 1057 275 1078 tutn
307 1056 470 1086 rapuerunt,
493 1051 728 1085 animantiumque
749 1055 856 1078 statuas
878 1052 905 1078 in
929 1050 1010 1078 Circo

216 1096 322 1130 positas
346 1096 468 1124 tulerunt
491 1103 596 1128 secum,
614 1096 738 1130 captivos
754 1102 852 1124 omnes
873 1095 1010 1123 dederunt

216 1141 289 1173 neci,
305 1142 497 1176 neejumentis
514 1141 582 1176 ipsis
606 1146 634 1169 et
653 1141 820 1169 animalibus
849 1148 1008 1177 pepercere.

218 1187 288 1214 llinc
308 1191 414 1222 portus,
434 1188 478 1215 cui
506 1187 581 1214 Steni
599 1195 711 1220 nomen,
735 1188 837 1220 littore,
865 1192 1011 1224 tractuque

217 1232 361 1267 superiore
377 1236 524 1268 peragrato
550 1233 657 1260 navalia
682 1233 896 1266 succenderunt,
917 1235 1012 1262 subla-

219 1279 309 1314 tisque
331 1287 425 1307 secum
441 1280 538 1314 spoliis
560 1280 682 1314 pluribus
712 1280 908 1308 discesserunt.
939 1280 1009 1309 Tum

216 1330 351 1360 occupata
380 1326 494 1353 dextera
524 1326 644 1354 civitatis
679 1331 768 1361 parte,
808 1328 843 1354 ad
876 1328 1011 1356 orientem

218 1371 308 1406 ignetn
326 1379 342 1399 a
362 1376 440 1406 porta
456 1371 562 1407 Chryse
573 1371 606 1399 ad
621 1371 736 1406 Regium
752 1379 841 1407 usque
863 1373 1010 1401 miserunt.

218 1418 321 1453 Athyra
334 1417 433 1445 demde
448 1417 575 1452 profecti,
590 1423 711 1445 castrum
724 1418 761 1445 ibi
779 1423 901 1446 erectum
917 1419 1013 1446 demo-

219 1463 380 1490 litisuntzet
394 1462 554 1496 praeclarum
569 1462 646 1489 illum
657 1466 766 1496 pontem
777 1463 904 1496 quamvis
912 1462 1012 1489 lirmis-

219 1509 320 1535 simum
338 1508 508 1542 dejecerunt.
526 1508 679 1543 Selybriam
693 1509 869 1543 postmodum
885 1507 1010 1542 profecti,

219 1555 253 1580 ad
266 1553 355 1581 solum
378 1561 466 1588 usque
483 1557 608 1581 castrum
626 1553 728 1580 ibidem
745 1557 936 1581 constructum
961 1552 1011 1580 de-

220 1599 378 1632 turbarunt,
395 1607 446 1627 nec
461 1606 516 1626 non
531 1599 663 1626 ecclesias
687 1599 842 1634 domosque
863 1599 1014 1627 suceende-

220 1650 294 1673 rnnt.
308 1645 374 1673 Post
388 1646 446 1672 haec
459 1649 580 1673 castrum
598 1645 733 1672 Daoninm
748 1645 963 1678 destruxerunt;
986 1650 1014 1672 et

220 1692 379 1720 Heracleam
392 1692 518 1727 profecti,
530 1699 593 1719 cum
610 1699 664 1719 non
678 1696 789 1726 possent
803 1698 951 1726 occupare,
965 1691 1014 1718 do-

221 1747 280 1766 mos
306 1742 423 1766 cunctas
452 1738 485 1766 ad
512 1738 588 1766 littus
617 1738 732 1773 positas,
757 1737 927 1772 mdiliciaque
953 1737 1014 1765 urbi

221 1785 311 1813 vicina
322 1784 445 1812 ﬂammis
459 1788 647 1812 vastaverunt.
684 1782 733 1811 llis
753 1785 925 1818 perpetratis,
951 1783 1014 1811 meo

221 1831 330 1858 tlcstum
348 1834 496 1862 venerunt,
516 1834 543 1857 et
559 1834 682 1857 castrum
698 1829 770 1857 istud
787 1829 922 1860 demoliti,
944 1837 1013 1857 con-

221 1879 320 1905 fertam
334 1877 440 1912 plebem
454 1877 642 1905 internecione
654 1876 814 1904 deleverunt
830 1884 837 1903 :
855 1883 974 1910 cumque
987 1875 1014 1903 in

220 1924 359 1952 civitatem
370 1931 427 1951 non
447 1923 659 1955 invalescerent,
672 1929 768 1958 sparso
783 1922 872 1950 ubivis
886 1922 1014 1950 incendio

220 1970 371 1999 intulerunt
377 1970 543 1998 vastitatem.
552 1969 616 1997 Inde
624 1970 726 2004 Aprum
733 1976 840 2001 versus,
850 1969 922 2003 quod
932 1969 1014 1996 etiam

220 2021 341 2046 castrum
348 2021 401 2048 est.
413 2016 639 2049 direxerantiter,
646 2023 734 2050 ecque
740 2022 838 2043 everso
849 2020 876 2043 et
890 2015 1013 2048 incenso,

220 2068 253 2092 ut
277 2064 338 2092 aliis
364 2063 490 2098 pluribus
516 2062 626 2094 castris,
656 2061 763 2089 dierum
795 2062 889 2089 decem
916 2061 1015 2089 itinere

220 2110 393 2138 diverterunt
408 2109 474 2136 inde
488 2109 521 2136 ad
536 2108 606 2136 Gani
627 2112 745 2140 montes,
763 2109 790 2135 in
804 2108 904 2142 quibus
918 2107 1016 2136 delite-

220 2161 343 2185 scentem
359 2155 530 2190 plebeculam
544 2155 690 2189 plurimam
717 2154 888 2190 reperientes
902 2160 930 2181 et
955 2155 1016 2182 ani-

221 2201 305 2229 malia
325 2200 452 2228 Thraciae
466 2199 552 2227 ferme
571 2203 681 2232 cuncta,
699 2199 827 2227 homlnes
847 2203 873 2227 et
890 2200 1014 2234 jumenta

1058 968 1105 994 γη·
1119 960 1327 992 Κωνσταντῖνος
1339 959 1368 987 δὲ
1384 960 1431 987 καὶ
1448 960 1462 987 ό
1476 959 1534 991 uio;
1548 959 1634 986 αὑτοῦ
1654 959 1754 991 ζῶντες
1767 959 1839 986 ἐπιό-

1061 1005 1176 1041 σθησαν.
1197 1006 1307 1032 Λοιπῶν
1335 1004 1383 1033 οὖν
1405 1006 1510 1033 τούτων
1534 1006 1704 1041 γενομένων,
1719 1005 1844 1041 θυμωθεὶς

1059 1051 1075 1077 ό
1087 1051 1218 1088 Κροῦμος
1233 1051 1377 1079 ἐκέλευσεν
1402 1051 1537 1087 ἐπαύριον
1552 1052 1709 1088 ἐμπυρισαι
1735 1052 1780 1078 καὶ
1802 1060 1843 1077 κα-

1059 1097 1214 1133 ταστρέψαι
1232 1097 1323 1124 πάντα
1339 1097 1435 1124 τόπον.
1453 1097 1508 1125 Kal
1523 1098 1677 1133 ἀρξάμενοι
1695 1097 1844 1133 ἐμπυριςειν

1061 1144 1237 1170 κατέκαυσαν
1254 1143 1344 1175 πάσας
1370 1144 1421 1175 τὰς
1448 1144 1600 1177 ἐκκλησίας
1629 1143 1680 1176 τὰς
1707 1144 1844 1178 ἁντῐπεραν

1060 1185 1112 1221 τῆς
1128 1186 1233 1218 πόλεως
1258 1187 1379 1222 μεγάλας
1400 1186 1495 1220 οὔσας,
1516 1187 1549 1219 ἃς
1562 1188 1737 1215 (ἐνεκαίνισεν
1751 1187 1844 1223 Εἰρήνη

1061 1232 1110 1259 καὶ
1124 1232 1282 1268 Νικηφόρος
1306 1233 1354 1260 καὶ
1373 1233 1496 1270 Μιχαήλ·
1521 1234 1626 1269 ὁμοίως
1654 1234 1701 1261 καὶ
1716 1234 1750 1261 τὰ
1772 1241 1845 1268 μονα-

1062 1279 1173 1314 στήρια,
1190 1279 1287 1306 καὶτὰ
1305 1279 1435 1312 παλάτια,
1462 1280 1511 1308 καὶ
1535 1280 1602 1311 τοὺς
1624 1281 1728 1313 οἴκους,
1749 1281 1794 1307 καὶ
1815 1278 1845 1306 τὰ

1062 1325 1222 1360 προάστεια.
1240 1326 1295 1353 Καὶ
1318 1326 1442 1358 ἐλθόντες
1470 1328 1510 1358 εἰς
1526 1327 1573 1353 τὸν
1585 1327 1686 1361 Ἀγιον
1718 1326 1843 1362 Μάμαντα

1062 1371 1228 1407 ἐνεπύρισαν
1243 1372 1277 1399 τὰ
1288 1373 1379 1399 ἐκεῖσε
1397 1373 1528 1406 παλάτια,
1549 1373 1596 1400 καὶ
1614 1374 1680 1406 τοὺς
1694 1373 1740 1400 δύο
1757 1373 1846 1399 κοιτῶδ

1063 1426 1123 1449 νας,
1140 1420 1188 1446 καὶ
1213 1419 1277 1450 τοὺς
1303 1419 1397 1451 κίονας
1425 1419 1613 1452 κατέκλασαν,
1630 1421 1678 1447 καὶ
1700 1420 1760 1451 τοὺς
1772 1418 1846 1454 μολύ-

1063 1465 1143 1497 6600;
1157 1466 1275 1501 ἐπῆραν,
1302 1466 1350 1493 καὶ
1375 1467 1409 1493 τὰ
1427 1466 1512 1498 ζώδια
1525 1466 1572 1493 τοῦ
1600 1467 1790 1503 ἱπποδρομίαν,
1805 1466 1849 1492 καὶ·

1065 1512 1156 1537 πᾶσαν
1179 1512 1229 1547 τὴν
1254 1513 1446 1547 αἰχμαλωσίαν
1471 1513 1661 1549 κατέσφαξαν,
1684 1514 1732 1541 καὶ
1758 1513 1847 1548 ὁμοίως

1065 1557 1113 1584 καὶ
1127 1557 1162 1584 τὰ
1188 1557 1285 1594 κτήνη.
1301 1559 1359 1586 Kal
1372 1559 1525 1592 διελθόντες
1549 1562 1645 1588 πᾶσαν
1662 1560 1712 1596 τὴν
1736 1559 1849 1595 napaea-

1066 1602 1181 1630 λασσίαν
1195 1604 1243 1631 τοῦ
1258 1604 1356 1631 Στενοῦ
1367 1606 1415 1632 καὶ
1429 1605 1479 1641 τὴν
1501 1606 1568 1640 ἄνω,
1585 1608 1677 1634 πάντα
1691 1607 1724 1634 τὰ
1740 1605 1849 1642 ἐμπόρια

1066 1650 1259 1676 κατέκαυσαν·
1284 1651 1330 1678 καὶ
1357 1651 1476 1686 ἄραντες
1499 1651 1587 1679 σκῦλα
1618 1652 1720 1686 πολλὰ,
1746 1652 1848 1688 ᾤχοντο.

1068 1695 1124 1721 Kal
1149 1696 1299 1727 πιάσαντες
1328 1696 1360 1722 τὸ
1389 1696 1477 1729 δεξιὸν
1495 1698 1578 1733 μέρος
1593 1698 1646 1734 τῆς
1670 1699 1772 1730 πόλεως
1789 1697 1849 1733 πρὸς

1067 1740 1214 1773 ἀνατολὰς,
1227 1742 1405 1769 κατέκαυσαν
1427 1743 1458 1769 τὸ
1480 1743 1582 1775 ἔξωθεν
1597 1745 1651 1779 τῆς
1666 1745 1774 1780 Χρυσῆς
1791 1743 1850 1779 πόρ-

1068 1791 1131 1821 της,
1145 1787 1198 1818 ἕως
1210 1787 1257 1814 τοῦ
1275 1787 1398 1822 Ῥηγίουο
1422 1788 1470 1815 καὶ
1487 1788 1613 1821 ἐλθόντες
1635 1791 1676 1822 εἰς
1693 1790 1737 1817 τὸν
1759 1789 1850 1824 Ἀθύρα

1069 1832 1260 1868 κατέστρεψαν
1278 1833 1310 1860 τὺ
1324 1835 1416 1860 ἐκεῖσε
1440 1836 1572 1870 κάστρον,
1592 1837 1644 1863 καὶ
1664 1837 1714 1872 τὴν
1729 1836 1849 1871 γέφυραν,

1069 1879 1221 1914 παράξενον
1242 1879 1327 1906 οὖσαν
1352 1880 1401 1906 καὶ
1430 1881 1501 1907 πάνυ
1533 1881 1571 1916 (9)
1601 1882 1787 1917 ὀχυρωτάτην.
1803 1880 1851 1906 Καὶ

1068 1925 1193 1957 ἐλθόντες
1214 1926 1254 1957 εἰς
1277 1924 1427 1962 Σιλυὸρίαν
1444 1925 1535 1962 [Σηλ.]
1551 1927 1743 1964 κατέστρεψαν
1767 1926 1796 1953 τδ
1808 1925 1851 1952 αὺ-

1068 1971 1126 1998 τόθι
1142 1972 1260 2007 κάπρον
1277 1972 1330 2005 ἓως
1354 1973 1403 1999 τοῦ
1424 1974 1551 2008 ἐδάφους,
1569 1974 1619 2001 καὶ
1641 1973 1691 2005 τὰς
1706 1971 1851 2006 ἐκκλησίας,

1068 2015 1198 2048 καὶτοὺς
1220 2016 1315 2049 οἴκους
1340 2018 1528 2045 κατέκαυσαν·
1549 2018 1597 2045 καὶ
1627 2019 1697 2055 μετὰ
1725 2018 1801 2045 τοῦτο
1826 2016 1853 2042 τὸ

1069 2062 1165 2089 Δαόνιν
1179 2063 1299 2099 κάστρον
1314 2061 1438 2100 ὑπάρχον
1451 2065 1655 2100 κατέστρεψαν.
1674 2066 1728 2093 Καὶ
1742 2064 1854 2094 ἐλθόντες

1069 2109 1108 2141 εἷς
1123 2109 1174 2144 τὴν
1195 2109 1275 2136 πόλιν
1297 2111 1474 2146 Ἡρακλείας,
1494 2111 1533 2147 μὴ
1552 2111 1700 2147 δυνάμενοι
1713 2113 1752 2143 εἰς
1778 2109 1853 2143 αὐτὴν

1069 2155 1213 2188 εἰσελθεῖν,
1227 2156 1396 2192 ἑνεήύρισαν
1418 2157 1509 2184 πάντα
1526 2157 1560 2184 τὰ
1582 2158 1725 2194 οἰκήματα
1742 2157 1775 2184 τὰ
1795 2155 1852 2182 liam

1069 2202 1111 2233 εἰς
1138 2201 1185 2229 τὸν
1213 2202 1322 2237 λιμένα,
1342 2204 1390 2230 καὶ
1412 2204 1446 2231 τὰ
1462 2203 1544 2239 πέριξ
1568 2204 1620 2239 τῆς
1648 2204 1733 2238 αὐτῆς
1748 2202 1851 2232 πόλεως-

221 2249 367 2277 innumera
391 2247 615 2282 jugulaverunt:
642 2250 750 2281 partem
783 2253 849 2274 vero
879 2246 1011 2282 reliquam

1070 2247 1125 2274 Kal
1136 2248 1206 2283 μετὰ
1219 2248 1298 2276 τοῦτο
1313 2250 1437 2282 ἐλθόντες
1452 2251 1492 2282 εἰς
1504 2250 1664 2278 Ῥαιδεστον
1675 2247 1852 2284 κατέστρεψαν

221 2302 286 2323 cum
308 2294 454 2322 mulierum
469 2300 675 2329 puerorumque
691 2292 870 2321 multitudine
895 2293 924 2320 in
951 2293 1017 2321 Bul-

222 2342 330 2378 gariam
352 2342 568 2377 deportaverunt
588 2339 735 2375 captivam.
763 2339 828 2367 Inde
850 2339 1019 2368 transierunt

220 2388 255 2415 ad
271 2387 450 2420 Examilium,
476 2391 504 2414 et
517 2385 643 2421 Abydum
668 2392 757 2420 usque
771 2395 777 2412 :
792 2393 960 2421 rursumque
983 2385 1018 2413 ad

221 2433 335 2463 Eurinm
348 2433 467 2469 regressi
482 2437 510 2461 et
528 2432 698 2467 superiorem
714 2432 853 2468 regionem
867 2452 875 2465 ,
901 2437 1018 2460 cunctas

221 2482 303 2510 urbes
316 2489 332 2509 a
343 2481 459 2508 minima
476 2479 510 2507 ad
523 2479 672 2507 maximam
689 2478 896 2514 Adrianopolim
929 2486 1017 2514 usque

221 2529 430 2556 destruxerunt.
448 2526 657 2561 Adrianopolim
681 2532 765 2560 porro
786 2526 921 2553 munitam
939 2533 1016 2561 repe-

221 2574 323 2602 rlentes
347 2573 518 2602 obsederunt
536 2581 543 2599 :
561 2579 644 2607 quant
669 2579 735 2600 cum
769 2579 929 2607 expugnare
959 2580 1016 2600 non

221 2625 350 2656 possent,
383 2619 535 2655 protractis
562 2617 717 2647 obsidionis
746 2617 845 2646 diebus
872 2619 1016 2647 machinas

222 2668 432 2699 instruxerunt,
460 2671 488 2694 et
515 2670 638 2695 castrum
671 2669 908 2700 oppugnaverunt.
938 2665 1018 2694 Cives

221 2713 303 2741 malis
327 2713 477 2746 eoarctati,
506 2719 559 2748 ope
581 2712 718 2745 destituti,
735 2716 764 2739 et
777 2711 850 2739 fame
872 2716 1020 2746 pereuntes

222 2759 350 2789 hostibus
363 2760 453 2789 fecere
468 2759 645 2788 deditionem.
658 2758 768 2795 Bulgari
786 2758 903 2794 captivis
918 2758 952 2786 ad
969 2766 1020 2785 nn-

1068 2296 1208 2323 καὶτοῦτο
1222 2297 1252 2323 τὸ
1274 2297 1407 2333 κάστρον,
1428 2298 1636 2335 ὲμῆςυρισαντες
1663 2299 1751 2325 πάντα
1769 2297 1801 2322 τὰ
1826 2295 1851 2319 ὲν

1068 2342 1137 2378 αὐτῇ
1153 2343 1294 2378 οἰκήματα
1309 2343 1357 2370 καὶ
1383 2344 1433 2376 τὰς
1452 2344 1620 2379 ἐκκλησίας,
1637 2341 1852 2378 κατασφάξαντες

1068 2388 1163 2416 αὐτόθι
1177 2389 1243 2417 λαὸν
1261 2389 1357 2416 πολύν.
1372 2390 1427 2417 Kal
1447 2390 1531 2426 μηδέν
1552 2390 1715 2426 ἰσχύσαντες
1729 2389 1768 2420 εις
1783 2386 1850 2417 αὑτὸν

1067 2435 1101 2461 τὰ
1122 2435 1176 2468 ἔξω
1192 2436 1283 2463 πάντα
1298 2436 1514 2471 ἐμπυρῑσαντες,
1540 2437 1589 2463 καὶ
1612 2434 1852 2471 καταστρέψαντεςν

1068 2481 1188 2517 ἀνῆλθον
1203 2483 1243 2514 εἰς
1260 2482 1307 2510 τὸν
1323 2483 1431 2520 ’Δτιρον
1443 2503 1451 2516 ,
1475 2483 1597 2520 κάπρον
1611 2482 1643 2510 ὃν
1659 2483 1707 2509 καὶ
1723 2480 1794 2508 αὑτό·
1812 2478 1853 2505 καὶ

1069 2528 1313 2564 καταστρέψαντες
1339 2529 1388 2556 καὶ
1417 2529 1497 2556 τοῦτο
1521 2529 1569 2556 καὶ
1586 2528 1796 2565 ἐμπυρίσαντες,
1811 2524 1852 2551 καὶ

1068 2574 1151 2609 ἕτερα
1162 2574 1278 2602 πλεῖστα
1293 2576 1414 2611 κάστρα,
1431 2575 1568 2611 κατῆλθον
1583 2575 1689 2602 ἐκεῖθεν
1703 2572 1736 2601 δι’
1751 2570 1852 2608 ἡμερῶν

1068 2620 1148 2654 δέκα,
1166 2622 1214 2649 καὶ
1229 2621 1357 2658 εισῆλθον
1380 2624 1421 2655 εἰς
1438 2621 1474 2649 τὰ
1493 2622 1544 2658 ὅρη
1570 2622 1617 2649 τοῦ
1640 2621 1736 2649 Γάνον·
1756 2620 1799 2646 καὶ
1812 2617 1851 2643 εὖ-

1072 2668 1166 2703 ρόντες
1191 2670 1251 2695 εκεῖ
1270 2669 1335 2696 λαὸν
1362 2669 1447 2696 πολὺν
1472 2669 1676 2705 κρυπτόμενον,
1695 2667 1742 2694 καὶ
1767 2664 1850 2699 σχεδδν

1072 2714 1163 2741 πάντα
1181 2714 1217 2741 τὰ
1235 2715 1323 2751 κτήνη
1338 2715 1388 2751 τῆς
1400 2715 1525 2751 Θρᾴκης,
1542 2713 1718 2748 κατισφαξαν
1733 2711 1793 2742 τοὺς
1810 2709 1851 2735 ἁν-

1072 2759 1201 2796 θρώπους
1214 2761 1263 2789 ttal
1274 2762 1309 2789 τὰ
1323 2762 1409 2799 κτήνη
1422 2760 1486 2789 ὖντα
1501 2762 1542 2794 εις
1555 2759 1658 2797 πλήθη,
1673 2752 1849 2794 αἰχμαλωτεύ-

820 2816 944 2845 FRANC.
962 2816 1157 2847 COMBEFISII
1169 2819 1287 2850 NOTAE.

260 2865 299 2903 (9)
312 2864 441 2903 Τῆ-πάνυ
453 2865 520 2892 nihil
536 2870 578 2893 cst
591 2873 639 2892 cur
656 2865 808 2892 redundare
822 2864 1012 2892 existimetur:
1031 2872 1080 2893 ncc
1097 2867 1169 2895 enim
1186 2875 1298 2902 novum,
1333 2873 1361 2895 nt
1397 2872 1422 2896 ct
1449 2867 1622 2903 superlativis
1640 2863 1763 2893 adverbia
1791 2860 1845 2895 ejus

222 2901 295 2930 ntodi
317 2900 512 2936 adiunguntur.
