2011 3155
162 178 232 212 1029

747 178 846 208 ‘VITA
862 167 1005 208 ‘LEONIS
1020 177 1153 208 ARMEN
1159 177 1180 207 l.

1728 173 1796 208 1030

160 245 211 264 στα
222 235 250 263 δὲ
266 235 315 263 καὶ
335 235 373 271 μὴ
393 235 583 271 πειθομένους.
611 236 665 263 Καί
682 244 776 271 φασιν·
796 236 826 264 ‘0
844 237 953 273 Ἄρειος

1009 240 1097 264 tamen
1131 235 1222 271 colligi
1249 235 1338 272 coegit
1361 244 1368 262 :
1388 241 1461 262 nunc
1494 242 1559 263 vero
1583 243 1645 264 cum
1671 237 1795 264 omnium

161 281 314 318 μονώτατος
325 281 446 317 λαλήσας
459 282 586 317 ἐποίησεν
599 282 708 309 σύνοδον
728 283 952 319 συγκροτηθῆναι

158 327 191 354 δι’
208 328 308 354 αὐτόν·
336 330 384 354 καὶ
402 328 513 354 πάντῶν
530 328 787 363 σκανδαλιζομένων
809 329 875 363 περὶ
902 329 953 364 τῆς

159 372 287 403 πίστεως,
304 372 378 403 τίνος
395 372 488 398 ἕνεκεν
500 373 578 408 ὑμεῖς
593 373 624 399 οὺ
638 372 766 408 βούλεσθε
779 373 954 409 διαλεχθῆναι

159 419 207 445 καὶ
219 418 430 454 πληροφορῆσαι
451 418 566 452 πάντας,
580 419 622 446 ὅτι
633 419 720 452 καλῶς
737 420 954 456 προσκυνοῦνται

160 465 188 491 at
204 463 325 496 είκόνες;
352 464 407 490 Καὶ
421 464 616 498 ἐξουδενώσας,
633 466 681 492 καὶ
695 465 954 502 ἐπαπειλησάμενος

160 509 259 541 αὐτοὺς
273 509 421 542 ἀπέλυσεν,
436 510 531 545 μείνας
544 512 735 546 κατασυρίζων
747 512 796 547 τῆς
811 512 895 548 ὀρθῆς
911 513 955 539 πί.

161 564 259 588 στεως,
272 556 385 590 ποιῆσαι
403 555 566 591 βουλόμενος
580 557 650 590 ὅπερ
667 557 774 593 ήθελεν.
791 558 824 586 Οί
843 558 872 585 δὲ
886 559 954 585 ἀπο-

161 601 286 633 λυθέντες
297 602 450 637 συνείχοντο
463 602 537 639 λύπῃ
550 603 597 630 καὶ
609 602 721 639 ἀθυμίᾳ,
737 604 955 638 ἀπαγγείλαντες

159 648 199 682 ’ςῲ
213 648 374 684 πατριάρχῃ
400 649 492 675 πᾶσαν
508 649 557 684 τὴν
579 648 676 685 βουλὴν
693 650 775 677 αὗτοῦ
800 651 850 686 τὴν
870 659 954 686 πονη-

162 695 220 729 ράν.
241 695 296 721 Καὶ
317 694 411 722 λοιπὸν
440 695 621 730 συναχθέντες
644 695 745 727 πάντες
769 696 794 722 ot
819 696 954 731 ὀρθόδοξοι

161 740 286 776 κληρικοί
300 749 330 767 τε
360 741 408 767 καὶ
424 741 549 777 μοναχοὶ,
564 741 612 768 καὶ
626 741 728 774 λαῖκοὶ,
743 743 875 778 ἐποίησαν
887 751 956 771 παν·

160 787 255 821 νυχίδα
269 786 404 818 ὀλονυκτὶ,
425 787 652 822 παρακαλοῦντες
677 788 723 815 τὸν
739 789 805 816 Θεὸν
832 789 874 816 ἵνα
895 790 955 816 δια-

161 832 278 869 σκεδάση
292 832 341 867 τὴν
356 831 455 868 βουλὴν
472 833 568 860 αὑτοῦ.
584 833 636 862 Τοῦ
652 834 681 861 δέ
695 834 864 870 πατριάρχου
875 835 956 862 τοῦτο

160 877 325 912 πράξαντος,
351 878 420 914 ὅπερ
436 877 530 913 μαθὼν
547 879 562 905 ὀ
589 877 737 914 ἀλητήριος
755 879 830 914 δηλοί
847 880 893 907 τὸν
906 880 955 916 ἀρ-

160 923 271 958 χιερέα·
303 922 335 949 Τί
353 923 434 950 τοῦτο
449 924 580 959 ἐποίησας
594 932 601 957 ;
617 923 703 956 Αὐτὸς
721 925 749 951 δὲ
764 921 856 951 εἶπεν·
873 925 956 952 Οὐδὲν

161 968 246 998 κακὸν
261 969 451 1004 ἐποιήσαμεν·
473 969 520 995 τὸν
544 969 612 996 Θεὸν
627 969 819 1005 ίκετεύσαμεν,
843 970 886 997 ἵνα
907 971 956 1006 τὴν

167 1014 332 1051 Ἐκκλησίαν
359 1015 509 1042 ἀσάλευτον
533 1015 651 1052 φυλάξῃ,
678 1016 702 1042 εἰ
717 1015 865 1051 εὐάρεστον
881 1016 956 1052 αὑτῷ

160 1060 246 1088 ἐστιν.
262 1060 355 1087 Ταῦτα
378 1061 406 1087 δέ
423 1061 544 1093 ἀκούσας
572 1061 654 1089 πλέον
669 1062 796 1097 ἐμαίνετο
818 1062 891 1089 κατά
906 1062 957 1097 τῆς

161 1106 302 1141 ἀληθείας.
320 1105 399 1142 Εἷχεν
413 1107 441 1135 δὲ
463 1107 509 1134 καί
524 1116 602 1139 τινας
617 1108 726 1139 ἀσεϐεῖς
745 1107 846 1143 ἄνδρας
861 1116 957 1144 συνερ-

161 1152 278 1187 γοῦντας
309 1154 394 1189 αὐτῷ,
424 1154 458 1180 δι’
486 1151 523 1181 ὧν
552 1154 600 1180 καὶ
617 1155 680 1186 τοὺς
706 1154 798 1185 δόλους
827 1154 957 1188 κρυπτῶς

162 1197 328 1227 ἐξέκταινεν.
337 1201 392 1227 Καὶ
406 1200 652 1235 παρασκευάζειδι’
664 1200 764 1231 αὐτοὺς
774 1200 837 1232 τοὺς
846 1200 955 1232 ἀσεϐεῖς

164 1246 334 1282 στρατιώτας
349 1246 396 1273 τοῦ
411 1246 521 1274 λιθάσαι
533 1247 582 1282 τὴν
595 1247 689 1273 εἰκόνα
709 1246 758 1273 τοῦ
772 1246 891 1281 Χριστοῦ
907 1248 957 1281 τὴν

162 1290 247 1318 οὖσαν
265 1293 293 1318 ἐν
306 1294 339 1327 τῇ
353 1292 571 1327 Χαλκεπωνύμῳ
589 1292 662 1328 πύλῃ
678 1290 724 1318 τοῦ
739 1290 882 1317 παλατίου.
901 1290 957 1316 Καὶ

162 1337 256 1364 λοιπὸν
266 1338 384 1373 ἧρξαντο
401 1338 510 1373 βάλλειν
525 1337 596 1364 κατὰ
611 1338 660 1372 τῆς
671 1336 774 1368 εἰκόνος
795 1335 897 1368 λίθους,
910 1335 957 1361 καὶ

164 1383 247 1418 MM,
265 1384 391 1417 λέγοντες
419 1385 530 1420 ῥήματα
545 1384 635 1418 πάσης
650 1383 807 1418 ἀφροσύνης
825 1383 872 1409 καὶ
893 1382 958 1408 ἀσε-

165 1429 241 1460 ϐείας
257 1430 354 1464 μεστὰ,
372 1429 438 1465 ᾅδην
466 1429 668 1460 ἀποκαλοῦντες
684 1428 731 1455 καὶ
753 1427 886 1459 διάὁολον,
911 1425 958 1452 καὶ

165 1474 232 1502 ἄλλα.
246 1475 317 1508 τινὰ,
334 1475 352 1502 ἃ
368 1475 405 1510 μὴ
423 1475 502 1510 θέμις
516 1476 557 1506 εἰς
569 1474 652 1509 μέσον
664 1474 789 1508 ἀγαγεῖν.
805 1472 859 1499 Καί
874 1479 958 1507 φησιν

165 1522 181 1548 ὁ
194 1521 324 1557 τύραννος
342 1522 409 1557 πρὸς
426 1522 473 1548 τὶν
487 1521 551 1548 λαόν
563 1529 571 1537 ·
586 1519 638 1552 Ἃς
666 1519 869 1554 καταϐάσωμεν
883 1518 958 1544 ἐκεῖ-

166 1566 214 1594 θεν
228 1567 278 1603 τὴν
294 1569 398 1600 εἰκόνι,
421 1567 465 1594 ἵνα
483 1567 522 1603 μὴ
538 1568 551 1594 6
572 1566 687 1603 στρατὸς
703 1564 825 1601 ἀτιμάζῃ
853 1564 955 1599 αὐτήν·

169 1614 338 1650 μιμούμενος
357 1615 386 1641 ἐν
404 1615 492 1650 τούτῳ
506 1615 608 1644 Λέοντα
621 1615 668 1640 τὸν
686 1613 824 1648 Ἴσαυρον,
842 1610 880 1642 ὡς
895 1610 958 1646 βου-

168 1659 279 1694 λόμενος
293 1659 356 1692 τοὺς
367 1660 479 1694 χρόνους
490 1660 573 1687 αὑτοῦ
591 1659 758 1695 βασιλεῦσαι.
783 1656 891 1691 Ἐπειδὴ
905 1656 959 1691 γὰρ

167 1707 322 1742 ἐγέγραπτο
340 1706 433 1734 ἐπάνω
444 1707 491 1741 τῆς
508 1707 624 1738 είκόνος,
640 1706 681 1733 ὅτι
701 1706 758 1732 ’Ἦν
768 1703 888 1731 καθεῖλε
902 1701 959 1728 πά-

166 1754 218 1779 λαι
243 1753 327 1780 Λέων
344 1755 360 1780 ὁ
389 1751 561 1785 δεσπόζων,
587 1752 718 1780 ἐνταῦθα
742 1749 960 1784 ἀνεστήλωσεν

167 1797 290 1832 Εἰρήνη.
310 1794 394 1830 Οὗτος
410 1798 465 1834 γὰρ
484 1799 499 1824 ὁ
516 1797 592 1824 Λέων
608 1797 693 1832 αὐτὴν
705 1795 825 1826 καθεῖλε,
838 1794 900 1820 ἐπεὶ
913 1793 959 1826 ἀφ’

165 1841 229 1878 ubi]
255 1844 331 1875 πόλις
347 1844 472 1878 ἐκτίσθη,
490 1843 593 1880 αὐτὴή
622 1842 704 1870 εἰκὼν
728 1839 773 1879 ἦν.
799 1840 854 1867 Καὶ
879 1838 959 1866 τοῦτο

169 1889 284 1924 ποιήσας
301 1889 402 1916 ἔδωκεν
418 1890 576 1925 παρρησίαν
594 1889 656 1920 τοὺς
671 1888 751 1925 [τοῖς]
770 1887 817 1914 τοῦ
831 1885 958 1913 διαϐόλου

169 1938 317 1972 συνεργοὺς
332 1937 510 1973 [συνεργοίςῇ
526 1937 597 1971 λέγω
612 1937 643 1973 δὴ
663 1936 805 1964 ’Λντώνιον
819 1930 996 1970 [’Δντυινίῳ],

201 1986 256 2014 Καὶ
284 1985 376 2014 λοιπὺν
393 1986 496 2013 τούτων
521 1985 676 2021 γενομένων
692 1986 840 2020 συνήγοντο
857 1983 958 2014 πάντες

167 2033 190 2062 οἱ
218 2032 372 2065 ἐπίσκοποι,
396 2032 443 2060 καὶ
459 2033 484 2058 ot
513 2033 627 2068 μοναχοὶ
646 2034 685 2064 είς
699 2032 730 2058 τὸ
752 2032 957 2066 πατριαρχεῖον,

168 2077 215 2104 καὶ
239 2078 424 2114 ἀνεγίνωσκον
451 2078 539 2110 πάσας
559 2078 608 2110 τὰς
621 2079 734 2114 χρήσεις
746 2077 800 2107 τῶν
816 2077 957 2113 Πατέρων,

168 2122 257 2158 ἇσπερ
274 2125 298 2149 οἱ
317 2124 433 2150 ἐναντίοι
451 2123 611 2159 κακούργως
628 2123 675 2150 καὶ
702 2121 817 2158 ἀμαθῶς
841 2121 960 2157 προέφεμ

169 2177 227 2205 ρον,
239 2168 439 2204 ἐρμηνεύοντος
451 2169 536 2200 αὑτὰς
552 2169 598 2195 τοῦ
609 2169 791 2205 πατριάρχου,
803 2167 850 2195 καὶ
865 2167 959 2202 λέγον-

168 2223 214 2246 τος
231 2215 301 2249 πρὸς
317 2215 419 2246 πάντας
430 2223 437 2230 ·
450 2215 496 2250 Μὴ
512 2211 588 2250 ἔχετέ
600 2223 640 2246 τις
654 2213 801 2250 λεγόμενόν
818 2222 844 2240 τι
859 2214 887 2241 ἐν
900 2211 961 2240 τοὺ-

168 2260 352 2295 τοις,ἁδελφοί
364 2270 370 2295 ;
387 2261 443 2288 Καὶ
458 2259 622 2296 ἀνέκραξανο
640 2261 744 2293 Πάντες
755 2261 846 2296 [σμεν,
857 2260 904 2286 καὶ
915 2268 963 2286 πε-

170 2306 384 2342 πληφορήμεθα,
396 2308 437 2334 ὅτι
455 2307 558 2344 ἀληθής
574 2309 631 2335 ἐστι
648 2309 664 2343 ὴ
686 2307 778 2338 πίστις
798 2307 892 2343 ήμῶν·
914 2307 962 2333 καὶ
976 2327 999 2356 n

170 2353 272 2385 πάντες
286 2355 326 2385 εἰς
341 2354 420 2381 τοῦτο
446 2356 667 2391 ἀποθνήσκομεν.
680 2354 736 2383 Καὶ
753 2354 768 2380 ὸ
787 2355 961 2389 πατριάρχης

168 2400 238 2435 πρὸς
252 2399 351 2432 αὐτούς
362 2408 369 2415 ·
385 2400 486 2427 Λοιπὸν
501 2399 558 2432 οὖν,
575 2401 694 2435 ἀδελφοὶ,
718 2401 746 2427 ἐν
767 2401 879 2436 ὁμονοίᾳ
898 2400 961 2428 ἐσό-

171 2446 240 2481 μεθα
255 2446 303 2473 καὶ.
317 2446 486 2482 συνημμένοι
501 2447 530 2473 ὲν
542 2447 593 2482 μιᾷ
602 2446 675 2481 ψυχῇ
688 2447 717 2472 ὲν
727 2445 813 2482 ταύτῃ
822 2445 962 2482 τῇξὸμολο-

170 2492 216 2528 γίᾳ
225 2491 397 2528 ἀδιαιρέτως,
408 2492 455 2519 καὶ
471 2491 509 2528 μὴ
516 2492 633 2528 εὕρωσιν
648 2500 708 2518 τινα
723 2492 752 2524 ἐξ
765 2491 844 2527 ήμῶν
853 2492 964 2526 ἀποχω-

170 2538 244 2573 ρίσαι
256 2538 282 2565 oi
304 2539 352 2573 τῆς
379 2539 501 2571 ἐναντίας
516 2538 622 2574 μοίρας,
639 2539 686 2565 καὶ
699 2538 729 2568 οὺ
751 2537 788 2573 μὴ
804 2536 962 2573 ίσχύσωςιν.

172 2585 286 2617 Πλείους
309 2586 364 2621 γὰρ
390 2586 481 2614 αὐτῶν
503 2587 587 2621 ἐσμεν
611 2584 703 2621 χάριτι
731 2584 862 2620 Χριστοῦ.
875 2585 907 2612 Ol
933 2584 962 2611 δὲ

173 2632 252 2658 πάλιν
265 2632 417 2668 ἀνέκραξαν
432 2631 668 2666 διαϐεϐαιούμενοι
679 2632 731 2663 ἕως
748 2631 864 2660 θανάτου
897 2632 962 2658 ἀντ-

172 2679 295 2716 έχεσθαι,
307 2681 354 2708 καὶ
371 2680 541 2716 ὑπερμαχεῖν
549 2681 618 2716 ὑπὲρ
632 2681 680 2716 τῆς
702 2680 867 2716 Ἐκκλησὶας
882 2681 962 2716 ποιή-

171 2734 267 2758 σαντες
282 2727 428 2762 σταυροὺς,
440 2726 488 2753 καὶ
502 2726 628 2760 ἑγγραφα
645 2726 684 2758 είς
697 2725 842 2761 ἀλλήλους,
857 2726 905 2752 τοῦ
924 2725 962 2761 μὴ

170 2772 346 2807 χωρίζεσθαι.
362 2772 455 2799 Ταῦτα
474 2772 601 2808 ἐπράχθη
617 2772 670 2807 πρὸ
683 2771 740 2798 τῶν
754 2772 867 2808 ἑορτῶν.
888 2773 960 2800 Φοα-

171 2818 276 2848 σάντων
292 2818 321 2846 δὲ
337 2816 391 2845 τῶν
407 2818 509 2854 ἐορτῶν
527 2818 583 2855 (l5)
599 2818 675 2854 δηλοῖ
690 2819 704 2845 ὁ
726 2819 898 2855 πατριάρχης
914 2819 960 2846 τδν

1006 283 1090 310 animi
1110 283 1183 310 circa
1202 282 1281 309 iidem
1295 281 1481 314 olicndunlur,
1494 282 1574 317 cujus
1586 290 1669 310 causa
1683 290 1732 310 vos
1744 283 1798 309 dis-

1006 328 1184 355 sertationem
1206 327 1356 355 habendam
1375 327 1544 359 detrectatis,
1570 331 1597 354 et
1614 334 1694 362 aequo
1720 327 1795 354 cultu

1005 373 1133 400 colendas
1153 373 1287 408 imagines
1306 373 1396 407 palam
1409 379 1503 400 coram
1516 372 1645 400 omnibus
1657 373 1796 400 declarare

1005 418 1142 447 renuitis?
1161 418 1227 445 Eam
1243 418 1279 446 ob
1294 426 1351 445 rem
1366 418 1420 445 illis
1445 418 1620 452 contemptis,
1637 417 1716 452 plura
1742 417 1798 445 Leo

1005 466 1137 498 minatus,
1153 465 1297 492 discedere
1321 465 1474 500 imperavit,
1490 467 1517 491 et
1531 465 1666 492 adversus
1693 469 1795 492 rectam

1006 511 1085 539 tidem
1102 511 1249 539 exsibilare
1262 518 1450 546 perseverans,
1468 518 1529 546 quae
1540 511 1632 538 animo
1654 510 1797 545 concepis-

1006 562 1058 588 set,
1082 558 1197 592 exsequi
1230 557 1404 584 moliebatur.
1432 556 1474 584 Illi
1501 557 1606 584 dimissi
1632 564 1752 584 moerere
1770 562 1796 584 et

1007 603 1117 630 tristitia
1129 603 1339 634 detinebantur.
1355 610 1471 637 nequam
1487 603 1548 637 ejus
1559 610 1640 630 omne
1649 603 1795 630 consilium

1009 648 1173 683 patriarcha:
1200 649 1404 676 renuntiantes.
1436 649 1615 677 Postmodum
1648 649 1795 676 orthodoxi

1005 694 1098 721 cuncti
1114 695 1217 728 clerici,
1234 695 1361 722 monachi
1373 700 1400 722 et
1416 695 1478 722 laici
1506 695 1613 731 vigilias
1637 703 1685 729 per
1710 700 1794 722 totam

1005 745 1114 767 noctem
1135 741 1300 773 habuerunt,
1327 745 1355 768 ut
1373 741 1444 768 Deus
1455 748 1550 768 eorum
1574 741 1720 769 cansilium
1738 741 1796 768 dis-

1006 786 1119 821 siparet,
1147 787 1335 821 deprecantes.
1368 787 1432 816 Haec
1458 788 1493 815 ita
1518 787 1573 822 geri
1602 796 1616 814 a
1641 788 1796 823 patriarcha

1006 832 1116 860 discens
1134 833 1228 860 infelix
1245 834 1404 868 imperator.
1424 833 1564 869 significat
1580 833 1703 869 pontiﬁci
1726 842 1732 861 :
1750 832 1798 861 Ut-

1007 877 1072 912 quid
1089 878 1141 905 hoc
1156 879 1236 913 agis?
1251 878 1409 913 Respondet
1423 879 1467 906 ille
1483 887 1489 905 :
1505 877 1577 905 Nihil
1593 877 1655 904 mali
1668 876 1796 908 fecimus.

973 914 994 942 Β
1008 922 1093 950 Deum
1105 928 1210 951 tantum
1220 925 1388 959 rogavimus.
1404 929 1434 952 ut
1449 923 1598 952 Ecclesium
1611 931 1702 955 suam.
1717 925 1798 951 modo

1008 969 1058 1004 ipsi
1074 969 1192 1004 placeat,
1212 971 1438 1004 imperturbatam
1455 976 1610 999 conservet.
1626 970 1675 998 llis
1694 970 1797 997 auditis

1007 1016 1140 1044 adversus
1167 1017 1311 1044 veritatem
1339 1017 1426 1052 magis
1454 1026 1487 1045 ac
1513 1019 1600 1052 magis
1629 1017 1796 1045 insaniebat.

1007 1062 1128 1092 Aderant
1144 1071 1226 1097 porro
1242 1063 1368 1091 homines
1387 1063 1474 1098 impii,
1494 1071 1611 1099 quorum
1630 1071 1712 1099 opera
1725 1063 1796 1091 clam

1007 1108 1085 1136 dolos
1099 1109 1219 1142 texehat,
1235 1110 1283 1145 qui
1299 1110 1397 1144 emptis
1416 1109 1555 1143 favebant,
1571 1113 1598 1137 et
1623 1117 1718 1136 eorum
1747 1117 1798 1144 ope

1008 1155 1109 1182 milites
1121 1156 1303 1191 irreligiosos,
1319 1157 1366 1191 qui
1378 1155 1480 1183 Christi
1496 1156 1641 1192 imaginem
1656 1156 1689 1183 ad
1705 1155 1798 1191 palatii

1008 1207 1125 1235 portam,
1142 1202 1184 1228 cui
1200 1202 1326 1234 (jhnltzes,
1348 1202 1404 1229 sive
1421 1201 1511 1230 [Erras
1530 1211 1639 1235 nomen,
1663 1202 1799 1237 lapidibus

1009 1247 1167 1279 tunderem,
1180 1253 1259 1282 parat
1270 1254 1296 1275 et
1314 1249 1438 1284 impellit.
1456 1249 1606 1284 Coeperunt
1621 1251 1715 1283 itaque
1730 1249 1800 1283 Inpi-

1007 1292 1055 1320 dcs
1070 1297 1097 1319 et
1123 1293 1209 1320 Iulum
1237 1295 1263 1320 in
1290 1295 1436 1329 imaginem
1460 1296 1577 1328 mittere,
1606 1295 1688 1322 verba
1717 1295 1799 1322 totius

1008 1338 1130 1365 stultitia:
1145 1339 1348 1375 impietatisque
1358 1341 1435 1374 plena
1453 1340 1633 1375 prolerentcs,
1649 1346 1676 1367 et
1702 1348 1798 1367 orcum

1008 1383 1212 1418 diabolumque.
1229 1389 1256 1411 et
1269 1385 1322 1412 alia
1340 1386 1429 1420 plura,
1453 1393 1514 1419 qua:
1534 1386 1560 1412 in
1591 1385 1710 1412 medium
1737 1392 1785 1419 pro

1008 1429 1106 1456 ducere
1117 1429 1193 1457 nefas
1206 1435 1258 1461 est,
1270 1431 1491 1465 pronuntiantes,
1512 1431 1657 1466 Tyrannus
1668 1430 1798 1465 populum

1009 1475 1218 1508 allocutus,ait:
1236 1475 1384 1510 Imaginem
1401 1477 1464 1503 inde
1481 1477 1662 1511 deponamus,
1683 1483 1716 1502 ne
1730 1475 1800 1503 forte

1009 1520 1108 1548 milites
1123 1528 1184 1548 eam
1202 1521 1402 1553 dehonestent;
1421 1522 1448 1550 in
1466 1521 1517 1548 hoc
1534 1521 1652 1548 Leonem
1670 1521 1795 1548 lsaurum

1010 1566 1143 1598 imitatus,
1160 1571 1187 1594 et
1210 1568 1329 1602 aequales
1355 1568 1462 1603 imperii
1487 1567 1548 1602 ejus
1575 1575 1662 1595 annos
1687 1567 1802 1595 studens

1009 1614 1156 1648 consequi.
1180 1613 1220 1641 Ad
1245 1618 1327 1649 caput
1341 1615 1413 1641 enim
1436 1614 1562 1648 imaginis
1580 1613 1719 1648 legebatur
1733 1614 1802 1642 scri—

1011 1662 1088 1693 ptum
1103 1667 1109 1684 :
1127 1659 1215 1693 Quam
1229 1659 1350 1695 deposuit
1373 1661 1506 1694 quandam
1538 1659 1591 1686 Leo
1622 1661 1801 1694 principatum

1010 1707 1158 1735 assectuus,
1171 1703 1222 1731 huc
1237 1705 1353 1731 restituit
1369 1704 1457 1732 Irene.
1475 1705 1549 1732 Illam
1564 1706 1665 1740 quippe
1684 1706 1738 1733 Leo
1751 1706 1800 1732 de-

1011 1754 1149 1783 posuerat,
1164 1755 1191 1777 et
1207 1751 1241 1778 ab
1257 1751 1316 1786 ipso
1333 1751 1408 1779 urbis
1426 1752 1538 1780 conditu
1554 1752 1590 1778 ibi
1607 1753 1697 1786 imago
1711 1751 1802 1780 fuerat

1012 1795 1140 1828 reposita.
1161 1794 1216 1823 Hoc
1231 1800 1342 1830 peracto
1361 1797 1462 1824 diaboli
1476 1797 1641 1829 auxiliariis.
1668 1797 1800 1830 Antonio,

1013 1839 1136 1873 inquam,
1153 1846 1181 1868 et
1195 1841 1306 1874 Joatmi,
1333 1847 1361 1870 ct
1378 1842 1530 1870 facinorum
1556 1844 1650 1876 sociis,
1669 1843 1800 1879 quidquid

1013 1887 1184 1920 perpetrandi
1204 1887 1360 1916 facultatem
1377 1890 1510 1924 permisit.

1025 1934 1072 1958 καὶ
1090 1934 1215 1971 Ἰωάννην
1227 1935 1378 1975 [“Ιωάννῃ].
1394 1937 1514 1968 καὶτοὺς
1530 1936 1608 1973 [τοῖς]
1626 1936 1685 1972 μετ’
1700 1937 1801 1965 αὐτῶν.

1047 1980 1156 2011 His,ita
1182 1984 1277 2018 gestis,
1308 1984 1429 2019 episcopi
1457 1990 1484 2011 et
1508 1984 1635 2011 monachi
1658 1984 1749 2011 cuncti
1774 1984 1802 2011 in

1009 2027 1206 2062 patriarchium
1223 2029 1432 2063 conveniebant,
1457 2034 1483 2058 et
1508 2030 1580 2057 dicta
1609 2029 1720 2057 Patrum
1742 2037 1804 2056 om-

1012 2075 1055 2100 nia
1071 2074 1254 2109 perlegebant,
1267 2083 1328 2110 quae
1343 2075 1492 2104 adversarii
1507 2075 1642 2103 malitiose
1655 2080 1683 2103 et
1710 2075 1805 2102 ineru-

1011 2120 1067 2148 dite
1100 2121 1359 2155 interpretabantur.
1401 2121 1562 2150 l’atriarcha
1596 2129 1661 2149 vero
1690 2128 1803 2150 sensum

1011 2175 1106 2195 eorum
1137 2168 1276 2201 reddente,
1313 2173 1340 2196 ct
1371 2169 1405 2196 ad
1437 2177 1534 2197 omnes
1554 2176 1712 2197 sermonem
1736 2169 1804 2197 diri-

1012 2218 1091 2248 gente
1109 2223 1116 2241 :
1130 2213 1201 2241 Num
1217 2214 1323 2242 habetis
1340 2213 1424 2250 5.39
1438 2215 1541 2250 aliquid
1553 2215 1625 2250 quod
1641 2215 1733 2243 verbis
1743 2215 1804 2243 istis

1011 2260 1189 2295 exprimatur,
1200 2260 1312 2289 fratres?
1321 2261 1517 2289 Exclamavere
1532 2262 1623 2289 cuncti
1639 2261 1803 2293 :Novimos.

1013 2314 1041 2336 et
1053 2308 1120 2336 certi
1135 2315 1232 2337 sumus
1255 2315 1347 2336 veram
1370 2315 1431 2335 esse
1452 2308 1533 2336 ﬁdem
1549 2313 1689 2341 nostram;
1711 2309 1738 2335 in
1755 2309 1804 2335 hac

1015 2354 1150 2381 morimur
1177 2361 1284 2380 omnes.
1311 2352 1351 2380 Ad
1374 2353 1435 2380 illos
1459 2353 1617 2387 patriarcha
1637 2361 1644 2379 :
1661 2354 1803 2387 Superest,

1011 2400 1122 2432 fratres,
1141 2405 1171 2427 ut
1186 2399 1337 2426 concordes
1349 2406 1569 2433 perseveremus,
1585 2403 1613 2426 et
1625 2398 1725 2426 animis
1739 2406 1806 2426 con-

1009 2445 1097 2480 juncti
1111 2445 1162 2472 hac
1172 2444 1199 2471 in
1213 2443 1387 2472 confessione
1398 2444 1502 2479 absque
1514 2443 1649 2472 dissensu
1662 2451 1805 2472 remanea-

1012 2498 1096 2518 mus:
1115 2495 1144 2518 ut
1162 2490 1282 2518 adversa:
1298 2490 1384 2525 partis
1396 2490 1522 2518 homines
1537 2490 1641 2518 nullum
1656 2491 1804 2525 reperiant,

1013 2544 1094 2572 quem
1117 2541 1244 2571 separent
1268 2543 1282 2563 a
1303 2536 1394 2568 nobis,
1426 2543 1476 2563 nec
1501 2535 1530 2563 id
1555 2535 1668 2570 exsequi
1685 2535 1804 2562 valeant.

1014 2581 1107 2610 Gratia
1122 2582 1195 2609 enim
1211 2581 1314 2609 Christi
1332 2582 1425 2616 plures
1443 2581 1498 2609 illis
1521 2588 1628 2609 sumus.
1652 2580 1690 2607 Illi
1707 2587 1804 2606 rursus

1013 2636 1077 2656 cum
1094 2630 1215 2656 clamore
1227 2628 1406 2658 firmaverunt
1425 2628 1458 2655 ad
1479 2631 1596 2655 mortem
1617 2633 1705 2662 usque
1718 2625 1805 2653 obsti-

1015 2681 1103 2708 turos.
1130 2680 1158 2703 et
1175 2683 1224 2709 pro
1249 2675 1371 2702 Ecclesia
1399 2675 1590 2706 dimicaturos,
1617 2672 1806 2709 appositisque

1015 2722 1145 2750 crucibus
1162 2721 1196 2749 ad
1210 2720 1440 2756 subscriptiones.
1461 2720 1572 2755 scriptis
1586 2719 1639 2748 sibi
1659 2722 1755 2746 mutuo
1773 2718 1806 2745 li-

1015 2771 1076 2798 dem
1104 2770 1202 2801 fecere,
1221 2774 1363 2802 nunquam
1385 2768 1420 2794 ab
1444 2767 1562 2794 invicem
1579 2773 1609 2795 se
1625 2765 1806 2801 separandos.

1015 2816 1078 2844 llaec
1095 2821 1157 2843 ante
1177 2815 1246 2843 festa
1271 2818 1380 2850 peracta
1398 2817 1474 2842 sunt.
1492 2813 1701 2842 lmmincntibus
1725 2818 1808 2848 porto

752 2874 877 2902 FRANC.
899 2873 1096 2902 COBIBEFISII
1113 2872 1227 2900 NOTA'}.

204 2920 262 2957 (16)
279 2921 373 2952 Amica
392 2921 496 2950 auctori
516 2929 576 2955 vox,
594 2929 647 2958 qua
667 2921 770 2958 ubique
792 2921 894 2949 Christi
909 2922 1031 2951 Natalem
1048 2920 1194 2954 signiticet.
