2011 3155
232 196 302 229 10εῇ

232 250 344 280 stantini
364 245 537 282 imperatoris
552 242 686 271 Caballiui
703 241 738 269 ob
755 240 861 268 tertiant
877 238 937 273 ejus
954 245 1020 265 eon-
1035 238 1056 267 Α

230 299 322 334 jugem
335 293 411 323 leviri
427 292 513 319 lilium
526 290 607 326 elegit
622 298 628 316 :
641 289 735 316 istum.
751 287 874 321 inquam,
891 283 1018 311 Theodo-

233 330 290 372 ἱυῖη
303 338 622 378 spatharccnndidatum,
635 335 755 370 opinatis
773 334 833 368 ejus
844 330 1019 359 consentien—

235 397 300 421 tem,
321 377 441 415 maritali
459 384 616 419 nuptiarum
636 388 739 409 corona
762 385 898 411 notatum,
916 377 1019 405 tonderi

233 434 317 471 jussit
330 437 356 460 et
371 431 555 467 patriarcham
570 426 737 456 consecrari.
755 424 898 452 Celebrata
919 427 961 450 est
976 430 1021 449 or-

235 469 340 508 dinatio
367 479 427 514 ejus
447 475 591 504 Paschalis
613 473 702 507 festo;
728 471 866 501 hominis,
898 469 1020 503 inquam,

235 527 283 562 qui
294 525 365 552 nihil
381 522 522 558 spirituale
538 521 665 551 calleret,
688 519 763 546 nulla
785 517 933 551 Scriptum
947 518 1023 548 parte

237 561 306 598 foret
319 569 453 600 eruditus,
468 567 519 594 nisi
531 567 602 593 forte
617 564 772 596 levissima;
784 563 830 597 qui
846 561 948 588 nullam
960 566 1024 592 erga

239 618 321 644 Deum
339 615 470 651 pietatem
482 616 637 640 ostentaret
653 619 660 637 :
683 615 788 637 tautttm
804 608 878 643 quod
897 613 1025 634 mansue-

239 663 332 689 tudine
356 665 509 695 praestaret,
535 662 561 685 et
584 658 673 685 bonus
689 655 847 683 hominibus
871 655 1024 688 appareret.

239 705 493 735 commendabatur.
506 703 556 731 llic
568 710 631 731 cum
643 700 853 737 patriarcbalem
866 698 1024 733 dignitatem

239 752 380 783 subiisset,
396 750 507 785 opipara
527 747 676 775 meridiana
698 745 872 779 serotiuaque
897 742 1027 770 carnibus

240 797 372 834 appositis
396 796 479 830 cmpit
505 794 606 829 agitare
631 791 768 824 convivia,
793 791 980 824 clericosque,
1001 793 1027 816 et

241 845 391 871 monachos
407 862 414 874 ,
434 848 538 869 ttecnon
557 839 700 874 episcopos
720 846 734 865 a
747 837 861 872 juvenili
877 840 955 863 relate
968 842 1028 861 t-ar-

241 890 317 918 nium
334 897 382 916 esu
395 888 577 916 abstinentes,
594 884 793 912 continentiam
811 883 984 916 abrumpere,
1002 885 1029 907 et

242 917 274 963 ad
296 934 444 969 ingluviem
469 931 615 959 comedere
636 928 769 964 compulit
786 937 792 954 :
807 933 833 954 et
848 927 894 954 ubi
912 926 1030 961 pritnum
1045 917 1068 946 Β

242 979 330 1017 pietas
342 980 470 1015 plurima,
486 979 629 1008 honestas,
642 974 822 1005 continentia,
835 978 862 1000 et
874 973 962 999 virtus
973 971 1033 998 cni-

241 1028 325 1059 tcbat,
349 1027 385 1053 ibi
402 1026 486 1057 risus,
510 1024 598 1055 lusus,
616 1022 716 1053 luctas,
742 1019 909 1054 lurpiloquia
927 1018 1033 1050 haberi,

244 1075 346 1108 absque
363 1070 515 1105 disciplinae
530 1069 720 1103 cujuscunque
733 1066 800 1100 jugo
818 1065 945 1092 vidisses.

279 1166 345 1193 Post
361 1163 466 1191 Pascha
487 1161 570 1197 igitur
597 1163 731 1187 convocat
759 1158 892 1193 synodum
915 1155 1038 1183 Cltamzeo

245 1213 305 1239 lcon
323 1210 356 1236 ad
379 1208 502 1243 Magnam
517 1205 661 1233 ecclesiam
680 1203 790 1230 nomine
807 1201 992 1236 Sapientiam,
1011 1205 1039 1227 et

245 1256 386 1285 Theodoto
394 1261 473 1290 quem
483 1252 648 1279 (lassiteram
665 1249 827 1284 appellabat,
837 1248 912 1274 velut
923 1247 1039 1282 patriar-

246 1304 298 1332 cha
307 1301 402 1330 sedere
410 1291 497 1334 jussu,
507 1298 615 1332 ﬁlioque
622 1297 682 1331 ejus
693 1295 843 1331 Symbatio,
852 1293 896 1321 cui
906 1293 1040 1321 Constan-

246 1349 295 1376 tini
308 1354 409 1374 nomen
421 1343 561 1379 imposuit,
580 1348 607 1368 et
620 1339 785 1375 quibusdem
802 1338 863 1366 aliis
881 1336 1040 1371 irreligiosis

246 1391 384 1429 episcopis
414 1392 441 1417 in
463 1394 624 1416 consessum
653 1385 784 1417 inductis,
809 1390 905 1411 cruces
921 1387 949 1410 et
965 1383 1041 1417 jura-

248 1426 349 1466 tneuta’
368 1435 499 1463 adversus
526 1432 668 1458 veritatem
698 1429 780 1465 figere
806 1427 952 1463 disposuit.
981 1426 1042 1461 Ipse

249 1489 360 1511 crucem
374 1486 487 1509 exarare
497 1478 612 1510 veritus,
629 1475 702 1512 quod
717 1482 777 1502 eam
790 1474 876 1506 prius,
888 1473 969 1509 442
979 1480 1040 1499 cum

250 1535 364 1564 regnum
400 1528 567 1561 capesseret,
595 1528 622 1550 et
651 1521 834 1550 orthodoxam
873 1520 951 1546 fidem
986 1527 1041 1546 non

251 1575 458 1602 imtnutaturutn
491 1578 520 1598 se
543 1569 726 1603 proﬁteretur,
753 1565 826 1601 quod
848 1565 942 1592 infelix
972 1565 1042 1591 haud

251 1616 603 1650 custodivit,jurameutum
630 1621 683 1640 non
698 1611 873 1644 interposuit.
894 1610 950 1637 Hoc
965 1614 1044 1645 pacto

253 1670 356 1692 tomum
371 1662 447 1690 illuni
462 1670 476 1688 a
488 1658 690 1696 pseudosynodi
706 1658 799 1693 (quant
815 1656 938 1692 septima:
951 1655 1046 1692 synodi

253 1711 286 1738 ad
305 1709 468 1736 Blaclteruas
483 1706 623 1734 decretum
648 1702 835 1738 vocaverunt)
858 1702 1048 1730 defensoribus

252 1756 356 1784 editum
372 1760 465 1782 coram
487 1752 620 1787 legerunt,
644 1754 671 1777 et
692 1748 860 1777 orthodoxos
878 1746 1048 1782 patriarchas

254 1807 363 1830 nostros
385 1798 569 1828 anathematis
585 1795 708 1824 hmredes
733 1794 908 1822 anathemate
932 1800 1047 1828 percus-

253 1851 359 1878 serunt,
375 1852 403 1874 et
423 1852 500 1872 more
519 1842 664 1879 tyrattnico
686 1840 874 1875 metropolitas
896 1844 923 1866 et
940 1838 1049 1873 episco-

254 1901 304 1929 pos
331 1891 500 1920 orthotloxos
526 1896 573 1925 per
603 1887 658 1914 vim
680 1890 794 1918 tractos,
822 1891 850 1913 et
875 1885 902 1912 in
928 1883 1048 1911 medium

255 1937 428 1975 praedatoria:
449 1936 529 1964 istius
545 1934 642 1970 synodi
660 1933 796 1968 proiectos
820 1930 1050 1959 conculcaveruut

1058 1594 1078 1622 C

257 1973 374 2019 pedibus
402 1980 498 2016 (quasi
523 1979 632 2014 pictatis
657 1985 728 2013 opus
754 1976 901 2012 impietatis
932 1973 1049 2002 ministri

255 2027 386 2065 agerent)
403 2031 429 2054 et
446 2025 559 2061 propn'o
575 2024 709 2059 sanguine
720 2022 846 2054 infectos,
861 2021 1050 2055 militibusque

255 2075 381 2107 traditos,
407 2073 435 2100 in
467 2071 607 2099 custodias
634 2074 662 2097 ct
696 2076 822 2097 carceres
853 2068 1048 2095 detruserunt:

261 2121 354 2155 ibique
368 2118 465 2146 diebus
485 2117 591 2151 aliquot
608 2116 734 2143 delentes
757 2121 869 2142 rursum
897 2113 1009 2140 eductos
1024 2116 1051 2140 et

262 2164 435 2192 examinatos
460 2169 563 2188 morem
588 2160 672 2188 dictis
687 2160 745 2187 suis
760 2159 877 2193 gessisse
894 2166 949 2185 non
974 2166 1051 2193 repe-

263 2211 374 2242 rientes,
388 2209 553 2243 imperatore
569 2206 704 2234 mendacii
718 2210 830 2233 auctore
841 2205 874 2232 de
891 2204 926 2232 iis
936 2205 1049 2236 monito,

648 188 807 219 INCERTI
830 184 1020 217 AUCTORiS
1036 183 1126 214 VITA
1143 179 1281 212 1EONIS
1299 178 1462 208 ARMEX].

1072 233 1150 270 νῶν],
1164 233 1212 260 καὶ
1232 231 1322 267 χρόνῳ
1335 229 1543 266 προῦεσηκῦτας
1570 227 1808 264 Ῐπροϐεόηκότωνι

1073 280 1169 308 νέσθω.
1184 278 1238 306 Ka‘t
1248 277 1280 313 δὴ
1293 276 1441 309 ἐπελέξατο
1455 275 1582 313 Θεόδοτον
1609 275 1668 300 υίδν
1685 275 1794 309 Μιχαὴλ
1811 282 1872 301 πσ-

1073 325 1177 362 τρικίου
1190 324 1236 351 τοῦ
1251 322 1397 351 Μελισινοῦ
1409 320 1588 356 συγγάμὸρου
1601 320 1678 352 ὗντος
1691 321 1871 348 Κωνσταντί-

1074 381 1121 400 νου
1134 371 1180 398 τοῦ
1203 370 1334 406 βασιλέως
1349 368 1397 396 τοῦ
1412 367 1586 395 Καῧὸαλίνου
1617 366 1689 394 κατὰ
1703 366 1753 403 τὴν
1774 367 1873 402 τρίτην

1076 418 1157 446 αὑτοῦ
1165 418 1293 452 γυναῖκα.
1304 415 1390 443 Αὑτὸν
1396 415 1441 442 τὸν
1447 414 1574 441 Θεόδοτον
1587 413 1874 447 σπαθαροκανδιδάτον

1075 464 1141 491 ὂντα
1155 463 1319 497 συνθέμενον
1338 461 1376 496 τῷ
1390 461 1506 495 δόγματι
1529 458 1612 486 αὐτοῦ
1627 457 1796 494 ὲκούρευσεν
1811 466 1873 485 στε-

1078 510 1204 545 φανίτην,
1218 509 1266 535 καὶ
1294 508 1426 542 ἐποίησεν
1443 507 1524 534 αὐτὸν
1546 505 1734 540 πατριάρχην,
1751 514 1874 540 χειροτο-

1078 559 1210 593 νήσαντες
1223 556 1303 583 αὑτὸν
1316 555 1345 582 τδ
1365 555 1471 590 Πάσχα,
1485 554 1630 590 ἄνθρωπον
1646 553 1730 588 μηδὲν
1750 561 1876 586 πνευμα-

1078 604 1152 631 τικὸν
1182 603 1373 638 ἐπιστάμενον,
1407 601 1474 637 μηδὲ
1504 600 1687 627 παιδευθέντα
1710 600 1743 635 τῇ
1765 599 1875 634 Γραφῇ,

1080 648 1137 676 ἀλλ’
1164 648 1180 683 ἢ
1203 648 1232 681 ἐξ
1260 647 1352 681 ὀλίγου
1388 646 1472 678 τινος,
1500 645 1546 672 καὶ
1570 645 1706 680 μηδεμίαν
1733 644 1878 670 εὖσέόειαν

1080 694 1241 730 κεκτημένῳ
1259 692 1466 729 Ῐκεκτημένον],
1496 692 1577 727 μόνον
1606 690 1647 718 ὅτι
1668 691 1756 726 πρᾶος
1769 688 1814 725 ἦν,
1829 692 1877 717 καὶ

1081 741 1207 776 ἐφαίνετο
1223 741 1280 772 τοῖς
1306 738 1464 773 ἀνθρώποις
1484 738 1624 774 ἐνάρετος.
1641 734 1726 768 Οὗτος
1743 736 1878 762 εἰσελθὼν

1082 789 1122 819 εἰς
1131 788 1162 814 τὸ
1186 787 1384 822 πατριαρχεῖον
1398 785 1499 821 ἤρξατο
1513 785 1601 811 ποιεῖν
1616 783 1811 819 ἀριστόδειπνα
1828 791 1877 809 πο-

1082 834 1182 869 λυτελῆ
1211 833 1256 860 διὰ
1281 832 1408 868 κρέατος,
1423 831 1471 858 καὶ
1488 831 1553 862 τοὺς
1582 830 1615 856 ὲκ
1631 829 1694 861 νέας
1713 829 1822 865 ἡλικίας
1840 829 1878 864 μὴ

1083 881 1222 915 φαγόντας
1250 879 1319 915 κρέα
1335 878 1495 914 κληρικοὺς,
1525 877 1572 904 καὶ
1602 876 1748 912 μοναχοὺς,
1768 876 1800 902 οὐ
1824 875 1879 911 μὴν

1083 927 1152 955 ἀλλά
1170 927 1218 953 καὶ
1232 925 1400 957 ἐπισκόπους
1416 925 1544 959 ἐποίησεν
1559 923 1697 954 διαλῦσαι,
1716 923 1763 950 καὶ
1779 921 1880 948 ἐσθίειν

1085 972 1223 1007 ἀφειδῶς·
1240 971 1289 999 καὶ
1319 971 1384 997 ἔνθα
1408 969 1474 996 ποτὲ
1493 967 1529 1005 ἦν
1551 967 1680 995 εὐλάϐεια
1702 967 1798 1002 πολλὴ,
1831 967 1880 993 καὶ

1086 1015 1230 1050 σεμνότης,
1246 1015 1293 1041 καὶ
1302 1014 1462 1049 ἐγκράτεια,
1472 1013 1519 1040 καὶ
1535 1013 1631 1048 ἀρετὴ,
1647 1010 1682 1047 ἦν
1693 1012 1757 1039 ἰδεῖν
1771 1011 1879 1046 γέλοια.

1087 1061 1134 1087 καὶ
1150 1060 1301 1094 παιγνίδια,
1327 1060 1375 1085 καὶ
1390 1059 1586 1093 παλαίσματα,
1617 1057 1666 1084 καὶ
1688 1057 1882 1092 αἰσχρολογίας

1087 1106 1244 1140 γινομένας,
1260 1106 1297 1140 μὴ
1310 1104 1417 1140 ἔχοντος
1430 1103 1604 1131 διδασκαλίαν
1617 1103 1667 1139 τὴν
1682 1102 1801 1130 clavo-3v.

1125 1153 1179 1178 Kal.
1192 1152 1286 1178 λοιπὸν
1304 1151 1374 1186 μετὰ
1393 1151 1440 1178 τοῦ
1462 1150 1515 1187 [τὸ]
1533 1150 1630 1185 Πάσχα
1646 1150 1719 1176 ποιεῖ
1743 1148 1852 1175 σύνοδον
1868 1150 1883 1174 ό

1089 1197 1255 1231 Χαμαιλέων
1282 1198 1311 1224 ὲν
1323 1199 1356 1232 τῇ
1373 1197 1488 1233 Μεγάλῃ
1518 1195 1667 1231 Ἐκκλησία
1684 1196 1716 1230 τῇ
1746 1194 1881 1230 λεγομένῃ

1090 1243 1184 1278 Σοφίᾳ,
1206 1244 1254 1270 καὶ
1275 1243 1391 1275 καθίσας
1411 1242 1458 1269 τὸν
1480 1241 1563 1269 αὐτὸν
1581 1241 1721 1273 Θεόδοτον,
1740 1241 1770 1267 ὃν
1790 1240 1882 1274 ἔλεγεν

1090 1290 1278 1325 Κασσιτηρᾱν,
1293 1289 1329 1321 ὼς
1343 1288 1391 1316 ἀτε
1406 1287 1594 1323 πατριάρχην,
1607 1287 1656 1314 καὶ
1667 1286 1822 1322 Συμϐάτιον
1838 1286 1882 1313 τοι

1092 1335 1149 1362 υἱὸν
1171 1335 1264 1367 αὐτοῦ,
1285 1335 1314 1361 ὃν
1339 1335 1474 1370 ἐπέθηκεν
1503 1335 1722 1366 Κωνσταντῖνον,
1738 1333 1786 1360 καί
1807 1341 1883 1362 τινας

1091 1382 1199 1413 ἀσεϐεῖς
1224 1381 1389 1413 ἐπισκόπους
1412 1379 1620 1416 παρεσκεύασεν
1647 1379 1732 1414 πῆξαι
1750 1379 1884 1414 σταυροὺς

1092 1427 1162 1455 κατά
1181 1428 1228 1462 τῆς
1241 1427 1382 1463 ἀληθείας,
1401 1427 1482 1458 αὐτὸς
1495 1426 1656 1461 εὐλαϐηθεὶς
1673 1425 1757 1461 πῆξαι
1769 1425 1885 1461 σταυρλν

1092 1475 1136 1502 διὰ
1163 1474 1194 1500 τδ
1213 1474 1345 1509 πρότερον
1373 1473 1587 1508 καθυπογράψαι
1614 1474 1643 1500 ἐν
1669 1472 1708 1508 τῷ
1732 1471 1887 1508 βασιλεύειν

1094 1520 1176 1548 αὐτὸν
1199 1521 1240 1550 εις
1267 1520 1318 1554 τὴν
1341 1518 1484 1555 όρθόδοξον
1507 1519 1600 1545 πίστιν
1623 1519 1669 1544 τοῦ
1693 1519 1731 1553 μὴ
1759 1526 1887 1552 παρασα-

1093 1567 1182 1593 λεύειν
1199 1566 1295 1600 αὐτήν.
1310 1566 1399 1600 Ὅπερ
1409 1566 1422 1591 ὸ
1434 1565 1526 1597 ἄθλιος
1539 1565 1589 1592 οὐκ
1604 1563 1748 1598 ἐφύλαξεν.
1762 1564 1817 1590 Καὶ
1834 1563 1889 1589 λοι-

1100 1613 1149 1639 πδν
1167 1611 1373 1646 ἀναγνώσαντες
1384 1611 1430 1637 τὴν
1441 1610 1524 1646 τόμον
1536 1610 1565 1636 ὃν
1579 1610 1711 1644 ἐποίησαν
1723 1611 1746 1636 oi
1758 1609 1806 1636 τοῦ
1820 1609 1888 1644 ψευ-

1099 1655 1260 1689 δοσυλλόγου
1284 1655 1484 1689 προασπισταὶ,
1507 1654 1536 1681 ὃν
1553 1655 1736 1690 ἐπωνόμασαν
1757 1655 1820 1689 ὅρον
1839 1654 1889 1688 τῆς

1099 1702 1216 1737 ἑϐδόμης
1229 1702 1338 1728 συνόδου
1351 1701 1400 1736 τῆς
1412 1702 1440 1728 ὲν
1451 1702 1628 1737 Βλαχέρναις.
1640 1701 1891 1736 ἀναθεματίσαντες

1099 1749 1123 1775 oi
1139 1748 1186 1775 τοῦ
1201 1747 1374 1782 ἀναθέματος
1385 1747 1548 1782 κληρονόμοι
1564 1747 1627 1779 τοὺς
1640 1745 1798 1782 ὀρθοδόξους
1812 1746 1892 1781 ἡμῶν

1099 1793 1283 1829 πατριάρχας,
1299 1794 1403 1828 ἤγαγον
1420 1793 1447 1820 δέ
1458 1802 1535 1825 τινας
1553 1792 1754 1828 μητροπολίτας
1768 1791 1815 1818 καὶ
1831 1793 1893 1818 ter.-

1101 1840 1218 1871 σκόπους
1241 1839 1295 1866 τῶν
1315 1839 1465 1874 ὀρθοδόξων
1482 1839 1655 1875 τυραννικῶς
1676 1837 1815 1874 σύροντες,
1840 1838 1893 1872 ρή-

1100 1886 1196 1919 ξαντες
1208 1885 1237 1911 ἐν
1254 1884 1329 1920 μέσῳ
1343 1885 1393 1919 τῆς
1409 1885 1560 1921 λῃστρικῆς
1576 1885 1667 1912 αὐτῶν
1683 1884 1803 1916 συνόδου,
1822 1884 1894 1910 ἑπά-

1099 1940 1199 1967 τησαν,
1215 1931 1253 1962 ὡς
1275 1931 1356 1965 δῆϐἐν
1380 1940 1407 1957 τι
1429 1931 1541 1963 εὐσεϐὲς
1558 1931 1712 1964 ποιοῦντες,
1727 1932 1751 1958 oi
1771 1930 1894 1961 ἀσεϐεῖς,

1100 1978 1148 2004 καὶ
1164 1977 1377 2012 παραδώσειντες
1393 1978 1492 2010 αὐτοὺς
1509 1979 1566 2009 τοῖς
1581 1977 1762 2013 στρατιώταις
1777 1978 1896 2011 αἱματο-

1101 2026 1231 2061 φύρτους,
1249 2024 1394 2059 ἀπήγαγον
1418 2024 1459 2055 εἰς
1483 2024 1535 2055 τὰς
1563 2023 1703 2059 φυλακὰς,
1722 2023 1769 2050 καὶ
1793 2023 1834 2054 εἰς
1858 2023 1897 2050 τὶ

1100 2071 1293 2106 δεσμωτήρια·
1319 2070 1485 2106 ποιήσαντες
1512 2070 1540 2097 δὲ
1562 2070 1670 2106 ἡμέρας
1699 2069 1776 2101 τινὰς
1802 2070 1896 2096 ἐκεῖσε

1100 2118 1181 2145 πάλιν
1193 2117 1328 2152 ἐξήγαγον
1338 2126 1345 2133 ·
1366 2118 1414 2144 καὶ
1431 2117 1638 2153 ἀνακρίναντες,
1651 2116 1699 2143 καὶ
1715 2116 1841 2151 εὑρόντες
1855 2115 1897 2150 μὴ

1101 2163 1281 2198 πειθομένους
1298 2164 1356 2195 τοῖς
1372 2163 1417 2189 ὑπ’
1431 2163 1520 2189 αὐτῶν
1537 2162 1709 2197 λεγομένοις,
1734 2162 1897 2197 ὑπέμνησας

1101 2210 1145 2237 τὸν
1161 2209 1283 2244 ἀρχηγὸν
1297 2209 1343 2235 τοῦ
1358 2209 1485 2244 ψεύδους,
1497 2209 1544 2235 καὶ
1557 2209 1722 2235 ἀπέστειλαν
1738 2209 1838 2239 αὐτοὺς
1855 2208 1897 2239 εἰς

258 2258 286 2284 itt
314 2254 440 2283 exsilium
472 2253 626 2280 miserunt:
656 2258 727 2286 quos
763 2251 875 2285 insuper
899 2251 926 2277 in
955 2249 1049 2277 exsilio

1107 2255 1229 2291 ἐξορῑαν·
1246 2255 1372 2287 οὕστινας
1388 2255 1435 2282 καὶ
1448 2256 1476 2282 ὲν
1492 2257 1523 2291 τῇ
1544 2255 1638 2289 ὲξορίᾳ
1660 2255 1778 2289 πέμπων
1795 2253 1898 2280 ἐϐασά-

257 2302 363 2338 positos
383 2300 475 2328 missis
501 2299 650 2326 tortoribus
673 2297 758 2325 variis
783 2296 925 2331 suppliciis
949 2295 1048 2324 all‘ecit.

259 2348 318 2376 Una
341 2347 423 2383 igitur
447 2353 510 2373 cum
529 2344 645 2379 imperio
671 2343 778 2371 facinus
802 2342 918 2378 quodvis
938 2342 1049 2377 impium

260 2393 433 2429 perpelrandi
453 2395 588 2427 potestate
615 2395 734 2425 arrepta,
763 2390 867 2417 uullutn
895 2389 984 2417 scelus
1000 2389 1051 2422 sibi

260 2448 314 2467 non
339 2438 537 2466 admittendum
564 2435 685 2464 decrevit
710 2443 725 2462 a
755 2436 831 2462 nullo
855 2435 972 2462 crimine
1000 2433 1051 2461 sibi

259 2484 365 2520 putavit
380 2482 600 2518 temperandum.
617 2481 753 2517 Imagines
774 2489 840 2508 vero
856 2489 905 2516 per
922 2480 1053 2508 ecclesias

262 2530 352 2558 ubivis
366 2533 472 2558 erectas
487 2528 614 2563 deposuit
627 2533 653 2554 et
664 2526 829 2558 combussit,
839 2533 973 2561 sacraque
989 2533 1054 2553 vasa

260 2576 364 2604 caelatis
383 2574 550 2610 imaginibus
568 2573 686 2607 insignia
712 2571 853 2600 contrivit.
880 2571 917 2598 De
941 2570 984 2598 his
1005 2569 1054 2598 ob-

260 2622 360 2650 mutire
397 2620 473 2648 ausis
491 2619 599 2655 littguas
615 2618 744 2651 abscidit,
761 2617 829 2645 istos
850 2616 976 2644 contudit
994 2623 1056 2643 ver-

260 2668 383 2700 beribus,
408 2666 485 2694 alios.
505 2664 675 2693 delatoribus
709 2668 737 2692 et
770 2662 863 2698 impiis
897 2661 1056 2690 hominibus

260 2704 405 2745 Institutis,
424 2717 453 2740 ut
467 2711 622 2746 ubicunque
640 2711 748 2746 aliquos
764 2709 816 2738 sibi
832 2716 886 2737 non
901 2708 1056 2736 communi~

259 2763 354 2787 cantes
370 2757 532 2794 reperirent,
550 2758 676 2786 accusari
700 2757 834 2792 permisit.
858 2756 991 2791 Repertos
1009 2762 1057 2783 ουκ

260 2809 316 2831 tem
333 2804 495 2832 verberibus
510 2803 690 2832 intolerandis
716 2802 892 2838 subjiclebat,
913 2801 1058 2830 facultates

261 2850 371 2886 publico
385 2851 537 2884 addicebat,
552 2856 579 2879 et
592 2851 619 2879 in
636 2850 763 2879 exsilium
778 2849 907 2885 pellebat,
920 2857 974 2877 non
985 2849 1058 2876 viros

263 2896 363 2930 solum,
387 2898 437 2927 sed
465 2903 492 2926 et
516 2897 656 2927 multcres.
685 2896 755 2929 Quid
786 2896 921 2924 malorum
949 2896 1057 2923 illorum

1105 2300 1190 2332 νιζεν,
1216 2301 1319 2327 Λοιπὸν
1341 2299 1389 2327 οὖν
1408 2299 1499 2326 λαϐὼν
1521 2299 1551 2326 τὸ
1577 2299 1678 2335 κράτος
1692 2298 1742 2332 τῆς
1768 2298 1898 2328 ἀσεϐείας

1103 2345 1194 2372 πᾶσαν
1220 2345 1344 2380 πονηρὰν
1365 2344 1591 2380 δραματουργίαν
1617 2343 1769 2379 εἰργάζετο.
1788 2343 1845 2375 re;
1867 2343 1898 2369 δὲ

1104 2390 1261 2425 ἁπανταχοῦ
1277 2391 1386 2422 εἰκόνας
1405 2391 1460 2417 τῶν
1476 2390 1632 2426 ἐκκλησιῶν
1651 2390 1839 2425 κατέστρεψεν
1850 2390 1899 2415 καὶ

1103 2436 1287 2468 κατέκαυσεν,
1298 2435 1346 2462 καὶ
1357 2435 1418 2470 ἱερὰ
1436 2435 1521 2471 σκεύη
1539 2434 1700 2470 συνέτριψεν
1715 2434 1812 2470 ἔχοντα
1824 2433 1899 2460 εικό-

1105 2492 1168 2515 νας’
1185 2485 1233 2511 καὶ
1254 2484 1317 2515 τοὺς
1333 2483 1492 2518 τολμῶντας
1506 2482 1622 2518 λαλῆσαι
1639 2491 1664 2509 τι
1683 2482 1898 2516 ὲγλωσσοκόπη-

1107 2538 1152 2556 σεν
1160 2538 1166 2546 ·
1178 2530 1242 2561 τοὺς
1259 2529 1308 2564 μὲν
1319 2529 1465 2564 ἐφόνευσεν
1475 2529 1528 2556 ἀπὸ
1540 2527 1658 2564 δαρμοῦ,
1666 2527 1844 2562 καταστήσας
1851 2527 1900 2553 καὶ

1106 2575 1256 2611 δηλάτορας
1276 2575 1436 2611 ἀνθρώπους
1455 2574 1576 2607 ἀσεϐεῖς,
1594 2574 1637 2600 ἵνα
1658 2574 1725 2600 ὅπου
1747 2573 1781 2600 ἂν
1796 2572 1900 2608 εὖρωσὶ

1106 2629 1182 2652 τινας
1207 2620 1245 2656 μὴ
1272 2619 1469 2652 κοινωνοῦντας
1494 2618 1737 2654 καταμηνύσωσιν.
1763 2617 1901 2649 οὕστινας

1108 2665 1321 2702 εὑρισκομένους
1347 2667 1444 2702 δαρμῷ
1465 2666 1596 2702 ἀφορήτῳ
1615 2664 1833 2695 καθυπέϐαλλεν,
1853 2664 1902 2699 δη-

1110 2713 1200 2748 μεύων
1219 2713 1332 2745 καὶτὰς
1346 2713 1511 2744 ὑποστάσεις
1527 2712 1634 2743 αὐτῶν,
1660 2711 1708 2738 καὶ
1728 2711 1769 2742 εἰς
1791 2710 1902 2746 ἐξορῐαν

1109 2758 1283 2785 ἀποστέλλων
1305 2758 1335 2784 οὐ
1351 2758 1434 2792 μόνον
1457 2757 1570 2793 ἄνδρας,
1592 2755 1661 2783 ἀλλά
1682 2755 1730 2782 καὶ
1752 2756 1900 2790 γυναῖκας.

1110 2805 1164 2832 Καὶ
1177 2804 1203 2831 τί
1218 2804 1259 2831 δεῖ
1273 2803 1363 2838 λέγειν
1378 2804 1428 2840 τὴν
1444 2804 1627 2838 σκοτόμαιναν
1640 2802 1694 2830 τῶν
1710 2802 1772 2828 τότε
1786 2800 1902 2831 κακῶν;

1110 2851 1173 2881 τοὺς
1192 2849 1247 2885 γὰρ
1264 2850 1436 2885 μεταϐάντας
1452 2850 1564 2881 πιστοὺς
1581 2849 1609 2876 ἓν
1623 2857 1679 2875 τισι
1695 2847 1818 2883 κλήμασι
1833 2846 1903 2882 [τοῖς

1112 2895 1236 2932 κλίμασι]
1254 2897 1302 2923 καὶ
1322 2897 1361 2929 εἰς
1379 2896 1470 2932 χώρας
1486 2895 1536 2928 τὰς
1559 2897 1595 2932 μὴ
1612 2894 1805 2931 προσηκούσας
1825 2892 1902 2927 αὐτῷ
