2011 3155
196 163 263 197 1039

813 160 951 190 LEONIS
978 160 1219 191 GRAMMATICI

1758 160 1826 192 1040

193 217 327 252 assumpti
350 217 383 244 ad
401 217 496 244 urbem
512 216 632 247 rediens,
647 223 661 242 ιι
684 215 841 243 Blachernis
862 217 894 242 a.l
919 223 982 251 por—

1035 217 1088 244 ἀπὸ
1107 217 1267 254 Βλαχερνῶν
1287 217 1338 249 ἕως
1356 217 1406 252 τῆς
1429 217 1541 252 Χρυσῆς
1566 216 1737 252 καλουμένης
1757 217 1826 251 1:69-

193 271 247 292 tnm
261 265 383 300 Chrysen
402 263 504 290 dictam
521 268 596 290 extra
615 270 708 290 muros
720 267 881 297 potestatem
894 268 980 290 osten-

192 315 252 339 tans
264 309 513 341 circumvolitabat,
527 313 554 336 et
571 308 688 336 nefanda
705 308 838 336 sacriﬁcia
853 309 884 336 ad
898 308 980 343 Chry-

191 365 236 385 scs
261 361 346 391 porta
371 359 448 390 prata
472 355 625 390 peragebat.
652 353 714 381 Mox
734 362 827 389 pacem
853 353 980 389 componi

190 403 225 430 ab
248 402 412 436 imperatore
440 401 564 435 expetiit,
591 405 638 427 aut
663 400 696 427 ad
721 399 842 435 Chrysen
871 405 979 435 portam

190 448 295 476 hastam
314 448 405 482 llgere.
420 447 590 481 imperatore
610 449 760 479 renuente,
780 446 854 473 urbis
886 454 980 473 muros

189 499 216 521 et
242 493 415 529 imperatoris
427 493 562 520 exercitus
586 492 709 519 ordinem
733 492 857 524 miratus,
874 493 900 518 in
919 496 979 519 ten-

191 541 289 568 torium
308 547 448 573 regressus
463 539 495 565 ad
512 539 585 573 pacis
597 538 780 566 conditionem
796 538 887 565 verbis
902 538 981 565 lalla-

191 587 356 623 cibusl‘ﬁs
363 586 488 614 deﬂectit.
499 585 647 620 Imperator
655 587 800 612 occasione
809 590 931 620 accepta,
942 585 983 612 in-

189 633 266 662 sidiis
283 640 298 659 e
315 631 405 659 medio
421 631 517 659 tollere
532 631 656 663 molitus,
669 631 858 658 ministrorum
872 631 980 666 ignavia

189 678 335 708 consilium
363 678 493 713 perlicere
525 677 680 712 prohibitus
708 681 760 708 est,
791 677 845 704 illis
871 677 981 711 quidem

189 727 272 755 ictum
289 724 483 761 indigentibus,
514 731 607 750 verum
623 723 766 750 mortalem
787 730 841 750 non
864 722 983 750 inferen-

189 774 263 801 tibus
279 773 396 808 plagam.
416 771 456 799 0b
472 770 498 797 id
510 769 649 796 insaniens
664 768 708 795 illa
730 768 877 803 pernicies.
893 767 983 796 missis

188 820 337 856 equitibus,
352 818 482 853 palatium
495 815 527 843 ad
547 819 674 842 sanctum
688 813 852 841 Mamantem
864 818 982 841 erectum

189 865 352 896 combussit,
373 868 400 890 et
421 869 492 889 :ereo
515 859 588 888 Circi
612 859 699 887 leone.
717 865 771 884 una
792 864 853 884 cum
875 864 939 884 urso
958 860 985 883 et

190 912 276 947 hydra
298 908 428 942 dracone,
451 907 689 941 marmoribusque
707 903 880 940 perpulehris
901 902 988 930 curri-

189 959 242 985 bus
262 956 407 991 impositis,
425 952 632 988 Adrianopolim
656 951 821 978 obsessurus
845 956 985 983 regressus

191 1008 244 1031 est.
272 1003 308 1030 Ea
336 1006 426 1035 capta,
454 999 634 1027 Macedonum
659 996 791 1024 nobilium
811 994 983 1030 quampluri-

191 1057 262 1081 mos,
280 1056 340 1076 cum
357 1047 490 1074 immensa
515 1044 607 1080 populi
633 1042 809 1070 multitudine
829 1047 906 1068 trans
931 1040 984 1066 Da~

192 1095 305 1124 nubium
335 1094 491 1128 deportatos
509 1091 542 1118 ad
563 1090 622 1125 ejus
643 1090 767 1124 regiones
786 1087 909 1114 habitare
926 1086 984 1121 jus-

193 1143 239 1170 sit.

231 1239 286 1266 Leo
316 1241 378 1273 post
413 1235 520 1270 imperii
554 1241 640 1262 annos
677 1233 747 1260 duos
780 1233 807 1260 in
836 1231 983 1259 amentiam

193 1293 301 1317 versus,
316 1283 438 1310 divinum
454 1280 636 1316 Nicephorum
651 1287 665 1306 a
681 1287 736 1313 quo
752 1285 880 1305 coronam
893 1284 985 1305 susce-

194 1333 245 1367 pit,
270 1331 323 1366 egit
346 1330 372 1356 in
397 1327 541 1356 exsiliunt:
569 1325 739 1353 Theodotum
758 1332 822 1351 vero
848 1323 984 1351 hominem

195 1379 319 1414 ignarum
338 1380 365 1403 et
382 1382 464 1409 supra
489 1373 578 1408 pisces
601 1379 666 1399 voce
685 1375 835 1402 carentem,
854 1369 913 1404 ejus
928 1369 987 1396 vice

194 1422 383 1459 patriarcham
405 1419 551 1451 ordinavit,
575 1417 848 1452 persecutionemque
868 1414 986 1442 induciis

195 1478 251 1497 non
271 1465 523 1501 interrumpendam
548 1466 679 1491 adversus
696 1462 845 1494 Ecclesiam
871 1461 986 1488 suscita-

195 1515 244 1542 vit.
276 1514 342 1549 Ejus
369 1517 490 1546 tempere
518 1513 637 1537 cometes
668 1509 695 1535 in
721 1507 837 1542 duplicis
862 1507 932 1534 luna
959 1510 986 1533 et

197 1561 280 1587 unius
295 1566 357 1586 cum
374 1557 425 1585 alia
436 1556 546 1591 juncta.
563 1561 728 1588 rursumque
743 1553 846 1585 divisae,
859 1557 885 1579 ct
895 1552 985 1580 varias

195 1606 300 1633 formas
323 1601 462 1630 induentis
481 1599 571 1635 specie
595 1598 730 1634 apparuit,
748 1597 826 1632 quasi
846 1597 982 1624 hominem

195 1651 284 1686 capite
297 1651 434 1677 carentem
455 1649 671 1682 reprmsentaret.
686 1644 789 1671 Exinde
805 1649 882 1671 terra:
893 1649 984 1671 motus

195 1696 351 1729 horribiles,
370 1694 519 1725 siccitates,
533 1697 559 1719 et
572 1691 688 1718 ardores
706 1689 871 1717 intolerandi
888 1689 984 1717 diebus

195 1742 368 1779 imperatoris
388 1740 442 1768 Deo
462 1738 551 1766 infesti
567 1737 656 1765 exorti
679 1741 752 1764 sunt.
778 1735 902 1763 Imitatus
917 1743 984 1770 pne-

195 1795 266 1817 terea
287 1786 454 1815 detestanda:
477 1785 559 1820 hujus
577 1785 713 1811 haereseos
741 1782 848 1814 ducem,
863 1781 984 1816 ejusdem

195 1834 314 1863 nominis
356 1839 518 1866 morumque
549 1829 699 1864 exemplar,
734 1828 862 1864 hmresim
897 1827 983 1863 ipsam

194 1880 315 1916 proﬁteri
327 1879 419 1914 cmpit,
437 1877 613 1912 ejusdemque
629 1874 766 1909 sacrilegii
782 1873 901 1902 consciis
917 1881 985 1900 con-

194 1926 314 1961 quisitis,
339 1924 471 1951 Joannem
507 1922 609 1949 dictum
641 1918 869 1950 Grammaticum,
900 1917 986 1952 magis

195 1977 286 2000 autem
311 1970 427 1997 Janncm
451 1968 546 1998 alium,
563 1966 604 1994 vel
617 1965 756 1993 Simonem
772 1963 985 1992 divinationibus

194 2027 226 2046 cit
255 2017 337 2052 pelvi,
369 2013 514 2050 praestigiis
542 2016 568 2039 ct
598 2011 738 2047 spurcitiis
763 2010 984 2044 celeberrimum,

194 2064 319 2097 aliosque
330 2068 429 2089 sensus
444 2059 565 2093 ejusdem
582 2061 724 2084 consortes
740 2056 852 2083 inVenit.
872 2057 912 2082 Ad
928 2055 986 2083 hrec

193 2109 350 2143 Nicephoro
364 2106 444 2133 laude
460 2104 542 2139 digno
559 2102 731 2138 patriarchae,
749 2105 776 2128 et
787 2101 833 2136 qui
851 2108 912 2128 cum
927 2101 985 2135 ipso

193 2158 273 2183 erant
299 2151 436 2186 episcopis
460 2156 550 2177 coram
575 2151 671 2175 senatu
698 2147 813 2180 vocatis,
842 2146 899 2173 ait:
920 2145 986 2173 Nul-

194 2201 303 2227 latenus
335 2204 383 2224 vos
414 2196 479 2223 latet
506 2194 651 2222 emersisse
681 2192 826 2228 quosdam,
853 2192 985 2227 imagines

1035 273 1095 298 της,
1115 264 1338 299 ἐπιδεικνύμενος
1353 263 1401 299 τὴν
1417 263 1514 290 ἑαυτοῦ
1525 263 1651 297 δύναμιν,
1666 263 1825 294 ἐπιτελέσας

1037 311 1140 345 μιαρὰς
1156 310 1252 341 θυσίας
1272 311 1302 336 ὲν
1318 310 1357 345 τῷ
1382 309 1495 345 λιϐαδξῳ
1512 310 1561 344 τῆς
1577 310 1689 344 Χρυσῆς
1710 307 1826 343 πόρτης.

1041 355 1176 392 ᾘτήσατο
1195 356 1223 382 δὲ
1238 356 1283 383 τὸν
1298 355 1410 390 βασιλέα
1428 356 1538 382 σπεῖσαι
1549 356 1672 390 εξρήνην,
1688 353 1705 389 ἢ
1719 353 1750 380 τδ
1763 353 1827 389 δόρυ
1848 346 1855 370 ί

1036 401 1118 428 αὑτοῦ
1138 401 1222 437 πῆξαι
1236 402 1264 428 ἐν
1280 403 1313 437 τῇ
1333 403 1428 438 Χρυσῇ
1448 402 1546 438 πόρτῃ.
1569 402 1623 428 Τοῦ
1646 402 1675 428 δὲ
1691 401 1826 436 βασιλέως

1037 447 1073 483 μὴ
1091 447 1310 482 κατα-δεξαμένου
1331 448 1419 479 τοῦτο.
1436 447 1606 482 ὑπέστρεψεν
1622 448 1663 479 εἰς
1685 447 1734 482 τὴν
1760 446 1829 473 ἰδίαν

1036 493 1151 527 σκηνὴν,
1165 491 1310 527 θαυμάσας
1335 493 1369 519 τὰ
1393 492 1444 527 τῆς
1471 493 1576 524 πόλεως
1600 493 1689 527 τείχη,
1708 493 1755 519 καὶ
1778 492 1828 527 τὴν

1036 537 1167 564 εὕτακτον
1181 538 1228 564 τοῦ
1246 537 1378 572 βασιλέως
1405 537 1570 572 παράταξιν.
1601 537 1663 563 Ἐπὶ
1691 536 1828 570 σύμϐασιν

1036 582 1082 610 οὖν
1106 583 1217 618 εἰρήνης
1242 585 1371 619 τρέπεται
1387 583 1583 618 πειραστικοὺς
1609 582 1707 616 λόγους
1733 581 1828 609 ποιού-

1038 637 1128 663 μενος.
1151 628 1182 656 Ὀ
1198 629 1226 655 δὲ
1254 629 1381 663 βασιλεὺς
1397 629 1524 664 ἀφορμῆς
1550 628 1729 664 δραξάμενος,
1752 629 1828 654 ἒπει-

1038 674 1107 709 ράθη
1126 675 1208 701 αὑτὸν
1230 674 1356 710 λοχῆσαι,
1374 674 1432 701 ἀλλ’
1454 675 1495 706 εἰς
1519 674 1604 710 πέρας
1622 675 1735 708 ἀγαγεῖν
1749 673 1830 700 τοῦτο

1037 719 1160 755 ἐκωλύθη
1198 721 1231 756 τῇ
1262 720 1316 746 τῶν
1348 719 1581 756 ὑπουργησάντων
1617 720 1723 755 ἀψυῖᾳ,
1760 720 1829 754 πλη-

1038 765 1142 797 ξάντων
1162 766 1210 801 μὲν
1235 765 1341 799 τοῦτον,
1371 766 1482 800 καιρίαν
1503 765 1532 792 δὲ
1554 765 1591 800 μὴ
1609 764 1830 801 ἐπαγ[αγ]όντων

1038 811 1158 846 πληγήν,
1178 811 1239 838 Ἐπὶ
1257 811 1345 846 τούτῳ
1361 811 1456 846 μανεὶς
1477 811 1492 836 ὁ
1507 810 1646 845 ἀλάστωρ,
1666 810 1830 841 ἀποστείλας

1038 857 1139 889 ἵππους
1168 857 1197 882 ἐν
1222 857 1261 892 τῷ
1292 857 1375 891 Ἃγξῳ
1390 856 1519 892 Μάμαντι
1536 856 1567 882 τὸ
1581 857 1671 883 ἐκεῖσε
1699 856 1831 883 παλάτιον

1005 908 1024 935 ῃ
1039 902 1191 938 ἐνέπρησε·
1208 903 1255 928 καὶ
1271 903 1316 929 τὸν
1334 901 1453 937 χαλκοῦν
1467 902 1563 928 λέοντα
1579 901 1627 928 τοῦ
1649 901 1763 928 ἱππικοῦ
1781 901 1831 928 σὺν

1036 950 1070 983 τῇ
1087 949 1181 984 ἄρκτῳ
1195 950 1233 983 (Ι)
1252 949 1351 983 καὶτῷ
1365 948 1495 984 δράκοντι
1512 947 1559 974 τοῦ
1580 947 1672 982 ὑδρίου
1692 949 1739 975 καὶ
1756 957 1830 983 μαρ-

1038 994 1136 1029 μάροις
1146 993 1301 1024 καλλίστοις
1313 994 1341 1019 ὲν
1355 993 1474 1027 ἁμάξαις
1489 992 1633 1028 φορρώσας
1648 992 1830 1028 ὑπέστρεψεν,

1036 1039 1218 1074 περικαθίσας
1236 1040 1285 1074 τὴν
1305 1039 1541 1074 Ἀδριανούπολινο
1557 1039 1605 1066 καὶ
1630 1038 1732 1071 ταύτην
1749 1038 1829 1071 ἐλὼν,

1036 1085 1150 1116 πολλοὺς
1166 1085 1195 1111 δὲ
1209 1084 1263 1111 τῶν
1277 1084 1397 1119 εὐγενῶν
1412 1084 1575 1111 Μακεδόνων
1590 1084 1659 1120 μετὰ
1671 1084 1738 1111 λαοῦ
1752 1085 1830 1111 πλεέ-

1036 1139 1099 1158 στου
1127 1131 1308 1166 διαπεράσας,
1334 1130 1545 1165 κατεσκήνωσεν
1571 1130 1601 1157 ὲν
1624 1130 1664 1165 τῷ
1689 1130 1831 1166 Δανουῧίῳ

1038 1185 1106 1203 ποτα
1111 1177 1163 1212 μῷ.

1078 1234 1105 1260 Ὁ
1121 1233 1148 1260 δὲ
1162 1234 1238 1260 Λέων
1250 1234 1319 1268 μετὰ
1334 1233 1379 1260 δύο
1396 1234 1509 1269 χρόνους
1522 1234 1571 1267 τῆς
1589 1233 1673 1260 αὑτοῦ
1689 1233 1829 1268 βασιλείας

1037 1281 1145 1315 μανεὶς,
1167 1281 1214 1306 καὶ
1232 1280 1277 1307 τὸν
1300 1280 1438 1316 στέψαντα
1465 1281 1546 1307 αὑτὸν
1575 1281 1646 1306 θεῖον
1670 1280 1830 1315 Νικηφόρον

1036 1324 1172 1360 ἑξορίσας.
1184 1325 1312 1352 θεόδοτον
1322 1326 1495 1361 πατριάρχην
1507 1326 1718 1360 ἅντιχειροτονεῖ
1731 1325 1829 1360 ἄλογον

1036 1371 1130 1406 ἄνδρα,
1147 1372 1194 1398 καὶ
1217 1371 1316 1406 ἰχθύων
1332 1372 1515 1407 ἁφωνότερον,
1531 1372 1580 1398 καὶ
1593 1372 1713 1406 διωγμδν
1727 1373 1829 1399 ἄσπον-

1035 1417 1080 1444 δον
1098 1417 1176 1444 κατὰ
1190 1420 1239 1452 τῆς
1257 1418 1420 1454 Ἐκκλησίας
1434 1418 1611 1454 ἀνερρίπισεν
1621 1427 1628 1434 ·
1640 1420 1683 1452 ἐφ’
1696 1416 1726 1446 οὗ
1740 1419 1828 1455 ἐφάνη

1036 1463 1125 1499 ἀστὴρ
1150 1465 1272 1499 κομήτης
1287 1464 1316 1490 ὲν
1346 1464 1467 1499 σχήματι
1493 1463 1540 1491 δύο
1554 1464 1689 1500 λαμπρῶν
1706 1465 1829 1500 σεληνῶν

1036 1508 1209 1544 ἑνουμένων,
1239 1508 1287 1535 καὶ
1316 1508 1397 1536 πάλιν
1420 1509 1618 1545 διαιρουμένων
1639 1511 1680 1542 εὶς
1709 1511 1830 1546 διάφορα

1037 1555 1176 1590 σχήματα,
1194 1555 1231 1587 ὡς
1249 1556 1289 1587 είς
1305 1556 1444 1591 ἀκεφάλου
1463 1557 1608 1584 διάπλασιν
1627 1557 1720 1592 ἀνδρὸς
1736 1567 1829 1584 τυπω-

1036 1600 1127 1635 θῆναι.
1153 1601 1210 1628 Καὶ
1228 1601 1320 1637 μέντοι
1337 1602 1385 1629 καὶ⁸
1409 1602 1518 1638 σεισμοὶ
1533 1603 1655 1639 φοΰεροὶ,
1671 1604 1718 1631 καὶ
1744 1604 1829 1638 ἁχμνιὶ

1036 1645 1172 1683 [αὐχμοὶῇ
1192 1649 1239 1674 καὶ
1255 1647 1408 1682 φλογώσεις
1423 1649 1569 1683 γεγόνασιν
1581 1649 1629 1676 ἐπὶ
1643 1649 1698 1676 τῶν
1712 1650 1829 1686 ἡμερῶν

1035 1692 1081 1719 τοῦ
1095 1692 1270 1727 θεοστυγοῦς.
1290 1694 1510 1730 Ἐκμιμούμενος
1525 1694 1617 1722 τοίνυν
1639 1695 1684 1721 τὸν
1701 1696 1752 1731 τῆς
1774 1705 1829 1730 μυο

1037 1739 1123 1773 σαρᾶς
1147 1738 1249 1774 ταύτης
1274 1740 1408 1776 αἱρέσεως
1432 1741 1555 1776 ἀρχηγὸν
1581 1741 1727 1777 ὁμώνυμον
1741 1742 1828 1768 αὑτοῦ

1036 1783 1082 1809 καὶ
1099 1783 1261 1818 ὀμότροπον,
1279 1784 1381 1820 ἤρξατο
1396 1786 1446 1821 τῆς
1467 1786 1615 1822 αἱρέσεως·
1632 1784 1692 1813 εῐτα
1714 1786 1828 1821 συμμὺ-

1037 1836 1102 1860 στας
1131 1829 1300 1864 ἐπιζητήσας
1323 1827 1403 1865 εὗρεν
1437 1831 1582 1866 Ἰωάννην,
1610 1831 1657 1858 τὸν
1678 1832 1829 1867 λεγόμενον

1035 1874 1055 1900 Γ
1059 1875 1245 1909 ραμματικὸν,
1262 1875 1364 1911 μᾶλλον
1383 1876 1412 1903 δὲ
1438 1877 1566 1912 Ἰωάννην
1585 1876 1722 1913 [Ἰαννῆν]
1745 1878 1829 1904 ἄλλον

1036 1919 1185 1956 ῆΣίμωνα,
1203 1921 1248 1947 ἐπί
1270 1929 1300 1948 τε
1325 1921 1578 1958 λεκανομαντείαις,
1597 1924 1645 1950 καὶ
1669 1923 1826 1958 γοητείαις.

1037 1965 1085 1992 καὶ
1100 1967 1310 2002 αἰσχρουργίαις
1328 1967 1550 2003 διαῦεεοημένον,
1568 1969 1615 1995 καὶ
1630 1969 1741 2005 ἐτέρους
1751 1970 1828 2001 τινὰς

1035 2011 1191 2046 ὁμόφρονας
1205 2012 1299 2040 αὑτοῦ.
1323 2013 1522 2048 Προσκαλεῖται
1546 2014 1591 2041 οὖν
1605 2015 1763 2050 Νικηφόρον
1781 2015 1828 2041 τὸν

1037 2056 1159 2091 ἀοίδιμον
1173 2058 1357 2094 πατριάρχην,
1371 2059 1418 2086 καὶ
1432 2060 1495 2091 τοὺς
1507 2061 1556 2086 σὺν
1567 2060 1642 2095 αὐτῷ
1657 2061 1828 2093 ἐπισκόπους

1036 2102 1151 2129 ἐνώπιον
1166 2104 1214 2138 τῆς
1231 2105 1395 2140 συγκλήτου,
1422 2105 1469 2132 καί
1484 2114 1580 2141 φησιν·
1593 2106 1664 2132 Ἱστε
1682 2106 1776 2140 σαφῶς
1789 2106 1828 2138 ὡς
1845 2110 1849 2113 “

1036 2148 1190 2185 ἀνέστησάν
1213 2159 1285 2182 τινες
1308 2151 1443 2185 λέγοντες,
1467 2153 1504 2187 μὴ
1529 2152 1585 2178 δεῖν
1610 2152 1828 2188 προσκυνεῖσθαι

1037 2193 1086 2226 τὰς
1114 2195 1232 2227 εἰκόνας.
1252 2196 1340 2228 Εὐθὺς
1363 2197 1391 2223 δὲ
1406 2197 1420 2223 ὁ
1452 2198 1524 2234 ἱερὸς
1540 2197 1678 2232 Εὐθύμιος
1702 2198 1829 2234 Σάρδεων

194 2253 248 2273 non
272 2242 426 2271 adorandas
452 2245 616 2269 asserentes.
643 2238 793 2274 Derepente
818 2246 882 2265 vero
907 2245 982 2265 sacer

1037 2242 1297 2278 παρρησιασάμενος
1316 2245 1348 2270 ὲκ
1363 2244 1411 2279 τῆς
1429 2244 1504 2276 ὑείας
1521 2245 1634 2280 Γραφῆς
1658 2244 1828 2280 ἐπετίμησεν

194 2289 357 2326 Euthymius
383 2287 510 2315 Sardium
536 2287 682 2321 episcopus
708 2293 770 2312 cum
789 2284 889 2312 ﬁducia
921 2291 982 2318 per-

193 2344 275 2366 orans
300 2343 333 2363 ex
356 2334 455 2363 divinis
468 2333 618 2368 Scripturis
644 2335 781 2359 errantem
810 2329 980 2366 objurgavit:

193 2387 256 2419 post
281 2389 363 2418 quem
396 2379 557 2408 Theodorus
590 2379 699 2406 fervens
734 2376 893 2404 orthodoxae
920 2375 982 2403 tidei

193 2426 332 2458 defensor,
347 2430 375 2453 et
389 2424 477 2452 Studii
496 2423 669 2459 praepositus,
686 2421 739 2449 ait:
752 2422 801 2455 Ne,
819 2422 978 2456 imperator,

193 2471 324 2499 Ecclesiae
343 2473 444 2498 statum
463 2470 602 2500 immutes,
621 2467 670 2494 tibi
694 2474 785 2494 rerum
804 2466 978 2502 politicarum

193 2521 282 2544 status
302 2520 328 2543 et
343 2515 480 2542 exercitus
505 2513 637 2541 incumbit
653 2520 730 2540 cura.
750 2511 853 2539 Horum
875 2516 979 2547 satage:

193 2562 344 2590 Ecclesium
359 2568 424 2588 vero
445 2561 472 2587 in
501 2559 552 2587 llde
569 2559 721 2586 orthodoxa
749 2565 891 2593 superesse
917 2565 980 2592 per-

194 2609 281 2636 mitte.
307 2607 452 2644 Tyrannus
479 2607 522 2634 his
543 2605 643 2633 auditis
658 2605 751 2633 furore
767 2612 909 2638 accensus,
926 2605 983 2632 leo-

194 2661 259 2682 num
279 2662 366 2686 more,
391 2661 453 2681 cum
479 2652 575 2680 simius
596 2655 668 2679 esset
697 2650 846 2678 infremens
868 2655 982 2679 cunctos

194 2699 320 2728 cvomitis
345 2698 453 2734 injuriis
474 2697 564 2734 ejecit,
584 2703 770 2733 magnumque
796 2695 981 2732 Nicephorum

1035 2289 1081 2314 τὸν
1095 2288 1255 2324 ὰλητήριον,
1272 2289 1331 2324 μεθ’
1345 2290 1375 2317 ὃν
1389 2290 1437 2317 καὶ
1461 2291 1599 2326 Θεόδωρος
1622 2292 1637 2317 ὁ
1658 2291 1761 2326 θερμὸς
1778 2292 1828 2326 τῆς

1035 2332 1191 2367 ὀρθοδοξίας
1211 2335 1353 2370 πρόμαχος
1370 2336 1424 2362 τῶν
1442 2336 1568 2363 Στουδίου
1588 2336 1740 2372 ἡγούμενος
1756 2337 1827 2372 ἔφη·

1035 2378 1081 2413 Μὴ
1109 2379 1297 2414 παρασάλευε,
1325 2381 1453 2415 βασιλεῦ,
1480 2382 1650 2408 κατάστασιν
1676 2382 1828 2417 ἐκκλησια-

1037 2425 1132 2459 στικήν
1144 2433 1150 2439 ·
1176 2425 1218 2451 σοὶ
1244 2426 1294 2461 μὲν
1313 2426 1368 2462 γὰρ
1383 2427 1399 2462 ἡ
1414 2427 1463 2462 τῆς
1493 2427 1630 2459 πολιτείας
1645 2427 1828 2460 κατάστασις,

1033 2470 1080 2496 καὶ
1093 2471 1109 2505 ἠ
1123 2470 1170 2497 τοῦ
1187 2472 1371 2507 στρατοπέδου
1387 2473 1550 2499 ἐπιστασία·
1565 2473 1670 2500 τούτων
1685 2473 1829 2508 φρόντιζε,

1033 2516 1081 2542 καὶ
1094 2516 1142 2551 τὴν
1164 2517 1330 2552 Ἐκκλησίαν
1347 2517 1427 2544 ἔασον
1454 2518 1545 2553 μένειν
1568 2519 1596 2546 ὲν
1618 2518 1770 2555 ὁρθοδοξίᾳ..
1796 2518 1828 2544 Ὀ

1033 2561 1062 2588 δὲ
1076 2562 1208 2597 τύραννος
1226 2562 1330 2590 τούτων
1348 2564 1479 2597 ἀκούσας,
1507 2565 1661 2600 ὑπερζέσας
1679 2564 1718 2599 τῷ
1737 2564 1828 2600 θυμῷ.

1036 2608 1085 2635 καλ⁵
1108 2609 1242 2635 λεόντειον
1257 2610 1271 2635 ὁ
1287 2609 1416 2645 πιθήκιος
1437 2609 1549 2645 βρύξας,
1570 2611 1616 2637 καὶ
1636 2610 1741 2641 πάντας
1765 2610 1828 2644 μεθ’

1037 2654 1143 2689 ὓὸρεως
1169 2654 1320 2688 ἀπελάσας,
1338 2652 1385 2681 xui
1407 2655 1452 2682 τὸν
1482 2656 1570 2690 μέγαν
1594 2655 1753 2690 Νικηφόρον
1777 2656 1828 2690 τῆς

1036 2699 1141 2730 πόλεως
1153 2699 1283 2733 ἐξεώσας,
1302 2701 1350 2727 καὶ
1363 2701 1537 2736 περιορίσας,
1552 2701 1682 2732 ὡσαύτως
1698 2701 1745 2727 καὶ
1757 2701 1827 2726 Θεό-

751 2774 882 2805 ἙΒΑΜΞ.
899 2774 1096 2804 COMBEFISII
1110 2776 1225 2805 NOT/E.

230 2835 269 2871 (Ι)
278 2834 337 2863 Uno
345 2836 428 2863 verbo
435 2839 530 2863 auctor
541 2842 705 2870 anonymus,
712 2834 746 2860 τὰ
755 2832 890 2871 ζῲδιατοῦ
900 2834 982 2871 ἱππο-

195 2867 320 2906 δρόμιον,
336 2871 499 2898 Animulium
516 2867 623 2898 statuas
631 2874 765 2910 exstante:
779 2870 805 2909 in
822 2867 898 2895 Circo
911 2868 980 2904 Δρά-

1041 2843 1115 2862 κοντι
1132 2844 1179 2862 του
1196 2835 1299 2870 ὑδρίου,
1310 2836 1454 2872 draconem
1467 2836 1588 2872 intelligo
1603 2835 1636 2864 ad
1649 2836 1722 2864 Circi
1738 2843 1826 2867 mare.

1035 2878 1082 2898 seu
1096 2878 1228 2904 aquarum
1248 2872 1338 2898 sinum
1354 2879 1385 2899 ac
1401 2871 1512 2899 fontem.
