2011 3155
143 176 209 218 tott

789 184 1073 216 CHRONOGRAPH
1079 187 1123 215 [Α.

1704 187 1772 220 10ίῖ

140 242 226 278 δωρον
242 240 297 268 τῶν
319 240 443 267 Στουδίου
460 241 596 277 ἐξορίσας,
618 241 746 268 Θεόδοτον
763 240 808 267 τὸν
827 241 931 267 Κασσι-

987 241 1092 268 civitate
1107 241 1228 276 pulsum,
1246 246 1272 269 et
1289 242 1462 269 Theodorum
1478 241 1580 277 pariter
1601 242 1689 270 Studii
1703 251 1770 278 pra:-

141 287 223 322 τερᾶν
239 286 278 321 τῷ
294 286 483 321 πατριαρχείῳ
499 286 733 321 ἀπεκατέστησεν.
748 285 861 312 Ἔκτοτε
881 284 928 312 οὖν

141 333 186 358 τὸν
201 331 286 366 θυμὸν
298 331 345 358 καὶ
355 331 400 358 τὸν
413 332 486 358 δόλον
498 332 546 366 τῆς
559 332 647 367 ψυχῆς
663 332 746 359 αὑτοῦ
762 331 860 367 ἐκχέας
871 333 928 363 τοῖς

143 378 318 412 συμμύσταις
333 378 416 404 αὑτοῦ
433 378 577 412 ὰσελγέσιν
592 378 688 405 ἑαυτὸν
699 378 926 405 κατεπίστευσεν·

141 423 239 455 οἵτινες
254 423 316 449 ἐπεὶ
335 423 411 458 αὑτῷ
428 423 691 458 προσῳκειώθησαν,
708 424 771 458 τρία
788 423 929 459 ὑπέθηκαν

141 469 216 504 αὖτῷ
231 469 265 495 τὰ
285 469 476 504 ὑπεσχημένα,
499 469 547 495 καὶ
573 469 648 504 αὐτῷ
671 469 858 504 στεργόμενα·
879 469 928 503 τῆς

141 515 282 549 ὀρθοδόξου
300 515 420 546 πίστεως
446 514 524 551 ἡμῶν
551 514 600 550 τὴν
621 515 745 550 ἄρνησιν,
771 516 825 542 τῶν
850 515 929 542 θείων

141 561 254 587 είκόνων
283 560 334 596 τὴν
367 561 548 597 καθαίρεσιν,
578 561 634 587 τῶν
668 562 854 589 εὐσεϐούντων
881 562 929 597 τὴν

140 607 241 639 δίωξιν.
259 606 381 638 Ταύταις
400 607 448 634 οὖν
470 608 529 638 ταῖς
551 607 670 639 ἀπάταις
694 607 823 642 προσθεὶς
842 608 856 633 ὁ
878 616 930 642 μα-

140 652 290 687 ταιόφρων,
315 652 521 687 ἀναπτερωθεὶς
536 653 558 679 ίό
576 653 692 683 δείλαιος
714 654 746 688 τῇ
764 652 931 688 ταλαιπώρῳ

140 699 225 733 ὁρμῇ,
244 698 342 732 πρῶτα
359 697 408 732 μὲν
425 698 553 733 καθαιρεῖ
566 699 657 725 πᾶσαν
675 698 750 734 ἱερὰν
766 699 817 733 τῆς
832 699 932 734 ἐκκλη-

143 743 204 774 σίας
223 743 431 778 ἀναστήλωσιν·
458 743 606 770 κάντεῦθεν
627 744 690 774 τοὺς
719 745 931 780 εὑρισκομένους

141 789 364 824 ἔχονταςείκόνας
379 790 498 825 Χριστοῦ
510 791 526 826 ἦ
538 799 610 821 τινος
625 791 716 824 ἁγίου,
732 791 832 823 δειναῖς
843 801 932 827 τιμω-

144 835 217 869 ρίαις
235 836 283 861 καὶ
309 834 418 870 θανάτῳ
441 835 629 868 κατεδίκαζεν,
647 836 695 863 καὶ
719 836 833 868 πολλοὺς
857 838 931 864 ἐνδό-

143 880 206 912 ξους
221 881 270 907 καὶ
292 882 454 917 περιφανεῖς
477 882 654 916 πεφόνευκεν.
671 883 781 918 Μιχαὴλ
797 883 825 910 δὲ
847 884 861 910 ὁ
883 884 932 913 τὴν

141 926 189 953 τοῦ
207 927 372 959 ὲξκουὸίτων
391 928 531 962 τάγματος
554 928 642 963 ἀρχὴν
664 928 775 962 διέπων,
802 929 929 965 διεϐλήθη

142 973 182 1007 τῷ
198 972 313 1008 βασιλεῖ,
329 973 367 1005 ὠς
385 973 446 1000 κατ’
464 974 547 1000 αὑτοῦ
569 974 773 1009 βουλευόμενος,
790 975 819 1002 ὃν
834 976 928 1011 εἰρκτῇ

143 1019 239 1051 πέδαις
255 1017 328 1054 εῖχεν
344 1020 522 1056 τηρούμενον.
538 1020 594 1055 Τῆς
608 1020 636 1047 δὲ
650 1022 788 1054 γενεθλίου
811 1022 858 1048 τοῦ
874 1023 931 1048 Σω-

142 1066 226 1100 τῆρος
252 1066 332 1100 ἡμῶν
355 1066 488 1102 ἐνστάσης
503 1066 599 1093 τοῦτον
627 1067 767 1103 ὴὸουλήοη
791 1070 823 1104 τῇ
854 1069 932 1095 νυκτὶ

141 1112 260 1138 ἀνελεῖν.
279 1112 420 1144 κωλυθεὶς
433 1112 461 1138 δὲ
484 1111 622 1148 παρὰξτῆς
639 1113 705 1145 ιδίας
721 1115 866 1148 γυναικὸς,
887 1115 932 1142 διὰ

141 1158 191 1192 τὴν
207 1158 314 1193 ἑορτὴν,
325 1157 419 1184 εἴασεν
433 1158 524 1185 αὐτόν.
544 1159 573 1185 '0
583 1158 611 1185 δὲ
624 1159 733 1195 Μιχαὴλ
747 1161 775 1186 ὲν
788 1161 820 1195 τῇ
834 1161 930 1196 εἱρκτῇ

142 1203 192 1236 ὢν,
212 1203 293 1230 τοῦτο
310 1203 414 1239 μαθὼν,
431 1206 497 1231 πᾶσι
514 1205 570 1236 τοῖς
592 1206 650 1239 μετ’
665 1205 746 1232 αὑτοῦ
771 1206 932 1241 συμϐούλοις

143 1251 292 1286 ἐμήνυσεν,
311 1250 349 1282 ὡς
375 1252 407 1278 Εἰ
433 1251 470 1287 μὴ
498 1252 670 1287 σπουδάσητε
694 1252 795 1285 ἐξελεῖν
820 1262 854 1289 με
881 1254 932 1289 τῆς

143 1297 276 1331 φρουρᾶς,
293 1296 397 1328 πάντας
418 1297 490 1332 ὑμᾶς
506 1298 675 1333 καταμηνύω
689 1299 728 1332 τῷ
745 1300 861 1334 βασιλεῖ.
877 1298 931 1328 ’Ἦν

142 1341 171 1367 δὲ
185 1341 244 1375 μετ’
263 1341 352 1368 αὐτῶν
364 1343 411 1368 καὶ
427 1343 441 1368 ὁ
453 1342 500 1369 τοῦ
519 1343 650 1370 παλατίου
675 1345 781 1376 παπιας
798 1346 933 1382 συγγενὴς

142 1386 181 1413 ὣν
195 1387 241 1414 τοῦ
256 1388 377 1423 Μιχαήλ.
392 1384 472 1415 Οὗτοι
485 1390 517 1424 τῇ
534 1390 613 1416 νυκτὶ
627 1390 813 1424 ὁπλισθέντες,
827 1392 933 1420 ἔνδοθεν

143 1433 178 1459 τὰ
197 1433 260 1468 ξίφη
283 1433 440 1469 φοροῦντες,
460 1434 507 1461 τοῦ
532 1436 638 1462 παπίου
665 1436 835 1470 ἁνοίξαντος,
852 1439 890 1471 ὡς
908 1440 933 1466 οἱ

146 1479 227 1514 ἱερεῖς
245 1480 313 1514 μετὰ
331 1480 469 1515 φελωνίων
486 1481 620 1516 εἰσῆλθον,
643 1483 691 1509 τοῦ
713 1483 740 1510 δὲ
757 1483 890 1519 βασιλέως
904 1486 934 1513 ὲν

144 1526 177 1560 τῇ
195 1526 329 1561 ἐκκλησίᾳ
350 1526 527 1559 εἰσελθόντος,
542 1528 758 1564 εἰσπηδήσαντες
780 1530 827 1558 καὶ
840 1531 934 1558 τοῦτον

979 286 1107 320 positum,
1127 286 1154 314 in
1179 288 1309 315 exsiliunt
1336 288 1412 323 egit:
1429 287 1602 315 Theodotum
1620 296 1685 316 vero
1704 289 1771 317 Cas-

979 331 1090 358 siteram
1108 332 1293 366 patriarcbam
1313 333 1436 360 ordinari
1451 335 1589 368 prmcepit.
1603 334 1644 362 Ab
1656 343 1688 362 eo
1702 339 1772 362 tctu-

980 383 1045 410 pore
1070 377 1153 404 animi
1173 378 1292 405 furorem
1310 379 1459 414 dolumque
1474 379 1642 415 profundens
1656 380 1772 415 impuris

980 421 1114 455 sacrilegii
1127 421 1209 458 447
1221 423 1262 450 sui
1277 424 1396 451 consciis
1413 432 1442 452 se
1463 425 1552 459 ipsum
1565 425 1720 459 commisit;
1734 426 1772 453 illi

980 466 1129 494 familiares
1164 468 1274 500 redditi,
1305 469 1356 496 tria
1391 469 1456 497 olim
1494 470 1545 505 ipsi
1574 472 1721 505 promissa,
1746 478 1774 499 et

980 513 1067 540 eidem
1100 513 1222 547 jucunda
1259 519 1480 550 suggesserunt:
1516 515 1678 544 orthodoxae
1710 516 1772 544 ﬁdei

981 563 1081 586 nostra:
1096 559 1317 593 abnegationem,
1342 568 1481 588 sacrarum
1497 561 1648 596 imaginum
1664 563 1774 597 deposi-

981 603 1096 636 tionem,
1120 608 1147 631 et
1172 605 1280 639 piorum
1297 606 1530 640 persecutionem.
1557 606 1606 634 llis
1631 607 1774 636 fraudibus

981 654 1104 677 attentus
1126 657 1242 682 vecors,
1268 651 1374 686 hocque
1394 652 1497 680 infelici
1512 653 1644 688 impulsu,
1660 654 1774 689 ignavus

981 695 1056 729 licet,
1077 696 1193 723 multum
1216 697 1306 725 elatus
1321 702 1347 724 et.
1366 699 1515 730 animatus,
1529 699 1647 732 primum
1663 700 1774 734 quidem

982 748 1087 768 sacram
1104 750 1212 770 omnem
1227 750 1258 770 ex
1283 743 1407 771 ecclesiis
1422 744 1532 779 deponit
1545 745 1657 780 ﬁgurant
1672 754 1679 773 :
1698 746 1775 774 exin.-

982 788 1016 815 de
1047 787 1161 820 Christi,
1186 789 1228 816 vel
1256 789 1343 816 sancti
1367 789 1484 823 alicujus
1511 790 1645 825 imagines
1675 791 1775 819 habere

982 841 1104 871 repertos
1126 836 1203 864 duris
1221 837 1363 872 suppliciis
1386 841 1413 864 et
1437 842 1526 864 morte
1549 837 1707 870 damnabat,
1736 837 1774 863 ita

983 887 1015 909 ut
1041 883 1147 910 nobiles
1165 883 1299 918 plurimos
1315 887 1342 910 et
1362 883 1484 911 illustres
1503 883 1578 913 viros
1593 883 1771 912 interfecerit.

982 928 1069 956 Porro
1094 928 1206 956 Michael
1228 929 1418 957 excubitorum
1444 929 1567 957 cohortis
1587 937 1685 964 gerens
1702 929 1776 963 priu-

982 974 1114 1009 cipatum,
1131 975 1202 1010 apud
1218 975 1411 1010 imperatorem
1428 975 1594 1003 calumniam
1608 982 1708 1009 passus
1721 979 1774 1006 est.

982 1019 1060 1054 quasi
1081 1019 1213 1048 adversus
1239 1028 1303 1047 eum
1335 1021 1537 1055 conspirasset:
1565 1027 1646 1055 quem
1674 1019 1776 1047 idcirco

983 1065 1162 1100 compedibus
1190 1066 1312 1093 vinctum
1331 1067 1357 1093 in
1378 1074 1489 1094 carcere
1504 1071 1674 1094 asservatum
1697 1070 1776 1093 terte-

984 1113 1040 1140 bat.
1057 1112 1178 1140 lnstante
1193 1113 1276 1148 igitur
1304 1112 1461 1141 Servatoris
1485 1114 1571 1141 nostri
1598 1113 1712 1141 natalitii
1738 1111 1777 1139 fe-

982 1163 1025 1186 sto
1041 1162 1124 1185 noctu
1145 1158 1235 1186 voluit
1252 1166 1268 1186 ο
1282 1160 1371 1187 medio
1388 1160 1505 1188 tollere:
1524 1168 1618 1188 verum
1635 1167 1650 1187 a
1666 1159 1775 1194 propria

984 1211 1071 1231 uxore
1095 1204 1251 1237 prohibitus
1265 1210 1294 1232 et
1320 1205 1383 1233 festi
1400 1207 1552 1234 reverentia
1567 1210 1669 1237 motus,
1685 1205 1777 1233 vivere

984 1250 1120 1285 permisit.
1143 1250 1260 1278 Michael
1283 1258 1395 1278 carcere
1417 1252 1553 1285 detentus,
1579 1252 1631 1279 hoc
1655 1251 1776 1286 cognito,

987 1296 1117 1324 omnibus
1144 1297 1251 1325 consilii
1289 1298 1468 1333 participibus
1495 1303 1600 1326 secreto
1625 1298 1776 1326 indicavit:

985 1341 1044 1369 Nisi
1056 1342 1180 1370 custodia
1193 1343 1314 1371 eximere
1329 1350 1372 1370 me
1384 1344 1527 1376 studeatis,
1538 1351 1632 1370 omnes
1641 1350 1690 1369 vos
1705 1342 1775 1376 apud

984 1388 1177 1422 imperatorem
1197 1387 1328 1416 deferam.
1354 1389 1418 1416 Erat
1443 1396 1505 1416 cum
1542 1388 1608 1423 ipsis
1629 1393 1656 1415 et
1682 1388 1775 1422 palatii

987 1432 1098 1467 pappias
1114 1431 1254 1460 Michaelis
1276 1432 1375 1459 afliuis.
1392 1433 1445 1467 Ipsi
1470 1433 1551 1469 igitur
1575 1437 1657 1460 noctu
1679 1431 1776 1458 armati

985 1477 1036 1504 sub
1058 1477 1179 1505 vestibus
1201 1477 1305 1513 gladios
1325 1477 1453 1510 ferentes,
1489 1478 1587 1512 pappia
1605 1483 1698 1512 portas
1711 1485 1775 1511 ape-

985 1524 1086 1556 riente,
1104 1530 1137 1551 ac
1160 1523 1182 1551 si
1197 1523 1354 1551 sacerdotes
1373 1523 1462 1552 forent
1480 1524 1582 1552 casulis
1605 1524 1708 1556 vestiti,
1736 1525 1777 1551 in-

145 1571 344 1607 χειρωαάμενοι
362 1572 478 1607 μεληδὸν
491 1573 658 1608 κατέκοψαν,
673 1575 870 1611 ἀπορρήξαντα
886 1578 933 1614 τὴν

987 1571 1073 1605 gressi
1101 1573 1174 1598 sunt.
1199 1569 1366 1604 lmperatore
1385 1571 1413 1598 in
1438 1571 1581 1599 ecclesiam
1605 1571 1777 1605 adveniente,

147 1617 255 1644 ἀνόσιον
276 1618 359 1644 αὑτοῦ
384 1618 472 1654 ψυχὴν
489 1620 518 1646 ἐν
544 1619 584 1654 τῷ
599 1620 734 1655 παλατίῳ,
750 1623 779 1648 ὲν
849 1624 936 1656 οὐδεὶς

145 1662 200 1690 τῶν
222 1662 273 1697 πρὸ
298 1663 382 1690 αὑτοῦ
401 1663 637 1698 βεϐασιλευκότων
657 1666 788 1701 ἀνῄρητο.
813 1669 885 1704 Αὺτῇ
907 1669 936 1696 δὲ

147 1710 180 1744 τῇ
198 1709 259 1744 ὥρᾳ
274 1709 304 1735 ἐν
317 1711 350 1745 τῇ
374 1710 469 1746 εἱρκτῇ
486 1711 652 1743 ἀπελθόντες
677 1712 805 1746 ἐξάγουσι
821 1715 866 1741 τὸν
883 1716 936 1741 Μι-

147 1753 227 1789 χαὴλ,
244 1754 291 1780 καὶ
308 1755 465 1788 εἰσάγουσιν
487 1755 515 1781 ἐν
538 1756 570 1790 τῇ
587 1755 669 1791 ἐορτῇ
691 1757 752 1783 ἀντὶ
767 1758 935 1794 δεσμοφόρου

148 1799 330 1834 στεφηφόρον,
341 1799 379 1831 ὡς
391 1800 566 1836 πληρωθῆναι
578 1801 622 1828 ἐπ’
633 1801 716 1828 αὐτοῦ
729 1802 759 1829 τὸ
769 1803 815 1830 τοῦ
827 1804 935 1838 ψαλμοῦ

148 1845 256 1879 λόγιον·
289 1846 324 1873 Τύ
357 1846 490 1880 ἑσπέρας
516 1847 735 1880 αὐλισοήσεται
765 1850 934 1884 κλαυθμός,

148 1892 198 1919 καὶ
213 1893 259 1925 εις
283 1893 315 1919 τὸ
329 1893 404 1926 πρωῒ
422 1893 614 1927 ἀγαλλίασις.
633 1895 710 1921 Μετὰ
724 1895 753 1921 δὲ
773 1895 858 1922 ταῦτα
885 1898 934 1932 ρα-

148 1937 218 1969 κίοις
230 1938 350 1965 εὐτελέσι
366 1938 558 1973 περιϐαλόντες
575 1939 605 1966 τὸ
618 1939 665 1966 τοῦ
683 1940 830 1976 ἀλητηρίου
845 1941 936 1976 σῶμα,

149 1983 189 2015 εἰς
208 1984 323 2011 ἀκάτιον
345 1984 510 2019 ὲμσαλόντες
530 1985 564 2011 τὰ.
586 1987 736 2022 παμμίαρα
765 1987 846 2013 αὑτοῦ
868 1987 936 2024 μέλη

149 2030 222 2057 κατὰ
243 2031 294 2066 τὴν
317 2030 490 2066 καλουμένην
510 2031 625 2067 Πρώτην
650 2032 733 2067 νῆσον
761 2033 936 2068 ἐκφέρουσιν,

149 2074 215 2102 ἔνθα
229 2077 277 2103 καὶ
289 2077 352 2108 τοὺς
368 2076 465 2108 παῖδας
481 2077 677 2113 ἁποκείραντες
695 2079 810 2113 μονάσαι
822 2081 938 2116 πεποιή-

150 2129 241 2149 κασιν.

467 2268 618 2297 ΜΙΧΑΗΛ.

186 2311 295 2347 Μιχαὴλ
319 2312 333 2337 ὁ
359 2312 523 2348 Ἀμοῤῥαῖος
542 2313 722 2350 [Ἀμωραῖος]
736 2313 774 2350 (⁸2)
792 2314 936 2342 ἐϐασίλευ-

152 2365 198 2383 σεν
209 2357 256 2393 ἔτη
270 2360 305 2393 η’,
324 2358 410 2393 μῆνας
421 2359 510 2385 ἐννέα.
529 2359 577 2390 Ὃς
593 2360 691 2395 μικρόν
708 2369 734 2387 τι
748 2360 798 2395 τῆς
810 2369 935 2395 προκατ-

151 2403 268 2439 εχούσης
284 2404 367 2430 αὑτὸν
383 2404 484 2436 κακίας
514 2405 645 2437 ὑπενδοὺς
658 2405 707 2440 (ὅ),
737 2407 800 2432 ὅσον
821 2407 884 2438 τοὺς
909 2407 938 2432 ὲν

188 2475 197 2491 ¹
214 2475 287 2504 Psal.
305 2483 379 2510 xxrx,
396 2476 424 2503 6.

989 1615 1146 1649 exisiliunt;
1171 1623 1289 1651 eumque
1309 1616 1538 1652 comprehensum
1565 1617 1736 1645 membratim
1753 1623 1779 1645 ιιι

990 1661 1016 1689 in
1042 1661 1128 1689 frusta
1148 1666 1253 1695 secant,
1276 1663 1466 1697 projicienlem
1482 1663 1643 1698 sacrilegam
1659 1664 1777 1691 animam

990 1706 1017 1733 in
1048 1706 1150 1741 palatio
1184 1707 1212 1734 in
1242 1714 1297 1742 quo
1325 1708 1555 1742 praedecessorum
1585 1708 1777 1742 imperatorum

990 1752 1080 1779 nullus
1105 1753 1213 1780 occisus
1236 1751 1325 1780 fuerat
1340 1754 1426 1787 prius.
1442 1752 1576 1780 Caeterum
1602 1753 1696 1780 eadem
1712 1753 1778 1779 hora

991 1799 1024 1826 ad
1050 1806 1188 1826 carcerem
1212 1799 1350 1827 irruentes
1369 1798 1526 1827 Micltaelem
1542 1799 1672 1832 educunt,
1695 1804 1722 1826 et
1744 1799 1778 1826 ad

989 1843 1173 1871 celebritatem
1199 1843 1344 1877 inducunt,
1363 1849 1390 1872 et
1412 1852 1461 1879 pro
1480 1845 1658 1879 compedibus
1685 1845 1780 1872 devin-

988 1895 1032 1917 cto
1061 1889 1140 1917 uenia
1162 1890 1297 1925 imperiali
1324 1890 1443 1917 cinctum
1476 1890 1634 1918 declarant:
1658 1891 1726 1918 adeo
1750 1895 1780 1918 ut

990 1936 1016 1962 in
1036 1943 1069 1963 eo
1086 1935 1150 1962 illud
1165 1935 1260 1970 psalmi
1282 1935 1384 1963 dictum
1404 1935 1578 1970 impleretur:
1595 1936 1635 1962 Ad
1646 1944 1780 1970 vesperam

990 1980 1198 2007 commorabitur
1225 1981 1313 2014 ﬂetus,
1340 1984 1365 2007 et
1384 1980 1418 2006 ad
1443 1980 1603 2006 matutinum
1633 1979 1728 2008 (milia
1758 1980 1778 2006 ’ᾳ

992 2025 1055 2054 Post
1079 2026 1137 2053 haec
1170 2025 1287 2053 exitialis
1323 2025 1397 2053 illius
1433 2026 1549 2053 cadaver
1588 2026 1688 2055 vilibus
1714 2034 1780 2060 pan.-

993 2072 1035 2099 nis
1067 2071 1220 2099 involutum
1251 2071 1324 2099 lintri
1351 2072 1525 2108 impositum,
1560 2072 1781 2114 exsecraupaque

993 2119 1068 2146 illius
1099 2119 1223 2146 membra
1253 2118 1286 2145 ad
1313 2118 1430 2146 insulam
1459 2117 1558 2146 Proteu
1587 2118 1688 2146 dictam
1717 2118 1781 2145 ell‘e-

993 2169 1075 2192 runt:
1094 2165 1139 2193 ubi
1154 2165 1225 2193 ﬁlios
1246 2165 1305 2200 ejus
1321 2165 1474 2198 tondentes,
1503 2165 1684 2193 monasticuru
1706 2164 1781 2195 babi:

994 2215 1051 2239 tum
1067 2211 1204 2246 suscipere
1220 2215 1375 2247 coegerunt.

1302 2267 1482 2295 MICIIAEL.

1029 2313 1112 2350 448
1128 2313 1241 2341 Michael
1262 2313 1405 2341 Amoraaus
1422 2313 1502 2340 annis
1515 2316 1577 2340 octo
1593 2319 1620 2341 et
1641 2313 1782 2340 mensibus

995 2368 1091 2388 novem
1107 2358 1259 2393 imperavit.
1274 2357 1323 2384 Hic
1339 2357 1463 2384 nonnihil
1482 2358 1516 2385 de
1524 2358 1639 2390 malitia,
1654 2365 1715 2392 quae
1725 2358 1783 2385 ani-

995 2414 1066 2434 mam
1076 2405 1135 2440 ejus
1143 2404 1247 2439 pridem
1258 2408 1415 2438 occuparat,
1425 2403 1577 2438 remittens,
1595 2409 1728 2440 quantum
1737 2404 1788 2432 vix

739 2520 863 2549 FRANC.
878 2521 1070 2550 COMBEFlSll
1088 2521 1203 2550 ΝΟΤΛΕ.

188 2580 227 2615 (Ξ)
246 2579 306 2607 Non
325 2585 414 2615 placet
435 2589 465 2608 ea
491 2588 541 2607 vox
553 2600 560 2612 ,
589 2588 638 2607 nec
654 2581 725 2612 (μιοᾶ
755 2580 940 2608 emendatum.

154 2615 250 2643 Melius
271 2616 444 2642 coutinuator
467 2615 527 2642 Vat.
545 2620 598 2642 etc.
614 2617 628 2642 ὁ
647 2616 675 2649 ἐξ
702 2615 843 2650 ’Λμορίου,
862 2616 942 2641 Αυιο-

154 2652 194 2677 rio
210 2650 349 2689 oriundus,
359 2651 539 2689 Arnor-igneis.
555 2650 632 2689 ond
648 2651 738 2678 statim
764 2651 887 2689 sequitur
906 2651 940 2677 de

155 2686 272 2712 remissa
298 2687 431 2720 tantisper
459 2686 590 2713 Mieltaelé
616 2686 778 2720 imperatore
794 2686 938 2712 excitataa

153 2720 246 2748 Leone
261 2719 461 2755 persecutione,
477 2728 584 2755 egregie
602 2719 723 2755 lguatius
734 2721 761 2747 in
775 2719 834 2747 Vita
851 2720 879 2747 S.
890 2720 937 2747 Ni-

155 2755 267 2789 cephori
276 2757 397 2790 exponit.
407 2757 452 2790 qui
467 2760 493 2783 et
506 2759 637 2782 navatam
645 2757 704 2783 viro
719 2761 814 2783 sancto
825 2763 935 2788 operam

155 2798 184 2817 ut
200 2790 357 2818 Micliaelem
369 2791 497 2818 Ecclesia:
511 2790 659 2823 addiceret,
669 2791 782 2826 pulchre
792 2790 937 2822 describit;

155 2827 319 2853 deterrendo
338 2827 468 2853 nimirum
496 2826 530 2853 ab
555 2826 651 2854 haeresi
670 2826 823 2853 decessoris
842 2833 940 2852 exem-

156 2861 211 2895 plo,
233 2861 281 2896 qui
295 2860 331 2888 ita
361 2862 461 2888 misere
479 2861 504 2888 in
539 2862 639 2895 templo
667 2861 749 2888 vitam
775 2860 940 2896 abrupissot.

158 2895 305 2927 Qttmitam
322 2897 384 2923 item
395 2896 516 2923 Michaeli
527 2895 696 2931 ἀδιαφορὶιν,
707 2900 732 2922 et
746 2895 854 2930 utquod
864 2896 941 2922 vellet

993 2581 1110 2615 quisque
1126 2585 1289 2612 sectaretur.
1312 2588 1361 2608 nec
1386 2581 1428 2608 alii
1452 2581 1514 2608 aliis
1537 2580 1752 2615 obloquerentur
1771 2587 1780 2612 ;

991 2614 1078 2649 eaque
1096 2616 1195 2643 silentii
1213 2616 1370 2643 conditione
1383 2615 1553 2650 Nieephorus
1567 2614 1656 2642 sedem
1680 2614 1783 2650 recipe:

992 2655 1041 2683 ret;
1066 2659 1158 2677 verum
1168 2652 1225 2678 haec
1242 2652 1374 2685 tantisper
1385 2649 1579 2685 exspectanda,
1602 2655 1631 2677 ut
1643 2653 1670 2676 ct
1686 2649 1782 2685 lauda-

991 2690 1034 2713 tus
1051 2687 1236 2719 contiuuator,
1257 2687 1303 2721 qui
1321 2683 1379 2722 ipse
1392 2683 1566 2721 prosequitur
1584 2693 1644 2720 qua:
1657 2684 1712 2711 Leo
1726 2683 1780 2712 vel-

990 2727 1019 2748 Ut
1035 2722 1123 2748 solum
1139 2729 1188 2749 acu
1206 2725 1292 2749 notat.

1025 2757 1062 2790 (5)
1083 2756 1152 2783 Male
1165 2756 1329 2784 exscribenti
1356 2756 1461 2791 adjecta
1485 2764 1537 2783 vox
1555 2756 1647 2786 αὐτόν,
1672 2762 1705 2781 ex
1727 2761 1783 2788 qua

993 2791 1061 2818 nihil
1075 2792 1219 2819 commode
1229 2792 1376 2819 redditum.
1395 2792 1532 2826 Tantisper
1544 2792 1678 2818 remitlem
1699 2797 1779 2816 vexa.—

995 2827 1091 2853 tionem
1122 2835 1180 2861 quw
1212 2827 1259 2853 sub
1288 2828 1422 2854 decessore
1456 2827 1625 2858 obtinuerat;
1651 2830 1782 2861 quantum

996 2862 1095 2888 scilicet
1111 2866 1152 2888 sat
1169 2866 1236 2895 erat,
1253 2867 1280 2889 ut
1297 2862 1342 2897 qui
1360 2863 1387 2888 iu
1401 2861 1554 2897 ergastulis,
1571 2866 1623 2889 etc.
