2011 3155
70 356 88 366 φ

120 157 188 190 1019

772 161 820 192 CH
824 162 1056 194 RONOGRAPH
1061 164 1072 193 Ι
1077 165 1108 193 Α.

1675 167 1745 200 1050

117 217 147 243 τὸ
173 215 235 247 εθος
256 215 296 247 εἰς
312 215 466 251 Βλαχάρνας
484 215 658 247 ἀπελθόντος,
679 217 821 252 προλαϐὼν
838 218 903 254 ἔστη
919 244 922 249 ,

974 220 1070 247 ddixit.
1088 222 1282 256 Imperatorem
1298 222 1396 249 deinde
1422 223 1454 250 ad
1470 222 1633 251 Blachernas
1651 225 1745 260 profe-

118 261 273 297 ἔμπροσθεν
288 261 335 288 τοῦ
350 261 543 298 θυσιαστηρίου
558 264 571 289 ὁ
588 263 804 299 ὰρχιεπίσκοπος
828 266 904 300 ἱερα-

118 309 197 343 τικὴν
222 307 318 344 στολὴν
338 309 538 343 ἠμφιεσμένος,
568 310 615 336 καὶ
644 309 691 336 τοῦ
719 310 851 344 βασιλέως
873 313 906 346 τῇ

119 354 209 389 σωλὲᾳ
226 354 428 389 πλησιάσαντος
442 353 500 389 ἅμα.
511 354 566 380 τῶν
581 355 630 389 τῆς
648 356 813 391 συγκλήτου,
828 358 903 392 φωνῇ
931 360 935 364 ’

120 401 228 436 μεγάλῃ
251 400 392 435 ἐφώνησεν
419 401 433 427 ὁ
457 401 690 436 ἁρχιεπίσκοπος·
709 402 830 428 Ἔντεινε
859 402 909 428 καὶ

103 447 106 450 ⁴
119 446 275 479 κατευοδοῦ,
289 446 337 473 καὶ
352 446 487 481 βασίλευε.
505 447 620 474 Ἕνεκεν
633 448 706 480 τινος
716 469 723 481 ,
739 446 761 475 ὦ
778 448 907 483 βασιλεῦς

120 493 264 524 Δίδεσθεὶς
295 490 342 519 οὖν
372 493 386 518 ὁ
414 492 541 527 βασιλεὺς
557 495 590 528 τῇ
607 494 752 529 συγκλήτῳ
768 494 809 529 (9)
834 494 886 529 ἔφη
901 503 909 511 ι

121 539 234 565 Ἕνεκεν
249 538 379 573 ἀληθείας
396 538 444 564 καὶ
468 539 622 573 πραότητος
648 540 696 566 καὶ
722 540 909 574 δικαιοσύνης.

125 585 154 610 Ὀ
167 584 204 610 δέ·
222 584 277 610 Καὶ
292 584 357 610 ποία
379 584 538 620 δικαιοσύνη
554 585 582 610 ὲν
599 585 657 618 σοί;
674 586 715 612 ὅτι
732 585 794 617 δοὺς
815 585 912 612 ὲνυπό-

119 638 226 665 γραφον
242 629 322 664 λόγον
344 629 453 664 ’Δλεξίῳ
465 630 498 656 δι’
511 630 577 665 ἐμοῦ
590 631 640 656 οὐκ
654 630 790 664 ὲφύλαξας
806 630 910 657 τοῦτον.

126 679 156 704 '0
182 677 212 704 δὲ
236 677 374 713 βασιλεὺς,
390 677 428 709 ὡς
445 677 599 712 ἐλεγχθεὶς,
625 678 705 714 θυμῷ
727 687 757 705 τε
772 679 820 705 καὶ
842 678 910 713 ὀργῇ

120 723 303 758 ἀκατασχὲτῳ
334 723 477 757 κινηθεὶς,
507 722 603 750 τοῦτον
638 723 686 750 τοῦ
714 723 911 758 θυσιαστηρίου

123 769 219 804 βιαίως
236 769 383 803 ἐξήγαγεν,
398 769 446 795 καὶ
462 769 569 804 πληγὰς
587 769 662 804 αὐτῷ
674 770 704 795 οὐ
720 770 833 805 μετρίας
853 771 913 796 ἑπι-

128 817 196 849 θεὶς,
209 815 340 852 ἐξώρισεν
351 824 358 830 ·
370 816 401 842 οὐ
412 815 457 842 διὰ
468 816 498 842 τὸ
515 816 678 851 ἐλεγχθῆναι
689 817 741 843 ὑπὸ
752 817 847 843 τούτου
862 816 911 852 μό-

122 870 178 895 νον,
188 862 258 888 ἀλλὰ
270 862 315 888 διὶι
325 861 355 888 τὺ
370 862 540 897 καταμαθεῖν
550 863 631 889 αὐτὸν
643 863 693 894 τὰς
708 863 790 897 ἁγίας
804 863 912 894 εἰκόνας

122 908 217 943 τιμᾷν,
235 908 282 934 καὶ
300 908 440 940 σέϐεσθαι,
454 909 500 935 καὶ
514 908 563 944 τὴν
575 908 657 935 αὐτοῦ
672 909 834 935 δυσσέϐειαν
845 917 913 944 κρυ·
929 897 951 926 Β

123 954 211 988 φαίως
225 954 392 982 διαϐάλλειν.
420 955 488 982 Μετ’
517 955 547 981 οὐ
573 955 641 982 πολῦ
657 955 685 981 δὲ
706 956 734 981 ὲν
750 957 783 990 τῇ
798 955 914 991 Μεγάλῃ

129 1000 280 1035 Ἐκκλησία
297 1001 532 1036 παραγενομένου,
541 1001 588 1027 καὶ
596 1001 643 1026 τοῦ
653 1001 825 1036 πατριάρχου
833 1001 914 1027 αὑτὸν

124 1047 308 1079 ὀνειδίσαντος
324 1047 368 1074 διὰ
382 1047 427 1073 τὸν
441 1047 602 1079 ἐπίσκοπον,
621 1047 725 1081 ἢγαγεν
741 1045 820 1078 αὖθις
834 1047 915 1073 αὐτὸν

126 1094 195 1129 μετὰ
209 1094 412 1129 παρακλήσεως
426 1093 481 1128 (10)
494 1101 500 1107 ·
519 1093 566 1119 τοῦ
588 1093 617 1119 δὲ
638 1093 748 1125 ἀνάξιον
765 1092 846 1119 αὑτὸν
865 1092 916 1127 τῆς

126 1139 280 1175 ἱερωσύνης
296 1140 437 1175 κρίναντος
451 1139 484 1165 δι’
498 1139 516 1165 ὃ.
534 1138 679 1171 πέπονθεν,
696 1139 710 1164 ὁ
730 1138 861 1173 βασιλεὺς
876 1137 917 1164 οἰ-

125 1187 242 1220 κονόμον
257 1185 308 1220 τῆς
333 1185 463 1220 Μεγάλης
488 1184 653 1220 Ἐκκλησίας
681 1184 844 1219 πεποίηκεν,
867 1183 916 1209 καὶ

126 1231 173 1257 τὴν
192 1230 312 1263 Ἀλέξιον
340 1230 387 1256 τοῦ
413 1229 601 1264 δεσμωτηρίου
624 1229 774 1264 πεποίηκεν
798 1227 918 1260 ἐξελθεῖν

125 1275 305 1308 ἀποδεδωκὼς
320 1275 395 1311 αὐτῷ
410 1276 499 1302 πᾶσαν
514 1275 597 1302 αὑτοῦ
610 1275 659 1308 τὴν
674 1274 835 1307 ὑπόστασιν,
849 1275 919 1309 ἔχων

127 1323 208 1349 αὐτὸν
221 1323 249 1348 ὲν
262 1323 342 1357 τιμῇ.

160 1366 214 1395 Ἦν
230 1368 256 1394 δὲ
266 1368 395 1404 Μαιονὴλ
417 1358 634 1403 ὀνομαστότατος
655 1368 828 1404 στρατιώτης
845 1368 913 1395 πάν-

127 1422 182 1440 των
203 1413 256 1440 τῶν
282 1415 310 1449 ὲν
335 1415 369 1449 τῇ
388 1413 519 1449 Ἀνατολῇ
541 1413 704 1448 τιμωμένων
722 1414 799 1449 παρὰ
811 1414 858 1440 τοῦ
874 1414 921 1449 βαι

128 1460 236 1492 σιλέως.
266 1457 353 1492 Οὗτος
378 1459 493 1495 Μύρωνι
515 1459 663 1494 συμϐαλὼν
682 1460 778 1493 λόγους
791 1459 867 1491 τινὰς
881 1460 922 1486 λο-

129 1506 231 1542 γοθέτῃ
247 1515 276 1533 τε
290 1506 346 1532 ὄντι
362 1505 409 1532 τοῦ
425 1505 526 1541 δρόμου
535 1506 582 1532 καὶ
597 1505 721 1540 πενθερῷ
733 1506 780 1532 τοῦ
792 1506 922 1541 Πετρωνᾶ

959 273 1032 294 ctum
1063 267 1230 301 praeveniens
1244 268 1465 303 archiepiscopus
1480 270 1640 297 sacerdotali
1672 274 1748 297 veste

959 313 1071 340 indutus
1096 314 1172 340 stetit
1195 321 1286 341 coram
1303 314 1404 342 altari:
1420 320 1444 342 ct
1476 315 1634 350 imperatori
1648 315 1681 342 ad
1704 323 1750 343 su-

959 360 1029 388 leam
1047 361 1102 395 jam
1117 361 1256 388 accedenti
1267 366 1294 388 et
1314 361 1405 394 vicino
1426 369 1479 388 una
1507 369 1567 388 cum
1579 361 1646 388 viris
1669 369 1750 388 sena-

961 407 1021 434 torii
1035 408 1150 440 ordinis,
1167 407 1237 434 elata
1252 415 1319 435 voce
1327 408 1548 442 archiepiscopus
1558 409 1722 434 exclamavit
1742 417 1748 435 :

960 451 1082 484 Intende,
1100 459 1231 486 prospere
1245 452 1373 486 procede,
1386 457 1413 479 et
1435 459 1527 488 regna.
1541 451 1628 487 Cujus
1650 453 1750 488 gratia,

961 506 976 525 ο
992 498 1162 533 imperator?
1177 497 1344 526 Verecundia
1360 499 1482 527 suffusus
1505 499 1655 534 imperator
1670 507 1751 526 sena-

962 546 1000 574 tui
1017 547 1085 573 dixit
1099 555 1105 573 :
1122 545 1261 578 Veritatis,
1283 547 1502 574 mansuetudinis
1514 551 1541 574 et
1555 547 1671 581 iustitia:
1691 553 1753 581 gra—

961 592 1009 618 tia.
1031 591 1100 618 Tum
1115 591 1159 618 ille
1179 601 1186 618 :
1203 591 1333 624 Quaenam
1351 591 1458 626 justitia
1487 596 1532 618 tua
1555 596 1607 626 est,
1628 592 1675 627 qui
1692 600 1754 619 ver.

964 637 1027 664 bum
1046 637 1248 672 subscriptione
1269 642 1315 664 tua
1341 638 1495 669 firmatum,
1513 638 1609 665 Alexio
1639 647 1688 674 per
1709 647 1754 666 me

964 684 1074 716 misisti,
1095 691 1144 711 nec
1156 689 1246 711 tamen
1267 683 1441 711 observasti?
1456 684 1615 719 Imperator.
1637 685 1676 712 ira
1697 693 1755 712 mo-

963 729 1027 756 dum
1043 729 1180 756 nesciente
1194 734 1360 762 commotus,
1373 730 1507 757 violenter
1532 730 1605 757 hunc
1621 730 1754 758 altaribus

964 775 1093 809 abripuit,
1111 775 1325 809 verberibusque
1344 783 1397 802 non
1427 776 1522 810 paucis
1537 776 1710 811 vapulantem
1727 777 1753 803 in

965 819 1090 846 exsiliunt
1107 819 1220 853 expulit,
1239 827 1292 846 non
1318 820 1407 846 solum
1427 821 1489 855 quia
1513 827 1656 856 correptus
1683 827 1756 849 esset

967 866 1000 892 ab
1020 866 1076 898 illo,
1095 866 1142 893 sed
1169 866 1234 900 quia
1249 866 1391 893 didicisset
1408 874 1469 894 eum
1500 875 1594 895 sacras
1622 868 1755 902 imagines

967 911 1088 938 venerari
1106 916 1132 938 et
1156 911 1255 944 colere,
1270 914 1297 938 et
1313 911 1452 946 propriam
1480 912 1646 946 impietatem
1667 913 1700 940 ab
1723 921 1756 940 eo

965 958 1033 985 clam
1062 957 1251 984 condemnari.
1272 956 1331 984 Non
1357 958 1444 984 multo
1476 964 1536 992 post
1566 959 1598 985 ad
1629 958 1755 993 Magnam
1791 989 1794 991 λ

966 1003 1110 1031 ecclesiam
1137 1003 1277 1030 accedenti
1304 1002 1466 1030 intentatum
1483 1004 1589 1032 facinus
1606 1005 1631 1031 in
1649 1006 1756 1040 cpisco-

966 1057 1031 1084 pum
1058 1048 1212 1083 patriarcha
1235 1048 1429 1082 exprobrante.
1451 1048 1495 1076 ilic
1516 1057 1627 1083 precum
1654 1050 1757 1077 instan-

941 1117 943 1119 .
968 1096 1032 1123 tiam
1045 1095 1179 1121 reveritus
1198 1094 1293 1121 exsilio
1310 1095 1448 1122 revacavit
1462 1104 1468 1122 :
1486 1103 1518 1123 eo
1529 1103 1592 1122 vero
1608 1096 1760 1124 sacerdotio

968 1140 1110 1174 indignum
1124 1139 1315 1173 sejndieante,
1329 1144 1440 1174 propter
1453 1147 1483 1167 ea
1502 1148 1563 1175 qua:
1587 1149 1684 1176 passus
1706 1146 1759 1174 est.

969 1185 1118 1220 imperator
1149 1192 1324 1212 oeconomum
1352 1184 1456 1218 Magna:
1483 1186 1604 1213 ecclesia:
1631 1187 1760 1219 instituit,

968 1236 995 1258 et
1009 1232 1134 1258 Alexium
1151 1230 1291 1265 ergastulo
1304 1231 1414 1258 liberari
1430 1231 1540 1266 jussnm
1565 1240 1660 1260 rursus
1681 1240 1760 1260 exce-

968 1277 1018 1312 pit,
1036 1276 1266 1311 facultatibusque
1293 1276 1428 1304 restitutis
1449 1277 1588 1310 omnibus,
1605 1278 1632 1304 in
1659 1278 1761 1306 honore

971 1323 1078 1351 habuit.

1006 1369 1071 1396 Erat
1083 1374 1172 1397 autem
1185 1369 1294 1396 Manuel
1307 1369 1385 1396 miles
1394 1369 1530 1401 omnium,
1547 1370 1592 1402 qui
1606 1371 1633 1396 in
1651 1369 1762 1397 Oriente

972 1417 1005 1443 ab
1020 1417 1184 1451 imperatore.
1200 1416 1227 1442 in
1251 1416 1338 1450 pretio
1369 1416 1541 1443 habebantur
1571 1416 1761 1443 nominatissi-

972 1469 1044 1489 mus.
1073 1461 1132 1496 Ipse
1148 1461 1295 1496 aliquando
1310 1469 1373 1488 cum
1392 1462 1517 1496 Myrone,
1540 1468 1640 1488 cursus
1658 1460 1764 1496 publici

973 1507 1109 1542 logotheta
1124 1511 1151 1533 et
1166 1506 1290 1533 Petronze
1300 1513 1407 1538 socero,
1421 1506 1584 1538 collocutus,
1602 1505 1689 1540 ipsius
1707 1505 1761 1542 My-

130 1553 262 1588 διεὸλήθη
276 1552 314 1588 τῷ
324 1552 430 1587 βασιλεί
439 1551 558 1586 ὑποὸολῇ
574 1551 621 1578 τοῦ
644 1551 788 1587 Μύρωνος,
818 1552 856 1581 ὡς
871 1552 921 1585 τῆς

976 1553 1051 1580 ronis
1075 1551 1251 1587 suggestione
1277 1551 1348 1586 apud
1378 1551 1572 1586 imperatorem
1597 1551 1762 1578 calumniam

131 1598 273 1633 βασιλείας
285 1597 424 1632 ὀρέγεται,
444 1597 491 1623 καὶ
506 1596 654 1631 ὲμελετᾶτο
675 1595 769 1627 δεινῶς
793 1595 854 1622 κατ’
875 1595 924 1622 αὐ-

132 1645 192 1672 τοῦ.
215 1644 291 1671 Λέων
320 1643 348 1670 δὲ
370 1644 384 1670 ὁ
410 1642 660 1679 πρωτοὸεστιάριος
688 1642 758 1676 ὑπὲρ
794 1641 925 1677 Μανουὴλ

135 1691 351 1726 προῑστάμενος,
370 1690 417 1716 καὶ
431 1688 582 1724 φροντίζων
598 1687 785 1714 διεὸεὗαιοῦτο
797 1687 835 1723 τῷ
849 1687 924 1722 βασι-

132 1737 184 1770 λεῖ,
195 1737 233 1768 ὡς
243 1737 328 1772 ψευδῆ
347 1737 401 1763 είσι
416 1736 450 1762 τὰ
462 1736 522 1762 κατ’
536 1735 621 1761 αὑτοῦ
641 1735 788 1770 λεγόμενα,
806 1734 824 1761 ἃ
833 1733 926 1769 μαθὼν

135 1782 276 1817 Μανουὴλ,
292 1782 340 1809 καὶ
353 1781 402 1816 τὴν
417 1781 501 1816 ὀργῆν
516 1780 563 1806 τοῦ
583 1779 725 1816 βασιλέως,
737 1779 784 1805 καὶ
799 1779 849 1811 τὰς
864 1779 925 1805 δ.α-

134 1830 217 1861 ϐολὰς
234 1829 382 1859 ἐκκλίνων,
398 1828 486 1862 λάθρα
501 1829 552 1862 τῆς
568 1828 672 1858 πόλεως
694 1826 813 1858 ἐξελθὼν
844 1825 928 1860 μέχρι

134 1874 240 1906 πυλῶν,
253 1874 367 1904 καὶτοῖς
379 1871 520 1907 δημοσίοις
532 1872 669 1906 ὀχήμασιν
684 1870 793 1903 ἐπιϐὰς,
804 1870 928 1904 ἀπῆλθεν

136 1920 226 1956 φυγὰς
247 1919 390 1955 μέχριτῶν
404 1918 571 1953 κλεισουρῶν
586 1918 698 1953 Συρίας,
711 1918 759 1948 τὰς
768 1917 822 1944 τῶν
834 1917 927 1943 ἵππων

138 1967 235 2001 ἰγνύας
264 1966 407 1992 ἐκκόπτων
424 1972 431 1979 ·
474 1964 593 1999 ἐδήλωσέ
621 1971 650 1990 τε
675 1964 732 1994 τοῖς
769 1962 930 1997 Ἀγαρηνοῖς

137 2012 244 2039 ταῦτα·
271 2011 325 2037 Τοῦ
346 2009 479 2046 βασιλέως
497 2009 580 2044 ὀργὴν
611 2008 750 2043 ἐκφεύγω,
776 2008 824 2034 καὶ
841 2008 865 2033 εί
893 2007 930 2043 μὴ

138 2057 370 2091 καταναγκάσετε
398 2056 449 2090 τὴν
480 2055 600 2090 ἐμαυτοῦ
627 2055 719 2081 πίστιν
747 2054 930 2086 καταλιπεῖν,

139 2105 311 2142 προσφεύγω
327 2104 402 2139 ύμῖν.
421 2103 453 2130 Εἰ
468 2102 515 2130 οὖν
525 2102 598 2129 οὕτω
613 2101 796 2137 προσδέχεσθέ
824 2109 869 2136 με,
884 2101 931 2127 λό-

139 2161 187 2186 γον
198 2151 334 2182 ἀπαθείας
353 2159 398 2186 μοι
414 2149 608 2176 ἀποστείλατε.
622 2149 654 2175 Ol
669 2149 697 2175 δὲ
716 2148 797 2175 τοῦτο
810 2148 933 2183 μεγάλην

140 2199 222 2235 χάριν
241 2197 395 2232 δεξάμενοι,
409 2196 489 2230 λόγον
498 2195 718 2227 ἀποστείλαντες,
735 2194 932 2230 προσεδέξαντο

975 1605 1073 1633 passus
1086 1600 1137 1630 est,
1152 1597 1226 1623 velut
1238 1595 1378 1623 aﬂ'ectarct
1399 1596 1556 1631 imperium,
1580 1601 1608 1624 et
1633 1598 1766 1624 adversus

975 1651 1037 1671 cum
1055 1643 1159 1678 aliquid
1185 1642 1372 1670 meditaretur.
1398 1643 1428 1669 In
1453 1643 1598 1670 adversum
1632 1642 1766 1671 Manuelis

975 1689 1103 1717 defensor
1123 1689 1217 1716 aderat
1241 1688 1296 1716 Leo
1322 1689 1559 1724 protovestiarius,
1588 1688 1676 1723 deque
1701 1689 1763 1724 ejus

977 1736 1065 1764 salute
1097 1735 1235 1763 sollicitus
1262 1734 1418 1769 imperatori
1444 1735 1597 1762 afﬁrmabat
1617 1734 1685 1761 falsa
1707 1742 1767 1767 qun:

977 1782 1028 1818 ipsi
1043 1782 1239 1817 objicerentur.
1260 1781 1364 1814 Quibus
1378 1781 1523 1815 perceptis,
1548 1780 1655 1808 Manucl
1682 1780 1768 1814 impe-

977 1828 1079 1856 ratoris
1105 1828 1174 1855 iram
1201 1831 1228 1854 et
1254 1826 1404 1854 intentatas
1433 1826 1574 1854 declinans
1605 1825 1768 1856 calumnias.

978 1874 1049 1901 clam
1065 1873 1142 1901 urbis
1157 1873 1244 1908 portis
1266 1872 1397 1906 excessit,
1429 1875 1457 1899 et
1488 1872 1617 1899 curribus
1649 1870 1769 1906 publicis

979 1917 1060 1954 452
1070 1917 1240 1949 conscensis,
1251 1917 1284 1945 ad
1297 1917 1429 1945 Clusuras
1438 1925 1525 1952 usque
1538 1917 1624 1952 Syria:
1640 1916 1770 1951 fugitivus

980 1964 1065 1996 abiit;
1081 1963 1127 1990 ubi
1146 1963 1246 1990 excisis
1259 1970 1394 1997 equorum
1412 1963 1559 1998 poplitibus
1569 1983 1577 1996 ,
1592 1963 1651 1990 haec
1664 1963 1766 1998 Agareo

981 2010 1024 2036 nis
1040 2009 1224 2036 manifestavit
1241 2017 1248 2036 :
1275 2008 1346 2036 lram
1370 2009 1542 2043 imperatoris
1560 2009 1668 2036 declina
1683 2017 1689 2035 ε
1703 2012 1730 2035 et
1745 2007 1770 2035 si

983 2063 1038 2083 non
1054 2055 1201 2090 coegeritis
1214 2062 1302 2081 meam
1320 2062 1363 2082 me
1379 2054 1506 2082 deserere
1519 2054 1610 2085 fidem,
1629 2054 1657 2080 in
1676 2057 1767 2087 partes

982 2106 1088 2128 vestras
1103 2105 1233 2134 transeo;
1251 2100 1274 2127 si
1287 2100 1328 2127 sic
1344 2100 1482 2135 excipitis.
1502 2099 1658 2126 securitatis
1672 2097 1772 2126 indicia

984 2147 1084 2174 mittite
1111 2146 1190 2173 mihi.
1223 2145 1276 2178 llli,
1305 2145 1401 2172 nuntio
1433 2145 1562 2177 recreati,
1591 2143 1772 2171 immunitatis

986 2193 1072 2220 misso
1087 2191 1189 2225 libello,
1210 2192 1283 2219 velut
1301 2191 1490 2219 Romanorum
1507 2191 1699 2226 imperatorem
1724 2189 1774 2216 ad-

140 2245 178 2277 ὡς
208 2243 322 2279 βασιλέα
349 2243 502 2278 Ῥωμαίων.
528 2243 558 2269 '0
582 2242 610 2268 δὲ
646 2241 773 2276 βασιλεὺς
804 2239 922 2276 Μανουὴῖ

985 2240 1096 2267 misere.
1122 2239 1271 2274 Imperator
1286 2245 1361 2272 vero,
1386 2238 1419 2265 ad
1451 2238 1594 2272 Agarenos
1621 2236 1773 2264 Manuelem

141 2292 317 2327 προσρυέντα
333 2291 390 2321 τοῖς
411 2290 572 2324 Ἀγαρηνοίς
589 2288 693 2323 μαθὼν,
707 2289 736 2314 ὲν
745 2287 830 2323 πολλῇ
842 2287 930 2322 θλίψει

141 2338 190 2364 καὶ
212 2336 319 2371 ἀγωνίᾳ.
348 2335 482 2370 γέγονεν·
514 2336 561 2362 καὶ
591 2335 688 2370 βουλὴν
714 2335 832 2360 ἐποιεῖτο
863 2334 931 2368 μετὰ

148 2383 275 2410 Ἰωάννου
303 2381 451 2416 συγκέλλου
469 2381 534 2416 περὶ
555 2381 663 2407 τούτου.
696 2380 724 2406 ’0
740 2380 767 2406 δὲ
791 2378 883 2406 εἶπεν·
899 2379 932 2406 Et

146 2430 296 2466 προθύμως
325 2429 414 2464 βούλει
436 2429 481 2455 τὸν
507 2427 637 2462 Μανουὴλ
655 2427 723 2462 πρὸς
741 2427 771 2453 σὲ
797 2427 896 2458 ἐλθεῖν,
911 2424 934 2453 ὦ

146 2476 271 2512 βασιλεῦ,
282 2475 364 2507 αὐτὸς
378 2474 434 2509 ἐγὼ
450 2473 560 2508 ἕτοιμος
578 2472 668 2499 ’τοῦτο
695 2473 793 2504 ποιεῖν,
809 2473 936 2507 χρήματα

145 2521 245 2556 λαϐὼν,
259 2521 386 2556 καὶπρὸς
407 2520 454 2547 τὸν
479 2517 642 2555 ἀμερυμνῆν
665 2517 785 2550 σταλεὶς,
802 2517 840 2548 ὼς
854 2517 936 2551 δῆθεν

985 2286 1117 2314 defecisse
1134 2285 1256 2317 audiens,
1273 2285 1358 2311 multo
1375 2291 1493 2311 mcerore
1505 2288 1532 2310 et
1547 2282 1632 2309 animi
1647 2282 1775 2317 angustia

986 2336 1127 2367 correptus
1142 2335 1193 2362 est,
1208 2335 1235 2357 et
1247 2338 1309 2356 cum
1321 2329 1425 2356 Joanne
1459 2329 1579 2364 syneello
1590 2328 1623 2355 de
1635 2328 1689 2355 hoc
1703 2335 1772 2354 con-

987 2380 1141 2407 siliabatur.
1157 2377 1204 2404 llle
1220 2383 1285 2402 vero
1300 2375 1388 2402 dixit:
1405 2374 1432 2401 Si
1447 2381 1480 2401 ex
1495 2374 1590 2400 animo
1619 2373 1772 2400 Manuelem

987 2425 1020 2453 ad
1037 2430 1063 2452 te
1076 2422 1180 2458 regredi
1194 2421 1282 2456 cupis,
1299 2420 1418 2455 acceptis
1432 2415 1567 2454 pecuniis,
1581 2419 1614 2446 ad
1632 2418 1777 2445 Amerum-

988 2479 1050 2499 nem
1065 2470 1179 2501 missus,
1195 2467 1273 2503 quasi
1289 2467 1316 2493 in
1335 2473 1445 2494 carcere
1461 2465 1584 2492 dctentos
1603 2463 1776 2496 visitaturus,

988 2517 1128 2552 negotium
1143 2515 1196 2542 hoc
1211 2513 1347 2542 conﬁcere
1361 2517 1472 2548 paratus
1486 2519 1558 2545 sum,
1571 2515 1598 2538 et
1613 2510 1647 2538 ab
1663 2509 1779 2545 imperio

725 2593 850 2622 FRANC.
863 2595 1061 2624 COMBEFISII
1080 2593 1202 2622 NOTAE.

183 2669 222 2706 (9)
235 2668 329 2706 Malim
354 2667 406 2706 τὴν
420 2665 580 2701 σύγκλητον.
599 2663 711 2692 Senatus
727 2663 870 2698 prazsentia
884 2672 936 2699 pu-

150 2702 217 2733 dore
232 2704 361 2738 suffusus,
379 2702 428 2728 ait.

184 2739 242 2776 (10)
265 2735 351 2776 illud.
378 2736 448 2776 μετὰ
473 2735 829 2776 ττῳακλὴσεῳςεοξβοηοῐιι
863 2742 933 2776 egp,

150 2770 333 2806 obsecrando;
349 2770 423 2800 velut
447 2771 553 2799 scilicet
575 2778 625 2805 pro
650 2770 933 2806 injuria_excusando,

151 2811 233 2845 cujus
245 2809 291 2837 ille
306 2804 437 2845 memoria
448 2804 694 2845 __noluerii_sede_qi
706 2804 827 2845 recipere
844 2811 877 2845 ac
891 2805 934 2845 d_i-

154 2839 302 2879 gnitatem.
332 2841 484 2879 Theophilo
518 2841 626 2868 interim
663 2839 773 2873 Maioris
790 2839 935 2879 _ecclesiaa

155 2874 300 2908 Zeconomi'
318 2874 435 2907 oﬂiciuin
469 2877 625 2911 imponente
649 2885 654 2902 :
682 2883 742 2909 quae
769 2874 857 2903 cilicia
882 2884 934 2903 non

988 2664 1104 2692 minoris
1119 2667 1198 2691 erant
1223 2661 1337 2694 Graecis,
1364 2667 1445 2697 quam
1464 2666 1571 2697 summa
1604 2657 1789 2697 ipsansaeer.’

988 2691 1062 2727 dolia
1079 2707 1111 2726 ac
1128 2691 1335 2734 episcopatusf
1350 2691 1389 2723 uii
1403 2695 1472 2734 fere.
1484 2694 1586 2722 nostris
1609 2691 1782 2734 cardinalitia

987 2736 1106 2770 dignitas
1130 2730 1366 2770 a'tqneipirrpura:
1399 2730 1562 2770 Gloriantur
1586 2730 1668 2770 _cnim_
1685 2730 1783 2770 etiam—

988 2761 1053 2797 iiii’m
1069 2761 1296 2802 clerici'lllajoris
1310 2766 1435 2794 ecclesia:
1448 2764 1567 2802 rvelut_e_t
1585 2763 1636 2802 ipsi
1653 2761 1783 2802 de_latere

990 2796 1034 2833 sui
1047 2796 1293 2841 antistitisquq'uem
1306 2802 1366 2841 ideo
1378 2801 1502 2841 proxime
1512 2796 1639 2839 aﬂ‘ectari
1654 2796 1782 2830 debeant,

991 2848 1021 2868 ac
1038 2839 1250 2874 provincialibus
1264 2838 1330 2873 ipsis
1343 2838 1479 2872 episcopis
1497 2838 1604 2869 pra-ire.
