2011 3155
294 141 364 174 1055

905 141 1043 174 LEONIS
1062 141 1306 173 GRAMMATICI

1846 144 1903 179 1056

294 198 399 226 invitus
413 198 437 225 ei
455 197 603 233 adjunctus
618 202 671 231 est,
684 202 711 225 et
725 198 769 225 vix
783 198 846 226 inde
860 203 981 234 ereptus,
995 199 1080 234 Dory-

1140 199 1285 232 ἳιασωθεὶς,
1320 199 1451 226 κάκεῖθεν
1483 199 1649 236 ὑπεστράφη
1675 200 1704 228 ὲν
1726 201 1762 235 τῷ
1784 202 1904 240 Δορυλαὶῳ

292 246 373 273 laeum
388 252 450 272 cum
466 244 569 279 pudore
582 249 609 271 et
624 244 790 272 detrimento
802 252 831 272 se
846 246 958 280 recepit.
975 246 1082 274 Manuel

293 299 359 319 vero
386 291 414 318 in
438 291 498 318 acie
519 291 690 323 vulneratus,
704 295 731 318 et
745 291 827 327 454
842 292 1004 327 aegritudine
1021 301 1082 320 cor-

242 356 246 360 -
294 342 397 373 reptus,
418 337 557 373 praeclaris
581 337 754 365 facinoribus
783 337 810 364 in
838 337 980 373 Agarenos
1001 339 1082 368 editis

293 388 421 412 mortuus
437 388 489 411 est.
503 383 611 418 Corpus
626 383 686 418 ejus
700 387 873 417 asportatum
891 384 917 411 in
944 389 1083 413 monaste-

294 431 336 457 rio
349 430 383 457 ab
397 437 429 457 eo
444 434 614 462 constructo,
632 429 675 456 cui
694 428 828 456 Manuelis
845 428 947 456 factum
968 437 1082 462 nomen,

293 476 409 511 Asparis
422 475 549 503 cisternae
574 474 676 506 vicino.
702 474 858 509 depositum
873 479 914 503 est
927 484 934 509 ;
949 480 975 503 et
988 484 1083 504 rursus

293 521 385 550 Persa:
402 521 540 549 auxiliarii
569 521 640 556 apud
672 521 865 556 imperatorem
889 523 1021 550 accusati.
1045 522 1083 551 Eo

294 572 416 602 tempore
433 567 506 594 ﬁlius
528 567 686 602 imperatori
710 575 744 594 ex
758 566 903 596 Theodora
926 574 1082 604 susceptus,

293 622 375 650 quem
390 614 498 641 vocavit
512 613 683 641 Michaelem.
711 613 874 648 Imperatori
888 622 954 641 vero
972 615 1005 641 ad
1024 614 1084 642 Bla-

294 661 411 688 cbernas
423 660 545 695 profecto
554 661 677 687 occurrit
688 668 742 687 non
755 668 847 693 nemo,
861 662 907 696 qui
917 661 954 687 ait
968 670 975 688 :
991 661 1084 696 Equus

294 706 339 734 cui
356 707 501 740 imperium
521 711 598 734 tuum
621 707 722 734 insidet
746 715 825 734 meus
841 712 893 735 est.
918 708 995 742 Equo
1018 713 1083 737 tunc

295 751 456 784 exsiliente,
472 756 500 779 et
522 751 700 786 imperatoris
728 760 813 780 manu
837 754 959 787 detento,
983 755 1083 782 stabuli

295 798 422 826 comitem
441 799 619 833 interrogavit
631 799 782 834 imperator
798 810 804 827 :
821 801 908 836 Cujus
919 806 961 830 est
971 809 1060 837 equus
1072 803 1084 829 ?

295 843 448 880 Respondit
469 853 475 872 :
495 843 600 880 Opsicii
624 853 717 873 comes
731 851 784 873 tuae
800 854 861 874 eum
879 848 1013 882 majestati
1032 849 1085 876 mi-

295 891 341 919 sit.
353 891 480 926 Cumque
496 891 596 926 Opsicii
613 898 706 919 comes
722 892 749 919 in
770 893 838 920 urbe
855 898 920 921 tunc
935 900 1038 929 ageret.
1053 903 1085 922 eo

296 939 323 965 in
343 937 496 965 crastinum
520 937 648 971 adducto,
665 946 720 965 una
736 946 798 966 cum
813 946 845 967 eo
869 940 915 974 qui
935 941 1086 974 proceden-

296 988 350 1010 tem
366 991 429 1010 eum
446 983 688 1018 [interpellaverat,
712 984 752 1011 ait
777 985 926 1019 imperator
952 994 958 1012 :
984 985 1086 1014 Verum

296 1030 437 1064 eloquere,
459 1029 539 1064 cujus
554 1033 595 1057 est
610 1030 717 1064 equus?
734 1029 781 1057 llle
805 1031 979 1066 respondens
994 1032 1064 1060 dixit
1078 1042 1084 1060 :

297 1074 374 1102 Meus
388 1078 468 1102 erat:
485 1075 649 1109 mittensque
672 1074 738 1107 dux,
764 1075 790 1102 vi
814 1082 890 1108 eum,
918 1084 1007 1111 neque
1021 1077 1086 1104 dato

296 1120 398 1156 pretio,
410 1126 500 1155 neque
516 1119 701 1147 astimatione
718 1119 802 1152 facta,
817 1121 884 1147 mihi
902 1121 1016 1155 eripuit.
1042 1122 1087 1149 ln-

297 1165 586 1201 terrogavitcomitem
600 1165 751 1200 imperator
773 1174 780 1193 :
798 1165 869 1193 Num
883 1175 928 1194 res
940 1167 977 1194 ita
992 1175 1021 1195 se
1038 1169 1087 1195 ba-

297 1212 344 1240 bet
358 1212 489 1246 edissere,
511 1217 538 1239 et
554 1218 640 1247 quare
655 1218 710 1239 non
727 1212 818 1240 soluto
834 1213 914 1247 pretii
925 1221 1010 1249 equo,
1024 1222 1087 1242 eum

298 1259 333 1287 ad
344 1265 389 1286 me
400 1258 501 1286 misisti
511 1258 523 1284 ?
534 1258 688 1293 Respondit
698 1258 742 1285 ille
753 1267 759 1285 :
772 1258 842 1291 Quia
858 1260 1014 1288 scholarius
1028 1261 1087 1289 ﬁeri

298 1304 443 1340 expetebat
456 1313 462 1331 :
477 1312 528 1340 ego
543 1312 608 1332 vero
619 1312 682 1332 num
696 1312 848 1340 generosus
860 1305 931 1333 foret
946 1306 1086 1341 ignorans,

298 1350 467 1378 numismata
487 1355 596 1378 centum
614 1351 739 1379 exhibui.
754 1350 799 1379 Ille
815 1359 878 1379 vero
894 1359 948 1380 non
969 1353 1087 1388 accepit.

298 1396 338 1424 Re
352 1397 507 1424 examinata
527 1401 554 1424 et
575 1397 663 1432 probe
678 1401 806 1432 percepta
822 1403 851 1425 ut
864 1406 914 1433 per
929 1399 983 1426 vim
1006 1399 1088 1427 nimi-

298 1449 359 1468 rum
372 1449 461 1477 equtts
478 1441 585 1470 ablatus
595 1442 703 1473 fuisset,
722 1443 871 1477 imperator
881 1443 971 1478 dignis
990 1444 1088 1472 verbe-

299 1487 376 1515 ribus
388 1488 485 1515 ducem
500 1488 658 1515 emendavit
675 1496 682 1515 :
702 1488 806 1515 homini
832 1496 897 1516 vero
917 1489 950 1516 ad
962 1497 992 1517 se
1007 1498 1088 1518 acce-

1137 246 1194 280 μετ¹
1212 245 1344 280 αἰσχύνης
1359 245 1406 271 καὶ
1426 245 1512 281 ἥττης
1525 245 1636 281 πολλῆς.
1656 246 1686 272 '0
1712 246 1740 274 δὲ
1757 248 1904 283 Μανουὴλὲν

1133 292 1173 327 τῷ
1195 292 1306 328 πολέμῳ
1333 291 1460 328 τρωθεὶς,
1477 293 1603 328 νοσήσας,
1634 292 1807 329 ἐτελεύτησεν
1822 295 1904 328 πολλᾶς

1134 338 1319 373 ἀνδραγαθίας
1348 337 1419 365 κατὰ
1445 337 1501 364 τῶν
1532 338 1695 374 Ἀγαρηνῶν
1724 340 1903 376 ἐνστησάμενος

1126 383 1349 420 ’[ὲνδειξάμενος]
1369 392 1376 398 ·
1401 385 1432 411 τὸ
1457 384 1486 410 δὲ
1517 383 1598 419 σῶμα
1626 384 1709 411 αὑτοῦ
1740 386 1903 421 ἀποκομισθὲν

1134 430 1212 465 ἐτέθη
1230 432 1258 457 ὲν
1274 431 1306 466 τῇ
1320 431 1366 457 ὑπ’
1379 430 1463 457 αὐτοῦ
1492 430 1634 468 κτισθείσῃ
1661 432 1739 466 μονῇ,
1752 433 1783 467 τῇ
1805 433 1846 459 τοῦ
1859 434 1904 460 Μα-

1134 477 1226 511 νουὴλ,
1254 476 1388 511 σύνεγγυς
1414 478 1446 512 τῇ
1474 477 1603 512 κιστὲρνῃ
1631 476 1679 504 τοῦ
1698 478 1840 512 Ἄσηρος.
1860 479 1904 506 Καὶ

1134 522 1217 553 εὐθὺς
1229 522 1354 548 διαϐολαὶ
1368 522 1437 557 πρὸς
1450 522 1496 548 τδν
1515 522 1628 556 βασιλέα
1645 523 1716 549 κατὰ
1729 523 1835 559 Περσῶν
1844 525 1898 560 (17).

1134 567 1202 594 Τότε
1222 567 1255 603 δὴ
1273 567 1378 601 γίνεται
1395 567 1435 603 τῷ
1454 567 1561 602 βασιλεῖ
1586 569 1652 599 παῖς
1678 569 1709 595 ὲκ
1726 569 1865 604 Θεοδώρας,
1881 571 1904 597 ὃν

1134 614 1316 648 ἐπωνόμασεν
1341 613 1464 648 Μιχαήλ.
1491 613 1696 648 Ἀπερχόμενος
1727 615 1902 650 δὲὸβασιλεῦς

1135 659 1164 685 ὲν
1180 658 1346 694 Βλαχέρναις
1374 659 1533 694 ὑπήντησεν
1559 659 1634 694 αὐτῷ
1650 668 1702 692 τις,
1720 661 1767 686 καὶ
1780 660 1854 694 λέγει,
1871 662 1904 688 ὅτι

1136 704 1234 735 Ἵππος
1245 700 1267 738 ᾧ
1284 705 1426 739 ἐποχεῖται
1441 703 1501 740 (18)
1519 705 1536 739 ἡ
1552 703 1678 739 βασιλεία
1696 713 1751 737 σου,
1764 705 1823 741 ἐμός
1837 707 1902 733 ἐστιν.

1136 749 1189 776 Τοῦ
1204 749 1232 776 δὲ
1252 749 1338 776 ἵππου
1366 750 1536 784 σκιρτῶντος
1551 750 1597 776 καὶ
1610 749 1660 776 τοῦ
1686 750 1816 785 βασιλέως
1829 750 1904 778 τοῦτον

1136 796 1331 831 κατασχόντος,
1343 795 1389 822 τὸν
1406 796 1514 832 κόμητα
1530 796 1648 823 σταύλου
1665 797 1836 832 ἐπηρώτησεν
1846 799 1857 824 ὁ
1867 798 1904 832 βα-

1137 842 1226 874 σιλεύς
1238 850 1246 857 υ
1262 841 1340 873 Τίνος
1355 841 1429 868 ἐστὶν
1447 841 1461 867 ὁ
1479 841 1583 874 ἴππο;;
1599 842 1630 868 'U
1639 842 1668 868 δὲ
1690 842 1758 877 ἔφη·
1781 843 1807 870 Ὀ
1832 843 1903 878 κόμης

1137 888 1184 914 τοῦ
1199 887 1324 922 Ὀψικίου
1340 887 1501 914 ἀπέστειλεν
1521 887 1603 914 αὑτὸν
1617 889 1651 923 τῇ
1669 887 1790 924 βασιλείᾲ
1803 897 1852 915 σου.
1863 889 1903 915 Τιῦ

1137 933 1165 960 δὲ
1176 934 1295 969 κόμητος
1310 934 1357 960 τοῦ
1372 933 1495 968 ὐψικίου
1508 934 1538 960 ὲν
1549 935 1582 969 τῇ
1601 934 1679 960 πόλει
1696 933 1779 966 ὄντος,
1788 935 1817 969 τῇ
1830 933 1905 969 αὔριον

1137 980 1249 1014 ἀγαγὼν
1287 979 1370 1006 αὑτὸν
1391 981 1404 1006 ὁ
1439 979 1578 1014 βασιλεὺς,
1607 980 1656 1008 καὶ
1674 980 1720 1006 τὸν
1747 979 1905 1016 προσελθόντα

1137 1026 1223 1061 αὐτῷ,
1239 1026 1290 1061 ἔφη
1309 1026 1398 1052 ’.Εἰπὲ
1409 1026 1459 1061 τὴν
1488 1027 1622 1061 ἀλήθειαν
1639 1035 1646 1042 ·
1668 1027 1742 1058 τίνος
1767 1027 1856 1052 ὲστὶνὸ
1871 1026 1905 1052 ἵπ-

1137 1081 1204 1106 πος;
1224 1073 1253 1099 Ὀ
1280 1073 1308 1099 δὲ
1331 1073 1494 1106 ἀποκριθεὶς
1527 1071 1622 1105 εἶπεν,
1653 1074 1694 1100 ὅτι
1716 1073 1791 1109 Ἐμὺς
1809 1071 1846 1108 ἦν,
1868 1073 1906 1099 καὶ

1138 1118 1304 1150 ἀποστείλας
1312 1119 1325 1145 ὁ
1335 1119 1488 1154 στρατηγὸς
1495 1118 1620 1145 ἀνείλετο
1628 1119 1709 1146 αὐτὸν
1721 1120 1748 1152 ὲξ
1761 1119 1821 1154 ἐμοῦ
1829 1119 1905 1153 βιαίως

1139 1167 1208 1201 μήτε
1223 1165 1335 1199 τίμημά
1351 1173 1397 1199 μοι
1413 1165 1484 1196 δοὺς,
1502 1166 1571 1200 μήτε
1589 1166 1702 1201 ἀξίωμα
1724 1166 1838 1200 ποιήσας.
1851 1162 1904 1191 Εἴτε

1138 1211 1167 1238 δὲ
1184 1211 1252 1246 πρὸς
1264 1211 1310 1237 τὸν
1322 1211 1433 1246 κόμητα
1449 1210 1602 1245 όβατιλεύς
1614 1220 1621 1227 ·
1635 1211 1714 1244 Εἰπὲ,
1733 1211 1756 1237 ει
1771 1210 1904 1244 οὖτωςὲχειε

1138 1257 1186 1284 καὶ
1202 1257 1247 1284 διὰ
1258 1257 1332 1292 τίμὴ
1347 1257 1490 1292 ἀποκόψας
1505 1257 1571 1294 περὶ
1585 1257 1635 1284 τοῦ
1657 1258 1752 1290 ἵππου,
1767 1257 1905 1287 ἀπέστειλας

1141 1313 1186 1339 μοι
1204 1304 1304 1336 αὖτόν;
1325 1303 1355 1331 '0
1369 1303 1398 1331 δε
1418 1303 1488 1339 ἔφη·
1511 1304 1700 1340 Οτιὲπεζήτει
1716 1304 1831 1338 γενέσθαι
1855 1311 1905 1338 σλο-

1139 1351 1242 1386 λάριος.
1261 1350 1334 1384 Ἐγὼ
1347 1350 1429 1386 δὲ.μὴ
1445 1349 1523 1381 εἰδὼς
1539 1351 1564 1377 εἱ
1577 1351 1703 1386 ἀνδρεῖός
1720 1352 1787 1383 ἐστι,
1799 1350 1904 1385 παρεῖχον

1140 1396 1215 1432 αὐτῷ
1232 1396 1330 1422 ἑκατὸν
1351 1396 1526 1431 νομίσματα·
1543 1396 1571 1422 ηό
1596 1395 1629 1422 δὲ
1661 1396 1710 1423 οὐκ
1734 1395 1822 1422 ἐλαϐεν
1840 1394 1905 1421 αὐτὰ.

1140 1442 1196 1469 Καὶ
1214 1442 1414 1477 ἐρευνήσαντος
1428 1442 1475 1468 τοῦ
1488 1440 1638 1477 βασιλέως,
1652 1442 1699 1469 καὶ
1713 1439 1905 1476 πληροφορηθέν-

1139 1497 1186 1520 τος
1194 1488 1233 1518 ὼς
1255 1487 1351 1523 βιαίως
1363 1488 1445 1514 αὑτὸν
1460 1487 1596 1522 ἀφείλετο,
1622 1487 1668 1514 τὸν
1684 1487 1732 1522 μὲν
1748 1485 1905 1523 στρατηλάτην

300 1533 375 1560 denti
390 1540 493 1567 equum
514 1533 644 1560 restituit.
671 1532 720 1561 Ille
735 1533 860 1569 recipere
877 1534 1043 1568 detrectans,
1061 1536 1088 1563 in

1141 1535 1197 1565 τοῖς
1226 1535 1395 1569 προσήκουσι
1426 1534 1611 1569 μαγγλαὸίοις
1629 1535 1819 1569 ἐσωφρόνισεν
1837 1532 1868 1567 τῷ
1884 1531 1906 1558 δὲ

299 1578 360 1613 ejus
378 1579 495 1613 pretium
511 1578 596 1606 libras
610 1579 679 1606 duas
706 1580 823 1614 accepit.
841 1579 899 1608 Dux
925 1589 990 1609 vero
1009 1582 1089 1610 indo-

300 1624 354 1651 lem
371 1624 431 1659 eius
457 1626 575 1659 probare
603 1624 709 1659 jussus,
735 1629 762 1652 et
791 1626 814 1653 si
838 1634 989 1661 generosus
1021 1628 1092 1656 foret

300 1670 470 1699 scholarium
485 1674 603 1698 crearet.
629 1670 678 1699 llic
700 1671 727 1698 in
753 1671 854 1699 bellum
882 1673 1031 1707 profectus,
1063 1675 1089 1702 in

300 1716 429 1744 conﬂictu
447 1717 521 1744 velut
536 1716 654 1745 imbellis
669 1721 696 1745 et
721 1717 836 1746 timidus
856 1718 928 1747 inter
955 1719 1091 1755 fugientes

300 1768 435 1798 repertus,
450 1763 559 1791 occisus
578 1767 631 1791 est.

336 1846 496 1883 Imperatori
509 1856 575 1876 vero
588 1849 622 1876 ad
638 1849 862 1888 Brym_palatium
875 1859 937 1879 cum
959 1854 1091 1881 comitatu

303 1894 461 1929 procedenti
479 1895 636 1924 nuntiatum
650 1901 693 1923 est
705 1896 740 1924 ab
756 1896 936 1925 Orientalium
953 1898 1023 1927 duce
1042 1898 1092 1927 Sa-

302 1947 466 1967 racenorum
491 1941 729 1976 protosymbulum
748 1949 810 1969 cum
837 1944 959 1971 exercitu
986 1945 1092 1980 praeda-

302 1985 422 2012 bundum
440 1985 531 2012 venire
543 1989 572 2012 ut
587 1985 729 2012 Amorinm
749 1990 870 2021 caperet.
891 1987 939 2015 llle
959 1993 1091 2017 consueta

301 2030 435 2058 exercitui
448 2030 665 2065 proceribusque
678 2031 823 2066 largitione
842 2031 924 2065 facta,
938 2033 1013 2061 brevi
1026 2038 1093 2062 tem-

303 2083 369 2112 pore
383 2084 480 2104 versus
494 2076 699 2111 Cappadociam
727 2078 879 2105 contendit.
909 2079 1092 2108 Amerumnes

303 2119 416 2150 selectis
429 2123 548 2149 militum
564 2127 627 2150 octo
641 2123 773 2156 millibus,
795 2123 896 2152 Sudem
910 2125 980 2152 inter
991 2126 1093 2161 Λεανε-

304 2175 354 2195 nos
369 2168 470 2195 virtute
496 2168 697 2203 prudentiaque
721 2169 971 2198 nominatissimum
994 2173 1091 2200 ducem

1143 1580 1320 1614 προσελθόντι
1344 1579 1419 1614 αὐτῷ
1447 1579 1627 1615 ἀπέστρεψεν
1665 1581 1710 1607 τὸν
1741 1580 1826 1607 ἵππον.
1844 1578 1867 1605 '0
1884 1577 1906 1604 δὲ

1142 1625 1238 1653 τοῦτον
1250 1626 1300 1652 οὐκ
1315 1625 1454 1662 ἠϐουλήθη
1465 1634 1472 1641 ·
1490 1626 1587 1653 ἔλαϐεν
1606 1627 1636 1653 δὲ
1657 1626 1727 1662 ὑπὲρ
1744 1625 1819 1653 αὑτοῦ
1833 1624 1906 1659 λίτρας

1142 1670 1198 1698 δύο.
1221 1671 1394 1707 Ὀρισθέντος
1409 1671 1437 1698 δὲ
1452 1672 1499 1698 τοῦ
1514 1672 1673 1708 στρατηγοῦ
1683 1672 1820 1707 δοκιμάσαι
1834 1670 1906 1700 αὑτὸν,

1142 1716 1221 1743 καὶεὶ
1236 1715 1358 1751 ἀνδρεῖός
1373 1717 1430 1743 ἐστι
1447 1717 1559 1752 ποιῆσαι
1590 1717 1675 1744 αὑτὸν
1702 1717 1842 1753 σχολάριον.
1866 1713 1906 1741 Τοῦ

1142 1763 1171 1790 δὲ
1187 1763 1226 1793 εἰς
1242 1763 1362 1797 πόλεμον
1378 1762 1554 1796 ἀπελθόντος,
1572 1764 1601 1789 ὲν
1622 1765 1656 1799 τῇ
1675 1763 1791 1799 συμϐολῇ
1803 1761 1907 1794 magna;

1143 1809 1236 1841 ἐντοῖς
1254 1809 1402 1843 φεύγουσιν
1413 1809 1538 1844 εὑρεθεὶς
1553 1810 1731 1845 κατεσφάγη.

1179 1855 1326 1889 Γεγονότος
1347 1855 1376 1881 δὲ
1397 1855 1445 1882 τοῦ
1474 1855 1610 1891 βασιλέως
1640 1857 1679 1889 είς
1695 1857 1834 1892 πρόκενσον
1843 1855 1866 1881 ἐν
1879 1852 1908 1887 τῷ

1144 1901 1230 1937 Βρύᾳ,
1246 1899 1328 1936 ἦλθεν
1340 1900 1416 1937 αὺτῷ
1434 1902 1548 1937 μήνυμα
1566 1903 1644 1938 παρὰ
1660 1903 1706 1930 τοῦ
1721 1898 1908 1938 «parm/0316‘!

1149 1946 1340 1980 Ἀνατολικῶν,
1356 1945 1393 1977 ὡς
1419 1947 1433 1972 ό
1462 1947 1713 1982 πρωτοσὺμῦουλος
1736 1946 1788 1982 (l9)
1812 1942 1908 1977 ἐξελθὼν

1146 1993 1215 2027 μετὰ
1225 1992 1344 2029 πλήθους
1357 1992 1538 2028 ὲκπορθήσων
1565 1993 1719 2029 ἀπέρχεται
1743 1992 1773 2018 τὸ
1786 1991 1908 2025 ’Λμώριονη

1150 2039 1179 2066 '0
1187 2039 1216 2066 δὲ
1230 2039 1265 2066 τὰ
1278 2040 1462 2074 νενομισμένα
1477 2038 1517 2074 τῷ
1533 2047 1562 2065 τε
1576 2038 1688 2073 στρατῷ
1700 2037 1805 2067 καὶτοῖς
1815 2035 1908 2069 ἄρχουσι

1144 2086 1271 2121 ποιήσας,
1300 2085 1440 2120 συντόμως
1482 2085 1563 2120 μέχρι
1589 2083 1788 2114 Καππαδοκίας
1806 2080 1916 2115 ἐξήλατο..

1150 2131 1180 2158 ’0
1201 2131 1229 2157 δὲ
1258 2130 1437 2166 ἀμερουμνῆς
1448 2130 1627 2166 ἀποχωρίσας
1641 2130 1713 2157 ὀκτὼ
1725 2128 1836 2165 χιλιάδας
1848 2123 1908 2155 λαοῦ,

1147 2176 1193 2203 καὶ
1209 2176 1256 2202 τὸν
1271 2175 1376 2210 Σουόὲμ
1389 2175 1612 2210 ὀνομαστότατον
1635 2176 1665 2201 ἐν
1689 2174 1744 2205 τοῖς
1773 2168 1909 2205 Ἀγαρηνθῖξ

303 2214 460 2246 instituens,
474 2214 606 2242 adversus
619 2214 816 2250 imperatorem
832 2217 973 2245 submisit.
1002 2218 1088 2246 Mani-

1147 2221 1211 2248 ὄντα
1227 2221 1273 2248 ἐπί
1292 2229 1320 2247 τε
1334 2220 1503 2256 ἀνδρεῑᾳκαὶ
1514 2220 1646 2256 φρονήσει
1656 2220 1717 2251 δοὺς
1734 2219 1818 2248 αὑτοῖς
1840 2222 1905 2248 κεφα-

304 2261 356 2289 bus
371 2261 514 2294 consertis,
530 2261 689 2297 profligatus
710 2262 861 2298 imperator
877 2263 957 2299 fugit,
981 2269 1009 2292 et
1030 2273 1093 2293 cum

304 2308 438 2336 dedecore
453 2308 535 2336 rediit
553 2316 561 2335 :
580 2308 680 2344 vixque
693 2309 808 2337 salutem
822 2314 920 2338 nactus
932 2315 986 2339 est.
1007 2312 1092 2341 Ame-

304 2363 418 2384 rumnes
432 2362 498 2383 vero
512 2355 613 2383 virtute
629 2355 715 2383 multa
733 2356 862 2392 stipatus,
879 2358 955 2389 abiit,
968 2363 996 2385 et
1009 2358 1094 2387 Amo-

303 2402 376 2429 rium
391 2401 509 2435 obsedit,
533 2401 674 2437 variisque
698 2403 896 2430 certaminibus
916 2403 997 2432 editis
1022 2405 1094 2433 obti-

304 2455 369 2475 nere
394 2454 449 2475 non
477 2447 577 2482 potuit,
599 2447 708 2475 fortiter
731 2452 758 2475 et
771 2456 904 2484 generose
928 2450 1035 2479 civibus
1064 2451 1092 2478 in

304 2495 451 2523 adversum
478 2495 679 2530 praeliantibus.
708 2495 867 2531 Philosophi
894 2504 959 2524 vero
992 2496 1094 2526 Leonis

303 2541 456 2576 discipulus
473 2540 583 2576 quidam
605 2540 632 2568 in
660 2545 753 2568 castro
778 2541 906 2569 habitans
931 2542 1092 2571 Amerumni

303 2588 433 2616 recedere
448 2588 558 2622 volenti,
575 2587 719 2624 cujusdam
733 2595 794 2623 ope,
811 2596 859 2616 ceu
876 2589 1032 2624 astrologiae
1045 2597 1093 2625 po-

1144 2269 1204 2304 λὴν,
1221 2267 1383 2294 ἀπέστειλεν
1405 2266 1477 2293 κατά
1494 2265 1543 2292 τοῦ
1561 2265 1713 2301 βασιλέωςσ
1744 2261 1909 2298 συμϐαλόντων

1144 2303 1176 2342 δὲγ
1192 2314 1324 2349 πόλεμον,
1342 2312 1472 2349 ἡττηθεὶς
1485 2313 1500 2338 ὸ
1514 2312 1646 2347 βασιλεὺς
1659 2311 1767 2346 ἔφυγεν,
1797 2309 1839 2335 καὶ
1863 2303 1909 2340 μετ’

1143 2359 1273 2395 αἰσχύνης
1292 2357 1472 2394 ὑπέστρεψεν,
1494 2357 1570 2391 μόλις
1584 2356 1745 2387 διασωθείςι
1762 2356 1776 2381 ὁ
1800 2354 1825 2380 δὲ
1849 2352 1904 2385 ἀμε-

1147 2406 1266 2442 ρουμνῆς
1281 2403 1409 2432 ἀπελθὼν
1426 2403 1497 2439 μετὰ
1518 2403 1664 2438 δυνάμεως
1689 2401 1795 2436 πολλῆς.
1818 2403 1907 2432 περιχα-

1148 2451 1278 2489 ρακώσας
1294 2451 1325 2477 τὺ
1337 2449 1487 2486 ’Δμώριον,
1512 2450 1559 2477 καὶ
1574 2449 1712 2484 πολέμους
1726 2445 1830 2476 πολλοὺς
1843 2442 1906 2489 ﬁmi:

1148 2484 1208 2530 σας,
1238 2498 1289 2524 οὐκ
1309 2484 1502 2532 ἴσχυσεν-αὑτὸ
1526 2495 1708 2531 ὲκπορθῆσαι,
1727 2490 1847 2527 γενναίως
1871 2484 1907 2532 κῖδς

1149 2544 1290 2579 σταθερῶς
1306 2529 1516 2578 ὰέῷνιζομένων
1537 2529 1604 2569 τῶν.
1625 2529 1740 2569 ἔνδοθεν.
1758 2533 1872 2579 suam;
1885 2529 1907 2556 δέ

1146 2600 1188 2623 τις
1205 2591 1317 2622 Λέοντος
1332 2589 1380 2616 τοῦ
1396 2589 1544 2624 φιλοσόφου
1558 2586 1592 2624 ἦν
1607 2588 1636 2614 ἓν
1653 2586 1691 2621 τῷ
1701 2585 1804 2618 κάστρῳ
1814 2577 1907 2611 καῖβου·

893 2636 1018 2665 FRANC.
1035 2637 1231 2666 COMBEFlSll
1249 2636 1372 2665 NOTAE.

341 2685 397 2721 (l7)
428 2684 481 2719 Qui
512 2684 642 2721 nimirum
658 2684 756 2721 ipsum
778 2685 914 2712 Arabibus
939 2684 1091 2713 voluissent

303 2719 429 2756 prodere,
446 2728 479 2748 ac
492 2720 544 2748 sibi
561 2719 759 2754 Theophobmu
777 2720 868 2747 conati
886 2725 979 2747 essent
1002 2720 1092 2755 przeti-

305 2764 386 2789 cere;
402 2756 441 2784 uti
458 2756 552 2784 multis
567 2756 755 2784 continuatur.
928 2782 933 2787 _

340 2791 401 2827 (18)
416 2790 492 2819 Hanc
501 2791 564 2826 equi
582 2791 665 2818 ablati
677 2790 821 2818 historiam
833 2791 913 2825 longe
927 2791 1007 2818 aliter
1024 2797 1092 2827 con-

307 2826 430 2854 tinuator
447 2834 479 2854 ac
489 2827 632 2855 Cedrenus
653 2831 766 2854 narrant
783 2836 790 2854 :
804 2834 956 2861 eorumque
971 2834 1034 2853 vero
1055 2826 1093 2853 si~

308 2861 398 2889 milior
422 2863 552 2891 narratio.
581 2861 732 2891 Manuelem
762 2862 787 2889 in
820 2861 963 2889 Persarum
983 2862 1091 2895 expedi-

1145 2687 1220 2714 tione
1264 2685 1399 2713 adversus
1433 2683 1576 2711 Amorium
1612 2681 1702 2709 adhuc
1731 2676 1905 2716 sppersli‘ef};

1146 2710 1396 2756 postque—“ipsumﬁ
1410 2710 1621 2756 Tlleopbilum,_
1635 2710 1848 2756 iitlem___faciunt;
1862 2710 1904 2734 ηιμ

1146 2752 1198 2784 iste
1212 2752 1396 2790 aliusfatque
1406 2754 1502 2788 junior
1516 2752 1623 2780 Manuel
1642 2752 1754 2779 exsistit.

1182 2780 1206 2828 (1
1212 2780 1246 2827 ὧν
1253 2780 1307 2828 ilic
1314 2780 1432 2825 “qdoqde
1454 2790 1512 2828 ipse
1519 2824 1524 2828 ι
1536 2780 1904 2828 ιιηιετυηιιιεεμγεμρςῖςιξξξξῇξω

1148 2815 1413 2859 ΑΓΕ-ὧῖηἶῃᾶιιῖῑξο
1421 2815 1508 2852 ὶ·έι¹υ⁷ι⁷
1518 2824 1676 2859 imperator,
1693 2815 1730 2847 sic
1747 2815 1887 2852 ﬂi‘l‘emmr'
