2011 3155
116 155 181 187 1061

766 154 814 184 CH
820 153 1049 184 RONOGRAPII
1055 153 1103 184 [Α.

1675 153 1746 186 106:2

112 214 262 247 τέσσαρας.
281 211 314 237 Ἡ
330 211 357 236 δὲ
372 209 498 245 Θεοδώρα
515 209 601 241 οὕτως
618 207 651 244 ἦν
664 209 747 245 πιστὴ
762 210 809 236 καὶ
824 209 894 245 ὀρθό-

959 214 982 237 et
1000 217 1108 237 menses
1120 213 1249 244 quatuor.
1269 208 1487 237 'l‘hcodorarero
1506 210 1573 236 adeo
1586 210 1637 237 title
1654 215 1751 240 rectis-

111 259 199 291 ᾱιξος,
209 257 247 288 ὡς
263 257 310 283 καὶ
325 256 372 282 τοῦ
392 256 487 291 ἀνδρὸς
505 255 589 291 αὐτῆς
606 254 646 281 ἔτι
661 255 803 290 περιόντος
815 255 903 290 λάθρα

112 304 215 339 ταύτην
239 303 288 334 τὰς
318 301 398 336 ἁγίας
420 302 526 333 εἰκόνας
549 302 635 337 τιμᾷν
649 310 679 328 τε
693 302 741 329 καὶ
757 302 902 329 σέὸεσθαι·

111 350 171 385 ἥτις
183 349 281 384 γνώμῃ
295 347 343 382 μὲν
354 348 465 382 ἑαυτῆς,
489 347 614 384 ὑποθήκῃ
628 347 657 374 δὲ
679 347 727 374 καὶ
742 347 903 383 παραινέσει

110 394 276 422 Θεοκτίστου
287 392 443 420 κανικλείου
455 393 501 419 καὶ
513 392 655 426 λογοθέτου
667 392 803 425 ἐξελαύνει
814 402 843 419 τε
854 393 904 427 τῆς

112 440 261 476 ἐκκλησίας
275 439 323 466 καὶ
335 439 387 473 τῆς
399 438 504 469 πόλεως
522 438 569 464 τὸν
590 438 765 473 πατριάρχην
776 438 904 473 Ἰωάννην

112 487 257 513 inivsswi
285 485 370 519 αὐτῆς
398 485 463 511 ὅντα
489 485 668 520 περιορίσασα
693 485 788 511 τοῦτον
814 486 843 512 ὲν
866 485 903 520 τῷ

113 531 213 567 Στενῷ,
239 532 279 563 είς
305 530 336 557 τὸ
363 529 486 557 Κλειδίον
504 529 577 556 οὕτω
594 530 772 565 καλούμενον.
791 530 903 564 Είσάγει

112 576 163 614 [δὲ]
176 577 222 603 τὸν
237 577 265 602 ὲν
282 575 371 610 ἁγίοις
383 575 516 602 Μεθόδιον
527 576 645 611 μοναχὸν
658 577 732 609 ὂντα,
747 577 794 603 καὶ
806 585 904 612 πατρι-

111 621 200 657 άρχην
218 620 447 655 ἀποκαθίστησιν.
469 620 524 647 Καὶ
541 620 645 652 πάντας
660 623 724 653 τοὺς
737 622 788 648 ὑπὸ
804 622 901 656 Θεοφί-

110 666 158 692 λου
169 664 358 700 ὲξορισθέντας
372 665 516 700 μοναχοὺς,
528 665 575 692 καὶ
587 666 753 697 ἐπισκόπους
766 667 901 700 ἐνώσασα,

111 712 162 745 τὴν
173 710 312 745 όρθόδοξον
323 710 489 737 ὲὸεόαίωσεν
497 711 599 743 πίστιν,
613 712 660 738 καὶ
675 711 725 746 τὴν
736 712 902 746 Ἐκκλησίαν

112 756 281 791 εἰρήνευσεν.
299 755 339 791 Τῇ
356 755 385 782 δὲ
399 755 497 791 πρώτῃ
510 756 638 791 Κυριακῇ
658 756 713 792 (27)
736 757 790 784 τῶν
815 758 901 792 ἁγίων

112 801 254 836 Νηστειῶν
267 800 427 828 ἀπέστειλεν
442 801 604 829 Θεόκτιστον
614 802 758 838 λογοϐἐτην
769 803 839 830 κατὰ
850 804 902 839 τῆς

112 848 236 882 Κρήτης,
262 847 299 879 ὡς
325 847 451 874 ἀπελθὼν
469 847 539 883 μετὰ
563 848 663 875 πολλοῦ
692 849 823 885 πλήθους,
854 851 901 878 καὶ

113 893 207 919 στόλου
223 892 355 928 μεγάλου,
371 893 474 928 σφόδρα
487 893 536 927 μὲν
551 893 684 928 ὲπτόησεν
699 895 762 925 τοὺς
783 895 903 930 ’Δγαρη-

111 939 184 970 νοῦς,
204 939 385 975 σφοδρότερον
395 939 422 966 δὲ
433 940 654 975 αὐτὺςὲπτοήθη,
669 941 717 966 καὶ
732 940 782 976 τὴν
797 941 904 975 φυγάδα

113 976 335 1020 προεχειρίσατο,
364 984 414 1019 τὴν
437 984 603 1019 Δύγοῦσταν
632 985 737 1020 μαθὼν,
764 986 802 1018 ὡς
825 986 904 1014 ἄλλον

115 1031 228 1065 βασιλέα
241 1031 459 1067 προεχειρίσατο.
472 1033 541 1068 ὅπερ
555 1031 660 1067 μεθόδῳ
675 1033 843 1067 Σαρακηνῶν
857 1033 904 1059 καὶ

113 1077 270 1112 ἰωροληψίᾳ
281 1077 335 1103 τῶν
354 1079 412 1111 μετ’
424 1077 508 1104 αὑτοῦ
521 1078 660 1112 ὲκπλῆξαν
675 1078 757 1104 αὐτὸν
773 1078 904 1106 πέπεικεν

113 1122 182 1157 πρὸς
196 1122 246 1157 τὴν
260 1122 336 1148 πόλιν
348 1123 519 1154 ἐπανελθεῖν,
534 1123 582 1150 καὶ
592 1123 753 1150 καταλιπεῖν
764 1124 811 1150 τὸν
823 1131 904 1158 στρα-

114 1169 159 1193 τὸν
177 1167 313 1202 μαχαίρας
324 1168 404 1203 ἔργον
420 1169 477 1200 τοῖς
491 1169 520 1195 ὲν
535 1169 631 1204 Κρήτῃ
646 1169 791 1203 γενόμενος
801 1178 809 1186 ο
833 1169 904 1196 οὕτω

113 1212 146 1248 δὴ
161 1213 254 1245 κακῶς
278 1215 307 1240 ὲν
337 1215 434 1250 Κρήτῃ
459 1214 564 1248 φανείς.
585 1214 631 1246 Ὦς
643 1216 697 1251 γὰρ
711 1215 827 1249 ἐξελθὼν
843 1215 904 1243 τότε

115 1259 188 1286 κατὰ
210 1260 366 1295 Ῥωμανίας
382 1261 396 1287 ό
418 1261 506 1295 Ἀμὲρ
532 1260 655 1294 ὲληῖξετο
674 1262 728 1288 πᾶν
741 1262 772 1288 τδ
786 1263 815 1288 ἐν
829 1263 903 1295 ποσὶ,

116 1306 164 1333 καὶ
177 1306 373 1341 κατέστρεφεν,
395 1307 441 1334 τὸν
453 1306 535 1334 αὑτὸν
555 1307 636 1334 πάλιν
661 1307 718 1342 (28)
744 1308 905 1335 Θεόκτιστον

113 1351 153 1382 ὡς
168 1351 329 1378 πιστότατον
345 1352 393 1379 καὶ
417 1352 583 1379 οἰκειότατον
596 1352 660 1379 ὄντα
678 1354 747 1388 μετὰ
765 1353 905 1388 δυνάμεως

115 1397 218 1433 πολλῆς
240 1398 311 1425 κατὰ
323 1397 370 1425 τοῦ
386 1398 472 1434 Ἀμὲρ
498 1397 625 1434 Θεοδώρα
651 1400 697 1425 καὶ
716 1399 825 1434 Μιχαὴλ
851 1400 904 1426 ὰπ-

116 1444 293 1471 εστάλκασιν.
320 1445 376 1472 Καὶ
395 1444 592 1478 παραγεγονὼς
614 1440 693 1476 οὗτος
712 1445 760 1471 καὶ
787 1445 905 1479 πόλεμον

117 1489 280 1525 προσΰαλὼν
304 1490 344 1525 τῷ
372 1490 457 1526 ’Λμὲρ
473 1492 481 1501 “
493 1491 533 1501 “·“
550 1491 595 1517 διὰ
613 1491 663 1526 τὴν
688 1490 736 1518 τοῦ
761 1491 905 1525 λογοθέτου

955 263 1009 291 que
1023 256 1050 282 in
1064 255 1214 282 Eeclesiam
1237 254 1363 282 sensibus
1381 255 1539 289 pnestabat,
1556 259 1586 282 ut
1612 255 1671 290 ejus
1692 257 1750 283 viro

955 301 1045 328 adhuc
1060 299 1215 335 superstite,
1232 304 1342 327 sanctas
1362 300 1494 334 imagines
1509 300 1610 328 coleret
1629 306 1655 328 et
1671 309 1751 329 venr-

956 349 1078 371 raretur.
1113 343 1175 371 Haec
1203 348 1260 371 tum
1275 344 1375 379 proprii
1390 344 1473 371 animi
1488 349 1574 377 motu,
1600 350 1656 371 tum
1670 346 1750 373 ctiam

955 391 1130 425 suggestione
1145 395 1173 417 et
1191 391 1325 418 sententia
1338 390 1487 418 'l'heoctisti
1503 390 1632 418 Cauicleo
1644 399 1751 426 praepo-

955 437 1000 464 siti
1021 441 1047 464 et
1064 437 1222 472 logothetze,
1233 445 1266 464 ex
1287 437 1410 464 Ecclesia
1423 441 1450 464 et
1467 437 1534 464 urbe
1547 436 1679 465 Joannem
1699 445 1750 472 pa-

955 483 1101 510 triarcliam
1113 484 1253 518 proprium
1270 488 1438 518 eompatrem
1453 484 1480 510 in
1493 483 1585 516 Clidii,
1607 489 1750 511 monaste-

955 529 1071 556 riumita
1082 529 1195 562 dictum,
1210 529 1243 556 ad
1254 528 1367 557 Stenum
1387 530 1512 562 exsulem
1531 530 1623 564 ejeeit.
1644 529 1672 556 ln
1691 530 1751 564 ejus

955 578 1044 605 locum
1058 575 1226 602 Methodium
1240 576 1405 603 monachum
1417 576 1520 604 inducit
1528 581 1555 603 et
1566 575 1750 610 patriarcham

954 620 1083 648 instituit.
1099 620 1242 649 Monachis
1266 628 1332 649 vero
1357 626 1384 649 et
1409 622 1547 656 episcopis
1565 629 1580 648 a
1598 621 1751 656 'llieophilo

954 667 982 693 in
995 666 1123 694 exsilium
1139 667 1233 695 missis
1248 667 1420 702 postliminio
1450 667 1595 699 revocatis,
1613 668 1691 694 fidem
1707 676 1752 694 or-

954 707 1101 740 thodoxam
1125 713 1256 745 tirmavit,
1280 717 1306 740 et
1339 712 1468 740 Ecclesia:
1495 720 1589 747 pacem
1615 713 1749 740 restituit.

952 758 1087 786 Caeterum
1116 759 1205 793 prima
1222 763 1380 786 sanctorum
1407 758 1578 791 Jejunioruin
1605 757 1750 787 Dominica

953 804 1144 833 Tlieoctistum
1162 806 1330 840 logothetam
1344 806 1371 832 in
1386 805 1494 833 Cretam
1515 806 1599 832 misit.
1623 804 1673 833 Hic
1687 813 1750 833 cum

954 850 1044 878 valido
1061 851 1184 878 exercitu
1201 856 1230 879 et
1258 851 1362 886 ingenti
1391 852 1479 879 classe
1511 851 1661 885 profectus.
1693 859 1751 878 ma-

955 897 1189 932 guumAgarenis
1217 902 1349 924 terrorem
1389 896 1515 924 incussit.
1555 895 1751 923 Vehementius

954 947 1046 970 autem
1065 942 1124 977 ipse
1143 943 1256 970 territus
1269 947 1320 974 est,
1338 942 1488 978 Augustam
1501 942 1569 970 urbe
1588 942 1691 977 fugisse
1702 949 1752 970 au-

955 988 1043 1020 diens,
1061 988 1114 1014 alio
1130 987 1158 1014 in
1175 988 1367 1022 imperatorem
1388 989 1556 1015 substituto:
1575 987 1648 1022 quod
1679 988 1749 1015 dolis

954 1040 981 1061 et
999 1038 1057 1061 arte
1067 1033 1268 1062 Saracenorum
1283 1039 1409 1069 paratum
1427 1034 1477 1062 fuit
1494 1043 1501 1061 :
1529 1035 1691 1062 muneribus
1710 1035 1750 1062 vi-

954 1080 1051 1108 delicet
1065 1080 1099 1107 ab
1113 1080 1152 1108 eis
1176 1080 1222 1115 qui
1250 1080 1278 1106 in
1294 1080 1426 1108 comitatu
1455 1084 1534 1107 erant
1559 1081 1686 1115 acceptis,
1703 1080 1750 1114 qui

954 1134 1024 1154 vano
1037 1127 1089 1154 hoc
1104 1131 1208 1154 terrore
1221 1127 1331 1154 incusso
1350 1127 1377 1153 in
1394 1126 1489 1154 urbem
1504 1126 1611 1160 regredi
1629 1131 1657 1153 et
1670 1135 1751 1154 excr—

954 1172 1042 1200 citum
1061 1171 1195 1207 Agarenis
1215 1171 1306 1199 Cretes
1323 1171 1431 1205 incolis,
1460 1179 1508 1198 ceu
1527 1172 1607 1207 gladii
1622 1172 1750 1206 pabulum

955 1218 1073 1254 obiicere
1086 1222 1291 1253 persuaserunt.
1318 1217 1357 1245 Ita
1372 1225 1420 1253 per
1428 1217 1537 1244 Cretam
1556 1217 1650 1244 infelix
1665 1218 1750 1246 visus.

955 1265 1070 1292 Ameras
1084 1268 1175 1291 autent
1205 1263 1374 1298 profectione
1399 1267 1525 1298 suscepta
1551 1263 1681 1291 adversus
1698 1263 1752 1290 Ro-

955 1311 1086 1344 maniam,
1102 1311 1214 1338 obvium
1236 1318 1374 1346 quemque
1393 1311 1483 1339 locum
1497 1311 1712 1346 depopulabatur
1726 1316 1753 1339 et

955 1358 1090 1385 vastabat.
1110 1356 1241 1384 Eumdem
1255 1364 1338 1392 porro
1349 1357 1535 1385 Theoctistum
1553 1365 1602 1384 seu
1623 1357 1751 1384 fidelissi-

955 1411 1031 1430 mum
1045 1409 1073 1430 et
1087 1403 1215 1430 dilectum
1229 1410 1291 1430 cum
1304 1403 1390 1430 valida
1400 1404 1536 1430 exercitus
1550 1410 1633 1429 manu
1654 1403 1752 1430 adver-

956 1457 1004 1476 sus
1016 1448 1142 1475 Ameram
1158 1447 1301 1475 Theodoro
1321 1452 1349 1475 et
1362 1447 1476 1475 Michael
1501 1449 1646 1475 miserunt.
1677 1447 1746 1474 Pro~

957 1495 1044 1522 fectus
1056 1495 1101 1521 ille
1116 1499 1142 1522 et
1161 1494 1287 1521 manibus
1312 1501 1374 1521 cum
1401 1494 1498 1521 Amera
1521 1494 1656 1521 consertis
1670 1495 1678 1503 '
1694 1496 1702 1505 ·
1718 1495 1727 1503 ‘
1743 1489 1752 1500 '

117 1535 259 1571 βαρύτητα
286 1536 334 1563 καὶ
359 1536 518 1571 ἀπέχθειαν,
537 1533 574 1564 ὧν
589 1535 628 1568 εἷς
646 1535 679 1572 ἦν
694 1537 835 1572 Θεοφάνης
849 1537 862 1562 ὁ
875 1538 907 1563 ἐκ

959 1545 1069 1575 propter
1083 1539 1220 1567 infensum
1243 1539 1270 1566 in
1288 1539 1455 1574 logothetum
1472 1539 1592 1566 animum
1607 1546 1635 1566 et
1655 1539 1750 1566 inimi-

116 1582 267 1617 Φαργάνων
292 1583 402 1619 ἀνδρείᾳ
424 1591 453 1609 τε
470 1583 518 1610 καὶ
546 1582 624 1619 ῥώμῃ
640 1583 776 1617 διαφέρων
790 1582 906 1615 πολλῶν,

116 1628 146 1660 ὃς
162 1628 277 1664 ὕστερον
300 1629 379 1663 λόγον
403 1629 540 1661 ἀπαθείας
562 1629 652 1655 λαϐὼν
668 1629 838 1664 προσφεύγει
851 1630 907 1660 τοῖς

117 1675 302 1710 Χριστιανοίς.
320 1675 388 1711 Ἤδη
402 1675 429 1702 δὲ
446 1676 459 1702 ὀ
475 1675 601 1710 βασιλεὺς
613 1676 760 1710 ἀνδρωθεὶς
778 1676 908 1711 ἐσχόλαζε

115 1722 174 1752 τοῖς
191 1729 222 1748 τε
240 1722 392 1757 κυνηγίοις,
412 1721 460 1748 καὶ¹
482 1723 543 1754 ταῖς
555 1723 608 1749 τῶν
632 1722 722 1748 ἵππων
737 1722 865 1757 ἁμίλλαις
880 1724 909 1749 ὲν

116 1767 156 1801 τῷ
176 1767 276 1801 διαύλῳ
291 1766 338 1794 τοῦ
352 1767 478 1799 ἱππικοῦ,
499 1767 545 1795 καὶ
572 1769 632 1799 ταῖς
649 1767 757 1800 λοιπαῖς
783 1768 909 1803 ἀκαθαρ-

119 1813 201 1845 σίαις,
220 1813 323 1848 Βουλὴν
335 1812 381 1839 οὖν
393 1814 511 1840 ποιεῖται
529 1813 654 1847 Θεοδώρα
670 1813 812 1847 Αὐγοῦστα
841 1813 909 1849 μετὰ

117 1859 279 1886 Θεοκτίστου
295 1860 438 1893 λογοοὲτου
450 1859 543 1886 δοῦναι
557 1861 674 1893 γυναῖκα
697 1859 736 1895 τῷ
751 1859 802 1894 υἱῷ
813 1861 909 1895 αὐτῆς.

119 1906 213 1940 Ἔγνω
224 1906 278 1941 γὰρ
292 1905 330 1936 ὡς
347 1905 527 1940 συνεφιλιώθη
543 1905 660 1940 Εὺδοκίᾳ
675 1906 708 1940 τῇ
723 1905 770 1932 τοῦ
786 1906 909 1941 Ἴγγερος

119 1951 272 1988 μισουμένη
288 1951 327 1987 τῷ
342 1951 472 1987 λογοθέτῃ
485 1952 533 1978 καὶ
549 1953 581 1987 τῇ
596 1952 723 1987 δεσποίνῃ
738 1952 861 1987 σφοδρῶς
875 1952 910 1979 δι’

117 1997 268 2024 ἀναίδειαν.
285 1997 330 2024 Διὸ
342 1997 554 2031 συζευγνύουσιν
566 1997 641 2032 αὐτῷ
651 1997 783 2024 Εὺδοκίαν
798 1998 847 2032 τὴν
862 1998 910 2024 τοῦ

119 2042 316 2075 Δεκαπολίτου,
333 2043 393 2078 μεθ’
407 2041 440 2078 ἧς
458 2042 638 2077 στεφανοῦται
656 2044 685 2069 ὲν
708 2043 747 2077 τῷ
762 2043 831 2077 ἁγίῳ
847 2043 911 2069 Στε-

118 2089 196 2124 φάνῳ
210 2089 250 2124 τῷ
265 2090 304 2120 εἰς
318 2089 367 2125 τὴν
381 2089 502 2124 Δάφνην,
515 2089 663 2123 γενομένου
687 2088 734 2115 τοῦ
752 2088 854 2115 παστοῦ
870 2089 910 2122 είς

118 2135 168 2171 τὴν
185 2135 365 2171 Μαγναύραν,
381 2136 431 2170 τῆς
448 2135 475 2162 δὲ
491 2135 646 2170 συγκλήτου
674 2134 867 2170 ἁνακλιθείσης
882 2136 910 2162 ὲν

119 2182 175 2212 τοῖς
190 2180 259 2207 δέκα
275 2180 353 2207 ἐννέα
379 2180 532 2211 Κουὸίτοις.
565 2180 642 2207 Μετὰ
663 2179 691 2206 δὲ
708 2180 806 2215 μικρὸν
829 2182 842 2207 ὁ
857 2179 911 2207 τῶν

121 2227 328 2262 Βουκελλαρῐων
357 2226 510 2262 στρατηγὸς
527 2227 631 2261 ἢγαγεν
655 2226 738 2253 ἵππον
753 2226 791 2261 τῷ
806 2226 912 2261 βασιλεῖ

121 2272 310 2308 θυμοειδῆκαὶ
327 2273 460 2306 γενναῖον.
481 2273 510 2298 '0
522 2271 550 2299 δὲ
567 2271 662 2300 τοῦτον
673 2272 712 2307 τῷ
725 2272 830 2308 ἱππικῷ
846 2273 910 2308 βου-

121 2317 237 2353 λόμενος
264 2315 422 2350 ὑποξεῦξαι,
448 2316 580 2351 ἠϐούλετο
611 2317 781 2352 καταμαθεῖν
806 2318 867 2350 τούς
881 2327 910 2346 τε

927 2213 950 2242 D

959 1586 1038 1613 citius
1055 1594 1062 1612 :
1083 1593 1200 1620 quorum
1219 1593 1291 1613 unus
1308 1585 1360 1612 fuit
1374 1584 1556 1620 Theophanes
1575 1584 1753 1620 Phargauen‘

959 1631 998 1659 sis
1017 1630 1117 1657 virtute
1137 1635 1164 1657 et
1181 1629 1280 1657 robore
1300 1629 1425 1664 pluritnis
1443 1634 1588 1664 praestans,
1607 1630 1653 1664 qui
1679 1636 1753 1664 post-

959 1677 1070 1704 modum
1086 1676 1242 1704 sceuritatis
1261 1676 1314 1703 fide
1333 1681 1453 1710 accepta,
1477 1676 1505 1703 in
1530 1676 1750 1703 Christianorum

960 1728 1051 1758 partes
1074 1723 1215 1750 remeavit.
1247 1722 1398 1756 Imperator
1414 1729 1496 1756 porro
1523 1722 1628 1749 virilem
1648 1722 1752 1757 ingrcs-

960 1779 1008 1798 sus
1026 1774 1132 1798 aetatem
1153 1769 1345 1796 venationibus
1364 1775 1390 1795 et
1406 1776 1537 1803 equorum
1555 1769 1753 1795 certaminibus

960 1817 988 1843 in
1004 1815 1075 1844 Circi
1093 1815 1182 1842 stadio
1207 1814 1323 1849 aliisque
1358 1814 1475 1849 impuris
1500 1814 1599 1841 studiis
1628 1814 1751 1842 vacabat.

960 1862 1094 1890 Ceterum
1111 1861 1254 1888 Tlieodora
1272 1861 1394 1895 Augusta
1411 1860 1504 1887 uxoris
1529 1860 1586 1887 lilio
1601 1868 1651 1887 suo
1663 1861 1754 1894 provi-

961 1908 1056 1936 denda:
1068 1915 1130 1935 cum
1149 1906 1310 1935 Theoctislo
1325 1906 1463 1941 logotheta
1477 1906 1623 1933 consilium
1642 1906 1752 1941 habuit;

962 1957 1074 1980 noverat
1092 1952 1194 1987 quippe
1219 1959 1283 1978 eum
1310 1950 1430 1978 Eudocia
1450 1950 1555 1985 ingeris
1579 1950 1644 1983 ﬁlia,
1677 1951 1754 1985 logo-

961 1999 1053 2030 thetaa,
1070 2003 1098 2025 et
1123 1995 1290 2032 imperatrici
1318 2000 1429 2030 propter
1460 1996 1657 2030 impudicitiam
1673 1996 1754 2023 relie-

962 2048 1068 2071 menter
1086 2050 1185 2073 exosa.
1203 2041 1416 2069 familiaritatem
1434 2041 1603 2068 contraxisse
1618 2049 1625 2068 :
1641 2048 1701 2068 eam
1718 2041 1753 2067 ob

962 2097 1019 2117 rem
1040 2088 1189 2116 Eudociam
1201 2087 1362 2121 Docapolitte
1380 2087 1462 2114 tiliam
1479 2086 1567 2114 cidem
1581 2087 1755 2114 umtrimonio

963 2135 1114 2170 coniungit,
1130 2134 1214 2170 458
1236 2140 1298 2162 cum
1314 2133 1407 2166 quain
1428 2133 1485 2160 mdo
1504 2135 1591 2160 sancti
1612 2132 1753 2168 Stephani,

963 2190 1023 2216 qua:
1036 2182 1068 2208 ad
1085 2181 1233 2215 Daplmem,
1251 2180 1369 2207 corollas
1385 2179 1521 2214 nuptiales
1538 2179 1634 2210 subiit,
1655 2178 1754 2206 couri-

964 2227 1009 2254 vio
1023 2226 1057 2253 ad
1072 2225 1247 2260 Magnauram
1259 2224 1395 2252 celebrato
1404 2229 1431 2252 et
1452 2229 1547 2252 senatu
1559 2223 1592 2250 ad
1607 2224 1756 2251 novemde-

965 2273 1018 2301 cim
1034 2272 1159 2300 accubita
1174 2271 1361 2300 recumbente.
1377 2269 1483 2297 Modico
1504 2274 1564 2303 post
1587 2269 1757 2297 Bucellario—

965 2327 1026 2347 rum
1037 2318 1092 2346 dux
1101 2325 1199 2352 equum
1210 2317 1365 2344 animosum
1380 2321 1408 2343 et
1426 2315 1545 2342 nobilem
1557 2315 1656 2342 obtulit
1670 2315 1758 2350 impe-

681 2362 806 2390 FRANC.
822 2363 1017 2393 COMBEFISII
1037 2362 1154 2391 ΝΟΤᾹῦ.

160 2408 352 2446 (Γίλνὶϐθιυι-
383 2409 426 2436 hic
443 2409 553 2446 rhiatus,
583 2413 613 2446 ut
638 2408 751 2446 incipiat
766 2413 918 2446 auctorre-

123 2443 197 2473 ferre
223 2444 366 2472 historiam
384 2444 567 2470 restitutionis
585 2443 736 2477 imaginum
765 2443 852 2477 prima
871 2444 916 2472 illa

123 2481 266 2508 Dominica
281 2478 516 2513 Quadragesimm,
534 2486 615 2512 quain
643 2477 737 2513 multis
761 2478 917 2505 Continua.

125 2522 168 2542 tor
192 2514 255 2542 Vat.
281 2512 458 2549 prosequitur
481 2513 559 2540 :nisi
588 2512 760 2549 compendio
787 2513 827 2540 sic
860 2513 916 2541 Leo

125 2551 251 2585 scripsit,
265 2546 320 2585 Τὴν
333 2546 667 2585 Ἐκκλησίανᾷεῑρήνευσεν
688 2549 721 2582 τῇ
737 2546 760 2573 α’
797 2549 915 2584 κυριακῇ

123 2583 459 2619 τῶιίὰγίωνΝηστειῶν,
491 2583 615 2611 Ecclesia:
647 2591 738 2618 pacem
769 2583 915 2618 composuit

125 2620 268 2648 Dominica
293 2620 379 2654 prima
404 2620 637 2654 Quadragesintw;
660 2623 717 2654 tum
733 2623 867 2652 sequatur
882 2619 917 2646 de

126 2654 277 2683 Theoctisti
294 2653 466 2689 expeditione
479 2674 486 2687 ,
510 2653 670 2680 ἀπέστειλεν
686 2653 718 2689 δε
736 2653 909 2686 Θεόκτιστον,

125 2691 173 2718 καὶ
183 2692 233 2726 τὴν
246 2688 365 2726 φυγάδα,
382 2690 428 2722 sit,
441 2691 488 2726 καὶ
508 2689 557 2726 τὴν
583 2688 672 2724 φυγὴν
697 2688 735 2726 ὀξ-
746 2696 854 2726 προεχ.,
870 2689 915 2723 fu-

126 2722 237 2760 gamque
248 2722 389 2759 expedivit,
406 2725 515 2760 audiens
532 2722 678 2759 Augustam
699 2722 782 2760 alium
798 2722 913 2760 impera-

128 2758 211 2788 iorem
231 2758 351 2793 creeue;
366 2760 409 2787 cui
428 2759 497 2787 forte
520 2758 668 2794 nupsisset,
687 2759 725 2785 uti
739 2758 765 2794 in
787 2759 912 2793 superio-

129 2796 216 2827 ribus,
232 2800 259 2823 et
271 2795 447 2830 sequentibus
462 2802 522 2830 non
545 2795 643 2820 desunt
660 2800 731 2830 quae
743 2793 784 2830 sic
803 2801 912 2830 assum-

129 2830 183 2865 ptis
197 2830 223 2857 in
239 2827 353 2857 maritos
372 2829 477 2864 imperii
490 2829 562 2856 faces
572 2827 692 2865 detulere
706 2836 713 2854 :
726 2828 807 2862 idque
822 2827 912 2855 Theo-

129 2864 212 2893 etisto
244 2865 427 2899 formidabile,
447 2865 492 2899 qui
519 2864 632 2899 puerulo
663 2864 848 2898 imperatore.
881 2871 912 2890 ac

971 2413 1058 2437 matre
1077 2411 1210 2442 Augusta,
1228 2413 1337 2434 summa
1357 2405 1384 2433 iu
1405 2405 1466 2432 aula
1482 2404 1645 2442 auctoritate
1669 2405 1755 2442 polleo

971 2449 1023 2472 ret.
1043 2440 1196 2476 Nihil‘ergo
1217 2449 1328 2469 necesse
1344 2446 1439 2468 contra
1462 2445 1551 2468 textus
1567 2441 1645 2467 tidem
1659 2440 1756 2468 redde-

971 2487 1010 2510 re,
1029 2479 1176 2512 Augustam
1185 2477 1248 2504 urbe
1261 2477 1369 2512 fugisse.

1007 2499 1010 2509 ,
1029 2486 1069 2505 Αιι
1090 2486 1176 2504 ustum
1185 2486 1248 2504 υνοε
1261 2486 1369 2512 ιιιθιεδε.

1007 2486 1149 2548 (9.8)ᾖὶΙιῐΙ
1169 2512 1213 2540 hic
1236 2513 1368 2548 hiulcum,
1390 2511 1437 2548 sed
1462 2515 1524 2546 post
1538 2518 1633 2548 vocem
1651 2510 1756 2548 φανεὶς,

971 2554 1000 2576 ut
1012 2546 1097 2575 fuerit
1113 2548 1248 2582 descripta
1268 2547 1327 2581 ejus
1345 2547 1371 2573 in
1396 2547 1492 2573 urbem
1505 2546 1635 2580 receptio,
1651 2546 1757 2582 tametsi

972 2591 1029 2611 rem
1046 2585 1086 2611 sic
1104 2583 1174 2610 male
1196 2581 1222 2610 in
1253 2582 1334 2610 Creta
1354 2586 1492 2616 gesserat;
1510 2587 1696 2616 sequaturque
1712 2581 1756 2607 in-

969 2620 1064 2653 juncta
1082 2618 1134 2646 alia
1150 2618 1286 2652 expeditio
1300 2625 1307 2650 ;
1326 2615 1425 2651 iniqua
1439 2617 1530 2653 etiam
1551 2615 1638 2653 nihil__
1650 2615 1757 2653 felicius

970 2650 1088 2683 cessisse
1098 2650 1256 2681 Theoctisto
1278 2653 1336 2686 ipsa
1357 2650 1414 2679 nec
1439 2651 1538 2686 Leonis
1562 2651 1656 2678 mutila
1683 2650 1757 2677 indi-

970 2696 1043 2722 cant,
1056 2689 1091 2717 ob
1105 2688 1178 2716 illius
1192 2687 1376 2722 severitatem,
1387 2686 1504 2721 odioque
1523 2685 1549 2722 in
1563 2692 1625 2713 eum
1642 2686 1758 2722 quibus-

969 2721 1211 2759 dam'pr0ceribus
1228 2723 1260 2749 ad
1281 2721 1434 2759 Saracenos
1451 2721 1675 2759 deiicienlibus._
1691 2721 1757 2759 ’ᾼπ-

972 2755 1082 2797 ἐχθειὰλν
1092 2759 1142 2797 leg.
1153 2759 1314 2794 Anonymus
1329 2757 1379 2797 ista
1393 2756 1554 2791 suppressit,
1570 2759 1599 2783 ut
1613 2760 1639 2782 et
1656 2755 1756 2783 Cedre~

969 2803 1020 2822 nus
1045 2794 1097 2821 viri
1120 2794 1191 2821 forte
1216 2794 1380 2824 reverentia.
1407 2798 1488 2826 quem
1522 2798 1591 2826 pene
1617 2796 1755 2819 auctorem

968 2830 1157 2858 restituturum
1175 2828 1327 2864 imaginum
1344 2829 1506 2862 agnoscunt.
