2011 3155
305 159 375 193 1οὓ3

924 157 1063 188 LEONIS
1080 156 1323 186 GRAMMATICI

1842 159 1896 191 10M

305 217 404 245 ratori.
445 216 492 244 Ille
518 217 581 251 cqui
613 216 647 243 ad
683 215 828 243 Circenses
863 215 942 242 ludos
969 213 1090 242 mittendi

1145 215 1264 246 ὀδόντας,
1289 214 1319 248 ἐξ
1331 210 1369 241 ὧν
1385 211 1440 241 τῶν
1464 214 1533 241 ἑτῶν
1549 214 1565 249 ἡ
1583 213 1694 250 ποδότης
1707 214 1895 249 διαγινώσκεται-

304 263 433 298 cupidus,
448 263 543 290 dentes
560 262 663 296 quibus
693 269 826 297 equorttm
846 265 911 288 aetas
926 261 1094 296 dignoscitur

302 314 329 336 et
340 316 472 335 annorum
490 315 632 335 numerum
651 308 795 343 explorare
810 307 984 334 moliebatur.
1016 307 1094 341 Equo

303 362 367 381 vero
384 353 534 380 ferociente
552 358 579 380 ct
600 354 760 381 calcitrante
776 354 926 388 angebatur
946 353 1095 387 imperator

303 401 427 436 generosi
445 400 562 428 sessoris
579 408 687 435 expers,
704 400 750 434 qui
762 407 862 434 equum
878 399 1002 427 redderet
1016 407 1095 426 man-

303 451 424 473 suetum.
450 446 540 472 Anxio
565 446 657 480 itaque
674 445 832 480 imperatori
861 445 938 472 adest
953 445 1095 480 proximas

303 490 508 526 Theophilitzes
528 499 535 517 :
566 490 616 518 Est
636 491 715 522 mihi,
733 491 832 526 inquit,
857 491 1037 525 peritissimus
1052 490 1096 525 ju-

305 537 383 565 venis
399 542 425 564 et
440 544 599 572 generosus,
622 538 700 572 equis
721 537 888 572 subigendis,
908 537 1017 572 qualem
1043 538 1095 564 im-

303 584 408 617 perium
430 589 504 610 tuum
523 583 635 618 expetit,
654 583 778 615 idoneus,
793 583 836 610 cui
853 591 950 610 nomen
968 583 1094 611 Basilius.

301 628 469 664 lmperatore
479 630 608 657 advocari
634 630 756 665 jubente,
771 638 803 657 ex
828 631 1005 659 cubiculariis
1025 639 1095 659 unus

303 676 336 702 ad
351 675 480 702 Ferream
491 681 595 710 portam
611 676 713 703 missus
723 681 774 707 est,
788 677 833 709 qui
853 677 981 704 Basilium
998 676 1094 703 inven-

303 725 433 748 tumcum
448 720 622 749 festinatione
635 722 667 748 ad
695 723 886 756 imperatorem
901 723 1023 750 adduxit.
1048 724 1095 750 Ille

302 773 402 800 equum
418 772 509 793 tenere
522 767 628 801 jussus,
649 775 731 794 manu
750 769 859 803 quidem
876 769 981 796 frenum
996 777 1094 804 appre—

303 813 405 844 hendit,
418 813 504 839 altera
516 820 583 840 vero
598 821 691 840 aurem
704 814 826 848 capiens,
844 814 877 842 ad
895 815 954 842 ovis
966 822 1096 842 mansue-

303 858 424 885 tudinem
441 858 551 893 atlegit:
568 866 621 894 quo
644 859 794 887 delectatus
811 864 838 887 et
855 860 964 894 gavisus
982 860 1097 894 impera-

1147 260 1201 287 Τοῦ
1233 260 1262 287 δὲ
1292 260 1376 287 ῖππου
1406 259 1610 295 θρασυνομένου
1638 262 1682 287 καὶ
1707 261 1897 298 σκιρτῶντος,ἦν

1146 307 1296 342 ἀχθόμενος
1307 307 1351 333 διὰ
1361 306 1441 333 τοῦτο
1452 307 1466 332 ὀ
1483 306 1620 341 βασιλεὺς,
1629 306 1665 338 ὡς
1681 306 1784 342 μηδενὸς
1798 309 1898 344 εὐπορῶν

1146 353 1337 388 γενναιότητος
1363 354 1408 380 τὸν
1443 353 1526 379 ἵππον
1553 351 1777 387 ἐξημερώσαντος.
1805 354 1842 386 Ὦς
1862 353 1898 382 οὖν

1145 400 1254 435 ἤχθετο,
1267 399 1363 434 παρὼν
1377 399 1391 425 ὸ
1403 397 1581 432 Θεοφιλίτζης
1593 406 1599 412 ·
1621 398 1680 424 ’Ότι
1690 398 1716 424 δὲ
1732 399 1782 433 ἔχω
1792 401 1899 435 νεώτερον

1146 445 1344 480 ἐμπειρότατον
1358 465 1365 477 ,
1386 445 1435 471 καὶ
1461 444 1584 479 ἀνδρεῖον
1604 445 1643 476 είς
1664 444 1724 476 τοὺς
1742 445 1831 477 ῖππους
1855 445 1898 473 οἷον

1147 491 1274 525 ἐπιζητεῖ
1286 491 1302 526 ἠ
1320 489 1443 523 βασιλεία
1457 498 1515 521 σου,
1529 489 1649 524 τοῦνομα
1664 490 1803 518 Βασίλειον.
1823 491 1867 518 Τοῦ
1877 492 1898 518 δὲ

1147 535 1280 570 βασιλέως
1293 535 1382 562 ἐλθεῖν
1399 535 1467 570 πρὸς
1482 535 1564 562 αὐτὸν
1580 535 1762 567 κελεύσαντος,
1785 536 1898 571 ἀπεστάλη

1147 581 1308 617 κοιτωνίτης
1338 581 1367 607 ἐν
1390 583 1422 616 τῇ
1451 581 1553 615 Σιδηρᾷ
1569 580 1651 616 πύλῃ,
1671 581 1771 609 καὶτὸν
1785 581 1899 609 Βασίλειον

1147 626 1245 663 εὑρὼν,
1263 626 1332 660 μετὰ
1348 625 1465 660 σπουδῆς
1477 626 1582 660 ἤγαγεν
1599 626 1666 658 πρὸς
1677 626 1721 652 τὸν
1734 625 1843 660 βασιλέα.
1858 627 1901 654 Καὶ

1147 672 1305 702 κελευσθεὶς
1330 672 1375 698 τὸν
1401 672 1483 697 ἵππον
1501 671 1656 706 κρατῆσαι·
1682 673 1713 707 τῇ
1731 672 1776 706 μὲν
1790 673 1832 707 μιᾷ
1846 673 1901 708 χειρὶ

1146 720 1191 746 τὸν
1204 718 1312 754 χαλινὸν
1327 718 1480 752 κρατήσας,
1494 718 1525 753 τῇ
1543 718 1570 743 δὲ
1588 718 1670 753 ἑτέρᾳ
1687 717 1733 743 τοῦ
1748 717 1810 749 ὼτδς
1821 717 1900 752 δραξά-

1149 774 1228 802 μενος
1240 766 1280 796 εἰς
1292 764 1449 800 ἡμερότητα
1464 764 1601 798 προῦάτου
1620 763 1763 799 μετέϐαλεν
1775 772 1782 780 ·
1817 761 1836 797 ᾦ
1851 764 1900 798 ἁρε-

1147 812 1223 843 σθεὶς
1236 813 1282 839 καὶ
1294 811 1473 846 θεραπευθεὶς
1485 812 1499 837 ὀ
1512 810 1639 846 βασιλεὺς
1653 811 1803 846 παρέδωκεν
1814 810 1846 846 τῷ
1855 810 1901 836 Ἀν-

1147 859 1212 894 δρέᾳ.
1230 858 1403 893 ἑταιριάρχῃ,
1429 856 1476 883 τοῦ
1504 855 1573 883 εἶναι
1599 857 1640 889 είς
1667 857 1714 891 τὴν
1729 856 1846 891 ἑταιρίαν,
1865 855 1901 882 καὶ

303 907 345 929 tor
361 902 490 930 Basiliam
508 903 623 930 Andreae
636 904 833 938 hetzeriarchae,
849 909 879 931 ut
892 905 1034 932 comitatui
1052 905 1090 932 al~

1145 902 1281 928 δουλεύειν
1294 902 1324 927 ἐν
1339 902 1396 932 τοῖς
1410 901 1504 933 ἵπποις
1529 900 1624 928 αὐτοῦ.
1648 901 1803 935 Ἀναγκαῖον
1813 901 1837 927 δὲ
1848 901 1902 935 ἡγη-

300 948 437 983 legeretur
450 953 476 976 et
489 949 567 984 equis
578 950 758 983 subserviret,
771 951 984 978 commendavit.
995 951 1032 979 De
1044 951 1095 979 Ba-

299 994 362 1021 silio
379 1002 444 1022 vero
460 1003 520 1029 quae
535 995 616 1023 fuerit
641 996 701 1031 ejus
717 997 856 1029 educatio,
878 1002 905 1024 et
923 997 995 1024 unde
1013 997 1095 1025 fuerit

299 1044 388 1073 ortus,
400 1048 528 1069 enarrare
548 1043 754 1070 neccessarium
771 1043 848 1070 duxi.

335 1085 360 1113 Is
376 1085 563 1114 Macedoniam
588 1087 684 1115 habuit
698 1088 815 1122 patriam
831 1089 858 1115 in
877 1089 1094 1124 Adrianopoleos

300 1132 389 1166 pagis,
402 1132 454 1159 sub
480 1131 623 1160 Michaelis
641 1133 781 1168 Rangabe.
809 1133 906 1169 lgnatii
932 1135 1094 1170 patriarcha:

299 1179 435 1212 parentis,
459 1179 584 1213 imperio.
603 1179 669 1213 Ejus
687 1184 808 1214 tempore
827 1181 944 1209 Crumus
962 1181 1094 1216 Bulgaria:

300 1224 428 1258 princeps
443 1222 576 1252 adversus
589 1224 761 1253 Christianos
789 1234 864 1253 arma
883 1227 979 1260 movit,
1001 1232 1027 1254 et
1042 1227 1094 1254 Mi-
1111 1262 1119 1267 κ

299 1269 394 1296 chaele
415 1270 442 1296 in
458 1269 549 1305 fugam
573 1278 664 1302 verso,
681 1271 820 1306 Leonique
833 1273 963 1300 Armenio
977 1273 1094 1300 subinde

301 1314 470 1349 tyrannidem
485 1316 644 1350 arripiente,
662 1321 690 1343 et
704 1316 863 1351 imperante,
876 1320 1014 1352 prolectus
1028 1318 1094 1345 Cru‘

299 1367 362 1388 mus
379 1361 474 1388 urbem
486 1361 604 1388 obsedit.
632 1363 654 1387 A
674 1361 764 1389 Leone
785 1366 876 1390 autem
891 1363 1022 1390 Armenio
1040 1364 1094 1391 telo

298 1407 412 1441 petitus,
431 1411 459 1434 et
477 1407 504 1433 in
519 1406 675 1442 Bulgariam
699 1415 872 1439 reversurus,
893 1409 968 1436 misit
992 1409 1040 1444 qui
1058 1409 1092 1436 ad

299 1452 386 1479 sancti
414 1452 559 1480 Mamanlis
575 1453 633 1480 loca
651 1453 756 1488 praedas
780 1459 901 1489 agerent,
917 1459 944 1481 et
965 1455 1093 1482 animalia

298 1505 369 1525 area
393 1498 493 1526 ibidem
516 1499 605 1534 posita
629 1504 766 1534 raperent.
794 1500 860 1528 lnde
888 1500 1091 1535 Adrianopolim

298 1544 439 1571 declinans
453 1552 591 1572 armorum
607 1546 632 1572 vi
649 1545 732 1580 cepit,
744 1550 771 1572 et
789 1546 909 1574 virorum
925 1547 1009 1573 millia
1024 1548 1092 1575 duo-

299 1589 388 1616 decim
405 1589 507 1625 absque
531 1590 692 1618 mulieribus
708 1592 868 1619 transtulit:
884 1600 932 1620 eos
951 1593 984 1619 ad
1000 1593 1092 1621 Danu-

298 1634 373 1661 bium
395 1634 476 1669 jussit
501 1635 634 1663 habitare.
664 1635 800 1672 Tempore
822 1637 919 1665 deinde
948 1638 1092 1674 Theophili

299 1681 484 1716 imperatoris,
509 1684 569 1708 erat
602 1681 733 1717 magister
753 1683 857 1710 militiae
882 1683 1013 1720 Cordyles
1040 1692 1092 1712 no-

299 1727 420 1754 minatus
440 1727 467 1754 in
495 1726 667 1755 Macedonia.
694 1727 719 1755 ls
732 1728 850 1756 habebat
867 1729 952 1757 filium
976 1730 1092 1758 Bardam

299 1773 411 1800 nomine
428 1777 455 1800 et
467 1773 540 1800 virili
566 1777 645 1800 aetate
662 1779 831 1808 provectum,
857 1783 938 1810 quem
954 1777 1013 1803 vice
1041 1785 1092 1805 sua

297 1817 492 1846 Macedonibus
511 1823 587 1846 trans
600 1818 717 1846 Danubii
734 1819 855 1847 ﬂuminis
875 1821 950 1856 ripas
965 1821 1092 1849 habitan-

297 1865 370 1892 tibus
392 1865 531 1891 dominari
555 1865 676 1900 reliquit.
702 1865 761 1901 lpse
778 1866 898 1901 quodam
929 1867 1040 1895 invento
1065 1873 1092 1896 et

296 1916 355 1938 arte
371 1911 405 1938 ad
422 1911 602 1946 Theophilum
618 1913 746 1944 accessit,
762 1921 843 1947 quem
868 1914 991 1949 gaudens
1010 1922 1091 1942 exce-

297 1958 336 1992 pit
349 1962 375 1984 et
389 1965 421 1984 eo
432 1957 504 1992 quod
519 1958 664 1992 expetebat
686 1959 805 1994 cognito,
821 1963 851 1986 ut
871 1961 980 1996 navigia
994 1969 1091 1990 conse-

296 2007 467 2037 querentur,
505 2007 532 2030 et
569 2003 596 2030 in
631 2003 726 2031 urbem
762 2004 901 2038 redirent,
942 2007 1090 2034 mandavit.

296 2048 364 2076 Erat
391 2056 473 2083 porro
498 2048 634 2076 Baldimer
665 2050 799 2085 Bulgaria;
831 2052 969 2087 princeps,
995 2053 1090 2082 Crumi

297 2101 402 2129 nepos,
431 2100 459 2122 et
495 2099 573 2129 pater
609 2095 758 2123 Simeonis.
805 2097 983 2133 Captivorum
1024 2108 1089 2128 vero

297 2143 394 2166 turmae
427 2140 459 2167 de
485 2140 573 2166 reditu
600 2140 627 2168 in
653 2140 822 2169 Romaniaml
838 2151 900 2170 cum
916 2145 1047 2174 uxoribus
1064 2152 1091 2174 et

295 2183 378 2220 πθ
393 2184 457 2212 [iliis
478 2185 598 2212 inierunt
613 2186 770 2220 consilium,
784 2193 811 2215 et
823 2189 955 2217 Michaele
969 2191 1086 2227 Bulgaro

1147 947 1238 982 σάμην
1250 946 1432 981 διηγήσασθαι
1444 946 1508 981 περὶ
1522 945 1569 972 τοῦ
1585 945 1670 972 αὐτοῦ
1683 945 1823 978 Βασιλεῐου,
1832 945 1872 980 τήν
1882 952 1904 970 τε

1145 993 1314 1030 ἀνατροφὴν,
1329 993 1376 1019 καὶ
1391 992 1453 1019 ὅθεν
1470 992 1554 1019 ἐστίν.

1186 1084 1216 1110 '0
1231 1082 1311 1114 αὐτὸς
1325 1083 1453 1117 γεννᾶται
1472 1083 1501 1109 ὲν
1526 1082 1684 1118 Μακεδονίᾳ
1698 1082 1725 1108 ὲν
1749 1082 1801 1113 τοῖς
1816 1080 1904 1116 χωρίοις

1152 1128 1398 1165 Ἀδριανοιιπόλεως
1421 1128 1469 1154 ἐπὶ
1494 1129 1544 1163 τῆς
1573 1127 1716 1162 βασιλείας
1745 1126 1843 1162 Μιχαὴλ
1867 1125 1905 1152 τοῦ

1151 1176 1288 1210 Ῥαγκάϐε
1305 1175 1408 1211 πατρὸς
1439 1174 1571 1209 Ἰγνατίου
1593 1175 1644 1202 τοῦ
1669 1174 1837 1210 πατριάρχου.
1855 1172 1905 1199 Ἐπὶ

1143 1222 1239 1249 τούτου
1266 1221 1377 1257 ἐξῆλθεν
1401 1221 1416 1247 ὁ
1429 1220 1504 1256 1(ροῦ
1509 1229 1558 1256 μος
1574 1221 1670 1256 ἄρχων
1681 1219 1838 1254 Βουλγαρίας
1850 1218 1905 1244 κατὰ

1143 1269 1199 1295 τῶν
1224 1266 1413 1303 Χριστιανῶν·
1446 1266 1494 1293 καὶ
1520 1267 1640 1302 τραπεὶς
1664 1266 1779 1301 Μιχαὴλ,
1794 1264 1905 1292 καὶΛέων

1150 1314 1285 1349 ’Λρμένης
1300 1313 1473 1348 τυραννήσας
1488 1312 1579 1343 αὐτὸν,
1601 1313 1650 1339 καὶ
1663 1312 1826 1348 βασιλεύσας,
1839 1309 1905 1336 ὲλθὼν

1145 1359 1275 1395 Κροῠμος
1299 1358 1522 1394 περιεκύκλωσεν
1548 1359 1599 1394 τὴν
1617 1359 1713 1386 πόλιν·
1729 1356 1869 1392 λογχευθεὶς
1884 1355 1905 1381 δὲ

1144 1405 1197 1432 ύπδ
1228 1406 1344 1436 Λέοντος
1371 1404 1418 1431 τοῦ
1443 1405 1575 1440 Ἀρμένη,
1593 1405 1645 1432 καὶ
1667 1405 1833 1440 ὑποστρέφων
1848 1403 1906 1435 ἐντῇ

1144 1451 1299 1486 Βουλγαρίᾳ
1311 1451 1435 1486 επεμψεν
1449 1452 1490 1482 είς
1501 1451 1547 1477 τὸν
1561 1451 1661 1485 ’Ἂγιον
1681 1451 1812 1486 Μάμαντα
1831 1447 1908 1482 ἀφελό-

1146 1505 1227 1532 μενος
1248 1498 1282 1524 τὰ
1308 1497 1398 1524 ἐκεῖσε
1424 1497 1515 1532 χαλκᾶ
1534 1497 1620 1529 ζῶδα.
1646 1497 1781 1524 ’Δπελθὼν
1794 1496 1820 1523 δὲ
1835 1495 1874 1521 καὶ
1886 1494 1909 1519 ιι

1151 1544 1369 1579 Ἀδριανουπόλει
1396 1544 1552 1579 παρέλαϐεν
1583 1545 1683 1580 αὐτὴν,
1702 1544 1748 1571 καὶ
1770 1542 1910 1578 μετέστησεν

1143 1589 1248 1625 ἀνδρῶν
1260 1590 1381 1625 χιλιάδας
1391 1589 1493 1618 δώδεκα
1505 1591 1589 1626 χωρὶς
1602 1591 1753 1625 γυναικῶν,
1764 1589 1808 1616 καὶ
1819 1586 1910 1615 τούτους

1143 1637 1304 1672 κατῴκησεν
1321 1637 1400 1672 μέχρι
1426 1637 1474 1663 τοῦ
1492 1637 1653 1665 Λανουϐίου.
1683 1637 1728 1663 Ἐν
1741 1636 1769 1662 δὲ
1783 1636 1837 1665 ταῖς
1856 1632 1909 1667 ήμέ·

1146 1691 1206 1719 ραις
1223 1683 1353 1718 Θεοφίλου
1365 1683 1412 1709 τοῦ
1426 1683 1559 1718 βασιλέως
1569 1681 1606 1719 ἦν
1627 1683 1812 1719 στρατηλάτης
1827 1680 1852 1706 ἐν
1864 1678 1911 1705 Ma-

1143 1728 1251 1763 κεδονίᾳ
1261 1729 1275 1755 ὀ
1289 1728 1431 1764 Κορδύλης
1449 1730 1726 1764 προσαγορευόμενος
1736 1737 1743 1744 ·
1758 1726 1826 1761 εἶχεν
1839 1725 1863 1752 δὲ
1875 1723 1911 1750 καὶ

1143 1776 1202 1803 υἱὸν
1215 1775 1322 1810 Βάρδαν
1333 1775 1445 1810 ὀνόματι
1459 1775 1636 1810 ἠνδρωμένον
1648 1776 1732 1807 πάνυ,
1749 1774 1776 1799 ὃν
1790 1771 1912 1800 κατέλιπεν

1143 1822 1200 1849 ἀντ’
1215 1822 1298 1849 αὐτοῦ
1316 1823 1410 1857 ἄρχειν
1422 1822 1476 1848 τῶν
1501 1822 1668 1849 Μακεδόνων
1684 1822 1738 1848 τῶν
1750 1820 1828 1847 byw»
1840 1817 1912 1852 πέραν

1142 1867 1189 1894 τοῦ
1203 1867 1327 1903 ποταμοῦ
1342 1868 1388 1893 τοῦ
1404 1867 1561 1894 Δανουὸίου,
1575 1868 1665 1899 Αὐτὸς
1679 1867 1708 1894 δὲ
1725 1866 1793 1901 μετὰ
1809 1861 1913 1899 μηχανῆς

1142 1921 1215 1944 τινος
1240 1912 1365 1947 εἰσῆλθεν
1392 1913 1431 1944 εἰς
1453 1912 1595 1947 Θεόφιλον,
1613 1913 1644 1940 ὃν
1658 1913 1801 1947 δεξάμενος
1817 1909 1912 1944 χαίρων.

1142 1959 1190 1986 καὶ
1207 1959 1287 1992 γνοὺς
1312 1958 1326 1985 ὃ
1348 1959 1431 1990 θέλει,
1457 1958 1621 1985 ἀπέστειλεν
1648 1959 1729 1985 πλοῖα
1753 1953 1913 1984 ἀναλαϐέσθαι

1142 2005 1253 2036 αὐτοὺς.
1269 2004 1315 2031 καὶ
1334 2004 1422 2030 ἐλθεῖν
1435 2005 1463 2031 ἐν
1478 2006 1510 2040 τῇ
1528 2004 1619 2032 πόλει.
1641 2003 1698 2032 Ἦν
1710 2004 1738 2030 δὲ
1752 2004 1837 2038 ἄρχων
1846 1998 1914 2027 Βουλ⁶

1142 2051 1241 2086 γαρίας
1258 2050 1405 2085 Βαλδίμερ,
1418 2051 1530 2084 ἔγγονος
1547 2051 1694 2086 Κρούμου,
1715 2049 1803 2084 πατὴρ
1819 2044 1914 2080 Συμεῶ-

1142 2106 1195 2129 νος.
1220 2096 1367 2131 Ἐποίησαν
1390 2096 1418 2123 δὲ
1435 2095 1533 2131 βουλὴν
1563 2097 1577 2123 ὁ
1603 2097 1672 2127 λαὸς
1695 2097 1744 2123 σὺν
1766 2092 1865 2129 γυναιξὶ
1877 2090 1914 2117 καὶ

1141 2144 1246 2174 τέκνοις
1263 2142 1380 2175 ἐξελθεῖν
1408 2142 1437 2168 ὲν
1458 2142 1613 2177 Ῥωμανίᾳ,
1652 2141 1820 2173 Ἐξελοόντος
1835 2137 1913 2165 5th-

1141 2189 1211 2224 χαὴλ
1229 2188 1384 2224 Βουλγάρου
1401 2189 1429 2214 ὲν
1443 2187 1643 2223 Θεσσαλονίκῃ,
1662 2188 1780 2223 ἤρξαντο
1802 2182 1914 2218 διαπερᾷν

296 2235 392 2256 versus
418 2227 643 2256 Thessalonicam
670 2230 805 2265 profecto,
825 2240 888 2260 cum
912 2234 1088 2263 faettltatibus

1142 2237 1190 2263 σὺν
1220 2237 1279 2267 ταῖς
1310 2235 1493 2261 ὑποστάσεσιν
1521 2234 1626 2261 αὐτῶν.
1664 2233 1768 2261 Μαθὼν
1785 2233 1811 2259 δὲ
1835 2232 1847 2257 ὁ
1872 2228 1913 2256 Κά-

295 2276 355 2303 suis
373 2275 500 2311 trajicere
512 2281 666 2312 creperum.
683 2277 760 2311 Quod
776 2286 837 2306 cum
863 2281 992 2308 rescisset
1018 2283 1088 2309 Cru-

294 2330 367 2354 mus,
395 2322 421 2349 in
435 2323 578 2351 adversam
596 2322 720 2351 ﬂuminis
742 2325 828 2360 ripam
849 2328 968 2360 transiit,
985 2329 1084 2356 bellum

294 2369 431 2397 illaturus.
458 2369 621 2398 Macedones
651 2378 681 2398 re
711 2370 853 2406 desperata
885 2372 1030 2402 Tzanlzem
1059 2381 1087 2403 ct

293 2415 438 2451 Cordylem
461 2415 513 2443 sibi
536 2416 619 2444 duces
642 2416 803 2451 prteficiunt,
817 2421 845 2445 et
860 2423 988 2446 conserto
1017 2428 1087 2455 prte-

1144 2291 1197 2318 μης
1214 2281 1269 2318 (29)
1286 2281 1439 2317 [Κροῦμος]
1455 2280 1545 2313 τοῦτο,
1567 2281 1760 2316 ἁντεπέρασεν
1774 2277 1914 2311 πολεμήσων

1140 2329 1249 2361 αὐτούς.
1270 2328 1447 2362 Ἀπογνύντες
1457 2327 1504 2354 οὖν
1519 2327 1544 2353 οἱ
1557 2327 1718 2357 Μακεδόνες
1738 2325 1861 2360 ἐποίησαν
1877 2328 1914 2347 κε-

1141 2375 1229 2410 φαλὴν
1244 2376 1289 2401 τόν
1303 2383 1333 2401 τε
1345 2373 1496 2409 Τζὰντζην,
1507 2374 1555 2401 κοιλ⁵
1569 2374 1618 2400 τον
1631 2373 1775 2408 Κορδύλην
1785 2380 1791 2386 ·
1804 2370 1846 2397 καὶ
1858 2375 1913 2400 συμ-

1143 2423 1271 2454 ϐαλόντες
1302 2421 1419 2456 πόλεμον
1447 2421 1612 2447 ἀπέκτειναν
1642 2419 1770 2452 πολλοὺς,
1802 2414 1871 2446 τινὰς
1892 2411 1913 2439 δὲ

870 2474 993 2504 FRANC.
1011 2477 1205 2508 COMBEFISII
1217 2478 1335 2515 NOTJE.

328 2517 542 2555 (29)AEmct_u_lat
563 2519 594 2545 P.
619 2518 690 2555 Guar
705 2519 843 2555 Κροῦμος,
865 2528 918 2548 non
947 2522 1033 2555 bene;
1055 2525 1078 2552 is

292 2554 364 2579 enim
389 2552 444 2586 jam
466 2553 582 2584 obierat,
599 2554 694 2588 primis
710 2552 766 2581 fere
784 2552 888 2582 Leonis
902 2557 1011 2584 Armeni
1028 2552 1078 2586 an-

292 2587 345 2619 nis,
360 2594 392 2614 ac
408 2587 472 2614 dum
501 2588 636 2624 ingentem
661 2589 735 2616 illaut
757 2591 956 2624 expeditionem
982 2593 1077 2622 urbem

292 2628 544 2660 eversurushparat,
568 2624 608 2660 uti
623 2623 687 2659 Reg.
708 2623 867 2660 Anonytnus
883 2633 965 2658 supra
980 2635 986 2652 :
1003 2634 1077 2656 erat-

291 2663 346 2692 que
359 2657 415 2692 jam
425 2657 574 2697 _Bald_imer
584 2657 674 2697 illius:
684 2667 766 2694 nepos
786 2657 972 2697 :Bulgarorutn
999 2664 1075 2697 prin-

292 2698 409 2728 cepstrut
424 2692 479 2720 Leo
496 2693 553 2727 ipse
565 2693 622 2728 jam
642 2692 759 2722 dixerat.
779 2692 864 2728 Quem
885 2696 929 2723 hic
954 2692 1077 2726 Michae-

291 2727 346 2754 lem
361 2726 513 2766 B_u|_g_aruni
535 2726 707 2766 vocat,num
732 2726 801 2764 ipse'
817 2731 863 2761 sit,
889 2739 969 2766 quem
997 2734 1080 2766 paulo

291 2766 354 2789 ante
369 2762 549 2791 Baldimerem
566 2762 768 2801 appellaverat?
783 2766 840 2801 Ego
852 2762 974 2801 sic'puto
997 2762 1081 2796 occu-

292 2800 432 2835 patoeu'm
455 2805 578 2829 vocasse.
594 2799 649 2835 etsi
673 2805 701 2827 et
723 2800 788 2827 illud
812 2799 915 2835 postea
927 2810 1025 2830 nomen
1053 2804 1080 2830 in

293 2831 427 2871 baptismo
444 2835 550 2871 accepit
562 2842 577 2861 a
593 2833 724 2871 ﬂichaele
745 2831 1082 2871 impositum,uli_habetur

291 2872 320 2902 ι).
337 2867 389 2895 462
406 2876 414 2894 ε
431 2876 485 2905 quo
499 2867 580 2897 etiam
598 2869 657 2898 loco
669 2875 696 2897 et
718 2867 791 2898 ante"
804 2867 971 2906 baptismum
986 2873 1080 2901 eadem

1131 2526 1311 2562 occupatione
1334 2524 1448 2552 Michael
1466 2523 1816 2562 nunettpatus_inrenitur.
1831 2519 1913 2562 Cedis:

1133 2568 1185 2588 nus
1199 2561 1292 2588 Crumi
1309 2567 1509 2591 sttcecssorem,
1527 2559 1623 2593 utique
1640 2559 1805 2593 Baltlimeris
1821 2559 1910 2588 patrem

1131 2595 1224 2623 Crumi
1238 2595 1344 2630 nepotis
1358 2595 1540 2631 Crylagoncm
1552 2591 1732 2631 vocatiQuid
1746 2594 1768 2620 si
1780 2591 1832 2618 Leo
1845 2594 1912 2631 ηιξεξι]

1130 2637 1155 2658 et
1173 2628 1365 2660 Baldimerem,
1389 2628 1416 2658 et
1443 2630 1605 2657 Michaelem
1627 2629 1750 2659 dixerat,
1779 2634 1810 2652 ex
1839 2628 1912 2662 Ρθιτξε

1131 2666 1213 2693 etiam
1231 2666 1342 2692 nomine
1357 2665 1397 2692 sic
1413 2664 1591 2698 nuncupavit.
1608 2664 1779 2698 scripsitque
1797 2662 1912 2698 Κρυπτα-

1131 2709 1223 2737 γορος,
1256 2709 1287 2738 es
1319 2708 1374 2734 quo
1398 2694 1542 2738 impetit-us
1563 2694 1699 2738 librarius
1731 2694 1913 2738 suum-ﬁli;

1131 2731 1309 2770 expresserit,
1329 2731 1357 2762 ut
1382 2740 1423 2762 est
1438 2731 1534 2762 'l'acilis
1549 2742 1629 2761 error
1646 2735 1674 2761 in
1693 2731 1845 2770 nominibus
1860 2735 1912 2762 pro-

1132 2768 1221 2802 priis?
1245 2771 1426 2806 Bulgarnrum
1460 2770 1610 2807 principem
1646 2777 1680 2796 ac
1709 2768 1845 2807 dominum
1870 2770 1912 2807 ξιξ

1134 2807 1226 2833 mitem
1246 2802 1410 2841 appZ-llatum
1440 2802 1482 2832 me
1503 2802 1620 2841 legisse»,
1642 2811 1698 2831 non
1719 2802 1843 2831 memini;
1870 2802 1911 2823 nec

1135 2841 1213 2870 aliter
1230 2839 1371 2869 emendem
1391 2848 1474 2876 quam
1495 2839 1622 2876 exposui.
