2011 3155
112 161 183 194 1105

753 163 1090 195 (ἸΗΒΟΝΟὓΗᾹΡΗΙΛ.

1672 171 1740 204 1106

109 223 151 248 εὐ.
168 220 221 248 Καὶ
232 220 365 252 διεεείπεν
381 219 438 255 (75)
456 219 523 256 πρὸς
536 219 582 247 τὸν
603 220 715 255 βασιλέα
734 222 824 248 πᾶσαν
847 221 897 255 τὴν

950 227 1025 248 mors
1040 228 1084 247 me
1098 224 1173 248 certa
1185 225 1287 254 manet,
1311 222 1333 250 si
1353 226 1474 257 tacuero,
1491 225 1539 252 tibi
1555 226 1724 254 moriendum
1736 227 1750 254 :‘

108 266 155 294 τοῦ
171 266 311 293 Βασιλείου
325 265 483 302 ἐπιϐουλήν.
512 267 727 302 ’Δπιστὴσαντος
742 267 770 294 δὲ
784 268 831 294 τοῦ
853 268 901 303 βα-

108 312 205 343 σιλέως
218 312 275 343 τοῖς
298 311 453 347 λαληθεῖσιν
470 313 537 347 παρ’
562 313 657 345 aia-:05,
673 314 720 340 καὶ
736 314 878 349 εἰρηκότος
891 322 899 331 ’

107 359 151 393 Μή
167 357 210 389 τίς
226 366 267 385 σοι
282 357 418 385 ὑπέϐαλεν
431 357 519 385 ταῦτα
535 360 622 386 εἰπεῖν
641 368 697 394 μοι,
714 360 761 386 καὶ
770 360 802 387 ὲκ
816 359 901 396 δωρο-

107 404 201 435 δοκίας
211 404 291 431 τοῦτο
307 404 490 439 ἐποίησαςςῸ
502 405 530 431 δὲ
546 404 623 432 εἶπεν
634 413 641 421 ’
663 406 842 434 ’Λπόστειλον
856 417 900 434 πι-

107 450 198 482 στοὺς,
215 450 264 482 οὒς
289 450 421 483 κελεύεις,
449 452 479 478 ἑν
500 451 539 487 τῷ
563 452 673 487 κελλίῳ,
699 452 817 480 δέσποτα
836 462 899 488 μου,

108 496 154 522 καὶ
171 495 215 522 ἵνα
230 495 300 522 εἰσὶν
318 496 553 532 ἐγκεκρυμμένοι,
568 498 615 524 καὶ
635 498 661 524 ei
670 507 696 524 τι
715 498 749 525 ἂν
761 499 900 526 ἀκούσωσι

109 542 182 577 παρὰ
196 542 244 569 τοῦ
263 542 404 569 Βασιλείαν
417 543 464 569 καὶ
477 543 542 578 παρ’
561 544 639 578 ἐμοῦ,
657 545 784 579 γράφωσι
802 545 898 573 ταῦτα.

107 587 235 623 Παρευθὺ
264 587 292 615 δι
323 588 337 614 ό
368 588 497 624 βασιλεὺς
525 589 688 617 ἀποστέλλει
712 591 901 627 Χριστοφόρον

107 633 355 669 πρωτοσεστιάριον
385 634 443 669 ἅμα
477 635 630 670 Καλοκύρῳ
658 637 822 673 κοιτωνίτῃ·
854 638 901 664 καὶ

107 679 277 711 εἰσελθόντες
296 679 454 715 ὲκρύὸησαν
467 680 497 706 ὲν
507 680 547 714 τῷ
571 680 670 715 κελλίῳ
698 681 792 708 αὐτοῦ.
818 682 900 708 Βασί-

107 725 177 756 λειος
188 722 236 752 οὖν
249 725 416 758 δελεασθεὶς,
431 725 479 752 καὶ
494 725 585 752 λαϐὼν
600 725 679 760 λόγον
695 726 806 761 ἔνορκον
825 727 900 762 παρὰ

107 771 226 805 Σαμωνᾶ
240 770 281 803 εἰς
304 771 334 797 τὸ
358 771 556 806 προσευχάδιον
581 772 677 803 αὑτοῦ,
701 772 808 805 ἐξεῖπεν
824 774 900 809 αὑτῷ

108 817 197 844 πάντα
221 817 256 845 τὰ
278 818 329 851 τῆς
359 818 475 853 βουλῆς,
510 819 557 846 καὶ
590 819 653 851 τοὺς
683 820 901 855 συμϐουλευομέ-

107 871 180 895 νους.
219 863 402 891 ’Δνιστὼντων
427 865 455 891 δὲ
491 865 582 893 αὐτῶν
617 865 694 901 (76),
720 867 900 898 κατελθόντες

107 909 292 945 Χριστοφόρος
318 911 364 937 καὶ
387 911 541 947 Καλοκῢρις
572 912 730 946 ἀνέγνωσαν
753 913 842 940 πάντα
859 914 899 949 τῷ

108 955 222 990 βασιλεῖ.
257 957 312 983 Καὶ
338 957 461 993 παρευθῡ
483 959 532 993 μὲν
559 959 820 996 προσκαλεσάμενος
846 961 899 987 Βα-

107 1002 206 1029 σίλειον
220 1002 337 1030 δέδωκεν
348 1004 503 1040 μιλιαρισια
517 1005 641 1040 χιλιάδας
663 1006 751 1033 εἴκοσι
765 1006 823 1042 (77)
835 1013 842 1020 ·
860 1006 899 1039 ὼς

106 1049 186 1083 δῆθεν
198 1049 302 1085 ψυχικὰ
316 1051 366 1086 τῆς
388 1051 563 1091 αὑτοῦὀθιίας
581 1053 659 1088 Ζωῆς
671 1053 826 1088 ὁρισθέντα,
849 1054 897 1080 καὶ

106 1095 265 1124 ἀπέστειλεν
285 1098 316 1124 ὲν
336 1098 512 1134 Μακεδονίᾳ·
538 1100 585 1126 καὶ
609 1100 655 1126 τδν
678 1101 728 1135 μὲν
756 1100 896 1128 Βασίλειον

107 1140 178 1169 οὕτω
202 1144 253 1177 τῆς
279 1144 383 1176 πόλεως
402 1144 537 1180 ἐξήγαγεν
550 1154 556 1161 ’
568 1146 633 1178 τοὺς
657 1146 686 1173 δὲ
701 1146 812 1179 λοιποὺς
834 1148 898 1180 τοὺς

105 1188 155 1222 τῆς
171 1188 256 1215 αὐτοῦ
266 1189 364 1225 βουλῆς
380 1191 595 1226 μετεσχηκότας,
622 1192 729 1227 Πάρδον
740 1193 790 1228 μὲν
800 1193 897 1229 δρουγο

108 1233 204 1269 τάριον
223 1234 274 1269 τῆς
290 1235 385 1270 βίγλσς
404 1237 564 1265 ἀποστέλλει
580 1238 650 1274 πρὸς
664 1239 709 1266 τὸν
723 1240 894 1275 Στυπιώτην,

107 1278 188 1313 δῆθεν
199 1279 312 1314 ἀγαγεῖν
322 1281 413 1313 αὑτὸν,
431 1282 655 1318 προμηννθέντος
667 1284 772 1311 ἐκείνου
789 1285 833 1312 διὰ
848 1285 897 1321 βα-

107 1325 211 1353 σιλικοῦ
225 1328 366 1355 πιττακίου
385 1328 441 1365 (78)
458 1329 539 1356 αὐτὸν
557 1330 702 1366 δεσμῆσαι.
719 1333 895 1367 Προφασισά-

108 1381 187 1406 μενος
199 1373 230 1400 δὲ
245 1375 259 1400 ὁ
275 1374 400 1409 βασιλεὺς
423 1376 553 1404 ἀπελθεῖν
572 1378 617 1404 καὶ
638 1377 782 1413 δειπνῆσαι
795 1379 836 1410 εἰς
848 1380 894 1406 τὸν

107 1418 201 1453 Ἀγιον
221 1420 346 1455 Λάζαρον
365 1422 406 1452 εἰς
414 1422 445 1448 τὸ
454 1423 621 1450 καταδάσιον
633 1424 680 1451 τοῦ
692 1424 895 1462 Τξουκανιστη-

106 1465 164 1499 ρέου
178 1465 234 1501 (79)
244 1466 361 1502 ἔστησεν
381 1469 507 1504 Ἰωάννην
518 1470 634 1506 Γαριδᾶν
645 1471 714 1505 μετὰ
729 1471 783 1498 τῶν
794 1472 895 1501 λοιπῶν

105 1510 153 1542 τῆς
177 1511 301 1546 ἑταιρίας
320 1514 348 1540 ὲν
362 1513 401 1549 τῷ
415 1515 612 1551 κουὸουκλείῳ·
632 1517 679 1544 καὶ
695 1518 724 1544 ἐν
739 1517 778 1552 τῷ
794 1518 895 1555 κατέρ-

105 1555 201 1604 χεσθαι
216 1556 262 1604 τὸν
278 1556 391 1604 βασιλέα
405 1559 577 1594 κρατηθέντα
604 1561 674 1596 μετὰ
694 1563 818 1590 Ἰωάννου
844 1565 893 1591 Νι·
907 1574 930 1604 c

106 1600 203 1628 κάλαον
215 1602 394 1639 ἑταιριάρχην
414 1605 551 1640 ἐξήγαγεν
570 1606 621 1642 τῆς
636 1607 749 1640 πόλεως.
772 1609 897 1644 ’Δγαγὼν

105 1645 133 1673 δὲ
145 1648 178 1674 ἐκ
195 1648 365 1682 Μακεδονίας
380 1650 532 1684 Βασίλειον,
549 1652 596 1679 καὶ
613 1654 774 1689 ἀνακρίνας,
789 1655 836 1683 καὶ
850 1655 897 1682 τύ-

105 1692 169 1726 ψας,
189 1693 300 1726 καὶτὰς
321 1696 419 1731 τρίχας
434 1697 517 1724 αὑτοῦ
534 1698 712 1731 κατακαύσας
723 1720 731 1732 ,
752 1701 800 1727 καὶ
823 1701 853 1727 ὲν
864 1703 896 1737 τῇ

108 1739 179 1774 μέσῃ
197 1739 395 1775 θριαμϐεύσας,
411 1742 542 1778 ἐξώρισεν
567 1744 597 1770 ὲν
620 1745 759 1780 Ἀθήναις,
786 1747 832 1774 καὶ
847 1756 897 1774 κα-

108 1783 163 1814 κῶς
179 1784 271 1812 ἐκεῖσε
285 1786 494 1821 τετελεύτηκεν.
515 1789 655 1821 Ὡσαύτως
670 1790 805 1818 Νικόλαον
822 1792 897 1819 ἐται-

109 1828 234 1864 ριάρκην,
252 1830 298 1856 καὶ
317 1831 471 1864 Στυλιανδν,
486 1833 535 1859 καὶ
555 1834 692 1870 Ἰωάννην,
710 1835 758 1862 καὶ
770 1835 820 1871 τὴν
833 1845 908 1871 au?-~

106 1874 215 1908 γένειαν
231 1876 322 1903 πᾶσαν
339 1877 470 1910 Ζαούτζα,
483 1878 548 1910 τοὺς
563 1879 612 1914 μὲν
627 1880 784 1916 ἀπέκειρεν,
793 1882 858 1914 τοὺς
869 1882 897 1909 δὲ

106 1919 248 1954 ἐξώρισεν,
272 1921 412 1957 δημεύσας
437 1924 487 1955 τὰς
509 1925 604 1956 οὐσίας
617 1925 719 1953 αὐτῶν.
747 1926 898 1960 ΙΙάνταςδὲ

107 1966 276 2001 μαγίστρους
299 1968 346 1995 καὶ
368 1970 431 2001 τοὺς
458 1970 487 1996 ἐν
506 1970 578 1997 τέλει
597 1972 856 2008 προσκαλεσάμενος
884 1975 899 2000 ὁ

107 2011 244 2045 βασιλεὺς,
260 2014 366 2047 ἀνέγνω
390 2016 559 2043 κατενώπιον
577 2017 669 2044 αὐτῶν
694 2018 728 2044 τὰ
744 2019 899 2054 μηνυθέντα

106 2059 182 2092 παρὰ
204 2059 330 2094 Σαμωνᾱ.
347 2062 377 2087 Ut
393 2061 422 2087 δὲ
437 2061 533 2089 τοῦτον
552 2063 772 2098 ὑπερεπῄνεσαν,
786 2064 824 2097 ὡς
848 2065 899 2100 τῆς

105 2100 180 2136 ζωῆς
205 2103 252 2130 τοῦ
280 2104 412 2140 βασιλέως
439 2106 650 2142 προνοούμενον,
678 2109 726 2135 καὶ
754 2110 899 2145 εἰρήκασιν

105 2147 182 2180 ἄξιον
197 2145 266 2176 εἶναι
283 2151 366 2185 τιμῆς
390 2152 534 2188 μεγίστης.
558 2153 587 2180 '0
602 2153 631 2180 δὲ.
655 2155 779 2190 παρευθὺ
804 2156 900 2184 τοῦτον

107 2196 357 2231 πρωτοσπαθαρίου
381 2199 444 2234 ἀξίᾳ
467 2199 625 2234 τετίμηκεν.
654 2200 845 2237 Ἐτελεύτησεν
870 2202 899 2230 δὲ

951 266 1153 302 confestimque
1166 267 1259 294 Basilii
1275 268 1493 304 eonjurationem
1507 278 1615 298 omnem
1629 279 1743 300 enarra-

952 314 1000 340 vit.
1018 312 1177 348 Imperatori
1201 318 1292 341 autem
1319 316 1438 343 narratis
1461 317 1540 344 Iidem
1562 318 1633 345 haud
1664 319 1744 346 aditi-

952 359 1038 391 benti,
1056 359 1112 386 imo
1126 359 1228 387 dicenti
1245 368 1251 386 :
1270 359 1340 388 Num
1358 362 1420 396 quis
1432 369 1464 389 ea
1477 362 1544 389 mihi
1556 364 1664 391 edicere
1680 372 1744 399 sug-

952 405 1045 440 gessit,
1057 408 1084 432 et
1096 405 1229 433 mercedis
1239 414 1287 441 spe
1300 407 1352 434 hoc
1364 406 1477 435 fecisti?
1493 408 1564 435 Dixit
1575 409 1619 436 ille
1634 418 1640 436 :
1656 410 1743 443 Mitte,

951 450 1074 484 domine,
1101 458 1172 485 quos
1199 452 1333 486 placuerit
1347 452 1396 479 tibi
1415 453 1508 480 fideles
1527 454 1554 480 in
1574 455 1743 488 cubiculum,

953 500 984 523 ut.
1010 497 1155 529 occultati,
1181 497 1254 532 quod
1271 505 1286 524 a
1303 497 1404 525 Basilio
1419 504 1445 525 et
1469 506 1483 525 a
1502 507 1545 526 me
1561 501 1743 535 perceperint,

952 548 1049 570 cuncta
1063 543 1233 571 describant.
1265 543 1418 571 Confestim
1437 545 1589 580 imperator
1618 546 1744 574 Christo-

951 589 1068 624 phorum
1083 589 1325 624 protovestiarium
1339 597 1402 617 cum
1421 590 1554 626 Calocer
1570 591 1744 620 cubiculario

952 634 1026 662 misit
1044 643 1050 662 :
1067 639 1096 662 et
1113 635 1271 671 ingressiin
1284 635 1344 670 ejus
1359 635 1527 664 delituerant
1541 637 1678 665 cubiculo.
1694 638 1746 665 Ba-

951 681 1030 709 silius
1047 681 1140 716 itaque
1151 681 1208 716 jam
1226 683 1376 714 inescatus,
1391 688 1503 718 accepta
1518 683 1669 718 juramenti
1689 684 1744 712 nde

952 734 970 755 α
984 727 1117 760 Samoua,
1134 727 1169 754 ad
1191 728 1252 762 ejus
1271 728 1435 762 oratorium,
1460 728 1606 756 consilium
1621 729 1646 757 ei
1663 737 1744 757 suum

950 779 978 801 et
990 774 1098 802 consilii
1125 774 1273 810 participes
1298 775 1417 810 aperuit:
1445 775 1500 803 Illis
1530 776 1744 812 exsurgentibus

951 820 1167 855 Christophorus
1178 826 1206 848 et
1220 819 1368 857 Calocyres
1382 822 1498 857 digressi
1516 827 1613 849 cuncta
1626 822 1745 857 impera-

951 866 1003 893 tori
1019 866 1195 901 perlegerunt
1215 876 1222 894 :
1240 871 1267 894 et
1279 867 1424 895 confestim
1441 867 1542 895 Basilio
1553 868 1587 895 ad
1606 875 1636 896 se
1649 868 1737 896 advo-

952 916 1014 940 cato
1043 911 1250 940 Miliarisiorum
1277 913 1363 940 millia
1386 913 1480 948 viginti
1506 914 1744 950 cleemosynarum

952 958 1062 986 nomine
1078 958 1106 986 in
1123 963 1278 987 matertera:
1303 959 1373 988 Zoes
1391 960 1489 988 animo:
1511 961 1645 995 levamen,
1670 961 1744 989 velut

951 1004 1044 1038 legata.
1058 1004 1181 1036 tradidit,
1196 1009 1224 1032 et
1238 1004 1266 1032 in
1283 1003 1470 1033 Macedoniam
1494 1005 1600 1034 dimisit
1623 1015 1629 1033 :
1650 1010 1678 1033 et
1691 1005 1742 1033 Ita-

951 1050 1046 1078 silium
1061 1051 1172 1086 quidem
1189 1051 1242 1079 hoc
1265 1056 1344 1086 pacto
1369 1051 1437 1079 urbe
1465 1051 1592 1079 detrusit.
1613 1051 1742 1086 Reliquus

950 1104 1015 1124 vero
1031 1097 1234 1131 conjurationis
1247 1102 1390 1126 consortes
1403 1097 1523 1125 Perdunt
1534 1098 1644 1135 quidem
1658 1106 1743 1126 excu-

951 1143 1058 1171 Itiarum
1080 1143 1261 1178 drungarium
1277 1143 1311 1170 ad
1327 1143 1484 1179 Stipiotem,
1498 1144 1576 1179 quasi
1590 1152 1651 1171 eum
1666 1144 1700 1171 ad
1712 1152 1742 1171 se

951 1193 1113 1217 vocaturum
1145 1189 1318 1217 amandavit.
1336 1188 1362 1217 Is
1374 1194 1466 1217 tamen
1486 1194 1517 1218 ut
1538 1198 1600 1218 eum
1623 1189 1741 1218 vinculis

949 1239 1088 1263 coerceret
1113 1234 1292 1268 imperatorio
1330 1234 1409 1262 brevi
1432 1236 1608 1269 praemonitus
1641 1235 1740 1263 fuerat.

950 1279 1092 1308 Simulatis
1121 1281 1204 1307 etiam
1231 1280 1379 1316 imperator
1391 1280 1466 1309 foras
1487 1281 1635 1317 proﬁcisci,
1661 1286 1689 1309 et
1707 1282 1741 1309 ad

950 1326 1079 1355 Sanctum
1089 1326 1222 1354 Lazarum
1236 1331 1419 1361 cmnaturum,
1428 1328 1462 1356 ad
1468 1327 1572 1364 Equilis
1579 1328 1741 1358 descensum

948 1371 1079 1400 Joannem
1091 1373 1219 1401 Garidam
1228 1381 1290 1401 cum
1302 1374 1414 1409 reliquis
1423 1373 1616 1403 conftederatis
1625 1375 1742 1403 detinuit

950 1419 976 1447 in
988 1419 1134 1452 cubiculo;
1151 1427 1270 1455 cumque
1288 1421 1437 1455 imperator
1462 1420 1651 1453 descenderet,
1677 1427 1739 1447 cum

948 1464 1054 1494 Joanne
1091 1465 1233 1493 Nicolaum
1268 1465 1476 1493 heteriareham
1519 1471 1629 1502 captum
1674 1465 1741 1493 urbe

949 1510 1054 1539 eduxit.
1078 1510 1211 1538 Basilium
1243 1518 1325 1546 porro
1353 1518 1369 1539 e
1401 1510 1558 1539 Macedonia
1582 1514 1739 1538 revocatum

950 1561 976 1585 et
999 1557 1033 1585 de
1063 1557 1180 1586 crimine
1205 1557 1384 1592 inquisitum,
1410 1556 1571 1585 verberibus
1607 1556 1740 1592 subjecit,

950 1607 977 1630 ct
993 1602 1118 1630 crinibus
1135 1603 1196 1638 ejus
1212 1603 1367 1634 succensis.
1383 1610 1432 1638 per
1445 1602 1564 1630 mediam
1576 1602 1672 1630 urbem
1689 1607 1742 1630 tra-

950 1649 1063 1677 ductum
1075 1649 1195 1677 Athenas
1207 1649 1339 1685 nelegavit
1352 1649 1488 1682 exsulem,
1506 1649 1552 1677 ubi
1575 1649 1676 1676 misere
1693 1656 1741 1684 pe-

950 1694 1007 1722 riit.
1025 1694 1167 1722 Nicolaum
1189 1695 1291 1729 pariter
1304 1695 1513 1723 hetaeriarcham
1536 1699 1564 1722 et
1587 1694 1740 1730 Stylianum

949 1746 976 1768 et
990 1740 1122 1768 Joannem
1137 1746 1164 1768 et
1177 1740 1287 1769 Zautzae
1301 1748 1388 1775 genus
1400 1747 1494 1771 omne,
1510 1739 1562 1768 hos
1574 1739 1683 1775 quidem
1699 1740 1741 1766 de-

949 1785 1048 1817 tondit,
1064 1786 1134 1813 alios
1149 1785 1295 1820 publicatis
1309 1792 1406 1813 eorum
1426 1784 1605 1812 facultatibus
1620 1784 1648 1811 in
1665 1784 1740 1810 exsi-

950 1832 1017 1859 lium
1026 1831 1140 1867 expulit.
1158 1831 1297 1867 Magistris
1315 1838 1379 1859 vero
1392 1830 1556 1865 cunctisque
1569 1830 1596 1857 in
1609 1829 1742 1864 dignitate

950 1877 1049 1913 positis
1060 1877 1095 1904 ab
1111 1876 1278 1911 imperatore
1289 1876 1443 1907 advocatis,
1457 1883 1518 1910 qua:
1534 1882 1550 1902 a
1568 1874 1688 1901 Samona
1700 1873 1740 1900 si-

949 1921 1078 1958 gnificata
1091 1921 1212 1955 fuerant,
1228 1926 1327 1949 cuncta
1345 1921 1464 1956 perlecta
1487 1924 1560 1947 sunt.
1583 1919 1623 1946 Illi
1651 1919 1740 1946 virum

949 1969 1024 1996 velut
1051 1968 1230 2003 imperatoris
1255 1968 1319 1995 vita:
1337 1967 1526 2002 providentem
1560 1965 1742 1999 maximisque

950 2015 1102 2042 honoribus
1117 2014 1231 2050 dignum
1247 2014 1464 2049 pronuntiarunt
1476 2023 1484 2047 ;
1496 2021 1582 2048 quare
1597 2016 1742 2047 protospa-

950 2061 1032 2088 tharii
1048 2060 1182 2096 dignitate
1196 2061 1344 2089 confestim
1360 2061 1522 2088 honoratur.
1547 2059 1672 2086 Mortuus
1697 2062 1740 2085 est

950 2112 1041 2135 autern
1061 2106 1217 2142 Stephanus
1233 2106 1398 2142 patriarcha,
1416 2111 1443 2134 et
1461 2106 1487 2133 in
1499 2106 1558 2140 ejus
1576 2105 1665 2132 locum
1690 2103 1740 2131 Ni-

950 2153 1045 2181 colaus
1065 2153 1242 2188 imperatoris
1256 2152 1390 2188 mysticus
1406 2156 1561 2188 provectus.
1591 2149 1742 2178 Demetrias

950 2205 1041 2227 autem
1057 2200 1188 2235 oppidum
1205 2199 1239 2227 ad
1254 2200 1366 2227 Graeciae
1383 2200 1473 2226 thema
1491 2203 1630 2234 spectans,
1650 2204 1664 2224 a
1682 2196 1740 2223 Da~

106 2240 244 2274 Στέφανος
263 2243 277 2269 ὁ
294 2245 483 2280 πατριάρχης*
508 2247 555 2272 καὶ
576 2246 635 2273 ἀντ’
659 2247 743 2274 αὑτοῦ
761 2248 898 2283 ἐχειροτο-

951 2245 1043 2272 miano
1054 2245 1180 2280 Agareno
1197 2250 1307 2280 captum
1321 2250 1375 2273 est.
1395 2245 1549 2279 Imperator
1566 2243 1622 2270 Leo
1633 2243 1741 2269 Annam

106 2285 174 2320 νήθη
186 2286 319 2320 Νικόλαος
335 2290 348 2315 ὁ
364 2292 538 2327 πατριάρχης
548 2312 555 2324 ,
581 2293 712 2327 μυστικὸς
726 2292 765 2320 ὢν
777 2293 833 2329 (80)
850 2294 897 2322 τοῦ

107 2331 250 2365 βασιλέως.
266 2335 430 2371 Παρελήφθη
444 2337 472 2364 δὲ
490 2339 521 2364 τὸ
533 2339 650 2374 κάστρον
665 2340 682 2375 ή
698 2340 858 2375 Δημητριὰς
868 2340 898 2367 ἑν

105 2375 146 2412 τῷ
157 2376 257 2413 θέματι
272 2379 323 2414 τῆς
346 2380 470 2413 Ἑλλάδος
484 2382 538 2409 ὑπὸ
553 2383 690 2417 Δαμιανοῦ
707 2383 754 2410 τοῦ
778 2384 899 2419 ’Δγαρη-

106 2421 165 2449 νοῦ.
180 2423 297 2451 Λέωνδὲ
313 2426 327 2451 ὁ
352 2426 478 2460 βασιλεὺς
505 2428 599 2462 στέφει
629 2428 731 2455 Ἅνναν
759 2428 899 2463 θυγατέρα

107 2467 198 2502 Ζωῆς,
216 2469 266 2503 τῆς
289 2471 343 2497 ἀπὸ
357 2471 404 2498 τοῦ
426 2472 559 2507 Ζαούτζη,
582 2472 627 2499 διὰ
651 2473 681 2499 τὸ
709 2473 747 2508 μὴ
767 2472 898 2499 δύνασθαι

107 2514 197 2541 ποιεῖν
209 2515 243 2542 τὰ
259 2517 290 2542 ὲκ
305 2516 391 2544 τύπου
404 2517 554 2553 κλητὼρια,
571 2518 609 2553 μὴ
631 2517 713 2554 οῠσης
728 2517 899 2552 Αὐγούπης,

114 2559 250 2595 Ἠγάγετο
260 2562 311 2590 δὲὸ
326 2563 454 2599 βασιλεὺς
469 2565 554 2600 κόρην
566 2566 598 2591 ὲκ
611 2564 657 2592 τοῦ
675 2563 793 2600 θέματος
821 2564 896 2599 Ὀψι-

951 2288 1031 2325 48],
1049 2289 1128 2322 Zoes,
1144 2297 1205 2323 quae
1218 2289 1327 2316 Zautza:
1341 2289 1403 2321 fuit,
1420 2289 1502 2315 tiliam
1518 2287 1625 2322 imperii
1640 2295 1741 2314 corona

952 2337 1103 2368 redimivit,
1130 2336 1200 2370 quod
1231 2336 1375 2364 deﬁciente
1399 2337 1533 2370 Augusta,
1562 2335 1686 2362 instituta
1708 2343 1740 2362 ex

952 2390 1028 2409 more
1038 2383 1163 2410 convivia
1174 2382 1313 2409 celebrare
1322 2390 1376 2408 non
1389 2385 1490 2415 posset.
1507 2380 1658 2415 Imperator
1670 2381 1741 2408 idem

952 2428 1063 2456 ductae
1077 2427 1197 2454 themate
1219 2426 1322 2462 Opsicii
1350 2427 1545 2454 venustissima
1567 2427 1668 2461 puella,
1695 2434 1743 2453 no-

952 2474 1026 2501 mine
1036 2473 1167 2506 Eudocia,
1180 2473 1331 2507 Augustam
1343 2473 1496 2506 coronavit,
1504 2478 1531 2501 et
1541 2473 1741 2508 impcratriccm

953 2526 1123 2553 uxoremque
1135 2518 1303 2546 I‘CIIIIIIIIaVII.
1313 2527 1320 2546 ε
1332 2526 1363 2546 ex
1374 2526 1405 2546 ea
1418 2526 1504 2553 puero
1514 2518 1636 2545 IlliISCUIO
1647 2525 1742 2545 susce-

950 2569 1008 2600 pto,
1027 2569 1114 2592 mater
1124 2569 1150 2592 et
1160 2565 1206 2600 qui
1219 2565 1328 2600 genitus
1341 2564 1392 2592 fuit
1406 2571 1473 2599 puer
1485 2564 1588 2600 pariter
1603 2564 1742 2591 obierunt.

682 2620 806 2648 FIIANC.
821 2619 1017 2650 COMBEFISII
1036 2621 1153 2650 ΝΟΤίΕ.

146 2665 204 2702 (75)
216 2666 353 2702 Anonym.
368 2667 517 2700 διεξῆλθεν.

146 2697 202 2737 (76)
213 2735 222 2738 _
231 2697 423 2736 ’Δριᾶτώντων
435 2697 464 2730 δὲ
477 2703 576 2730 αὐτῶν.
591 2702 684 2734 (Ic-In,
706 2697 796 2730 Ᾰιιοιι.
808 2702 900 2738 perin-

110 2735 200 2773 deque
212 2735 278 2768 Leo,
297 2738 402 2765 interim
418 2738 472 2765 illis
485 2737 687 2773 providentibus.

147 2771 204 2808 (77)
223 2772 356 2808 Anonym.
382 2771 504 2808 χιλιάδας
523 2774 571 2800 κδ’.

223 2806 417 2848 Editu‘tlreru‘t,
432 2809 475 2836 διὰ
493 2809 655 2848 Βασιλίσκου
677 2810 835 2848 Πιττακξου,
852 2817 898 2848 per

113 2841 274 2870 Basiliscum
306 2843 462 2876 Pinacium,
492 2844 571 2879 quasi
594 2851 685 2873 essent
710 2845 764 2872 duo
787 2841 896 2872 nomina

111 2884 233 2913 propria.

991 2669 1046 2704 (79)
1076 2669 1116 2696 Ad
1143 2669 1295 2696 descensum
1326 2668 1514 2703 sphwrislerii;
1537 2667 1673 2704 siquidem
1700 2667 1743 2700 r‘,

954 2703 1139 2741 τζυκσινίςειν,
1162 2704 1267 2741 Acmen
1291 2707 1333 2731 est
1360 2704 1413 2741 pila
1432 2704 1540 2741 ludere.
1571 2703 1616 2730 Sic
1629 2709 1739 2741 verget

954 2739 1033 2773 equis
1048 2739 1196 2771 ludebant;
1219 2738 1343 2773 adeoque
1361 2737 1451 2765 ’fucrit
1470 2739 1528 2765 haec
1545 2746 1652 2773 quoque
1670 2737 1741 2764 Circi

953 2783 1030 2812 pars,
1047 2783 1095 2812 seu
1116 2775 1182 2812 quid
1202 2775 1240 2801 illi
1257 2774 1446 2812 conjunctum.
1466 2808 1481 2812 _
1579 2807 1585 2812 _
1609 2807 1626 2812 _
1655 2806 1671 2812 .-

990 2811 1045 2843 (80)
1062 2809 1099 2836 De
1125 2806 1180 2837 hac
1210 2816 1277 2836 voce
1303 2806 1383 2836 docte
1407 2808 1438 2836 P.
1462 2808 1534 2836 Goar
1553 2807 1585 2835 ad
1607 2806 1741 2834 Codinum

954 2853 1015 2881 pag.
1034 2845 1096 2879 599,
1113 2844 1159 2873 ubi
1175 2844 1257 2873 etiam
1285 2844 1404 2872 militare
1426 2843 1590 2872 vocabulum
1609 2843 1741 2870 ostendit.
