2035 3153
151 165 220 201 1131

804 175 1145 209 CHRONOG-RAPHIA.

1727 181 1794 215 1133

149 226 311 262 γενομένου,
340 227 387 254 καὶ
416 229 454 264 μὴ
480 230 634 266 δεχθέντοςε
653 233 682 258 ἐν
694 233 788 268 χωρίῳ
799 233 829 260 δὲ
842 234 940 270 όνομα-

997 236 1142 269 deductus,
1165 237 1248 265 omni
1261 245 1310 273 spe
1327 238 1421 273 lapsus
1447 243 1500 271 est,
1528 247 1613 274 quare
1639 240 1712 276 iuga.
1728 250 1796 269 usus

149 271 256 307 ζομένῳ
276 273 417 308 Γοηλέοντι
451 275 580 310 φεύγοντι
597 277 758 314 [φεύγοντος
773 280 834 316 καὶ]
846 281 946 317 συλλη-

149 318 282 353 φθέντοςη·
312 321 473 348 ἀπέστειλεν
495 322 637 358 Ῥωμανὸς
670 325 798 360 Ἰωάννην
812 327 857 353 τὸν
876 328 946 354 Του-

148 365 233 400 δάκη,
251 367 298 392 καὶ
311 367 412 394 Λέοντα
426 368 471 394 τὸν
486 369 569 396 αὐτοῦ
589 372 723 406 συγγενῆ,
741 371 813 399 ὥστε
830 373 946 408 εἰσαγα-

147 413 208 445 γιῐν
228 412 310 439 αὑτὸν
339 413 368 440 ἐν
382 415 415 449 τῇ
444 415 532 443 πόλει.
550 417 582 442 υἱ
596 417 624 443 δὲ
638 418 734 445 τοῦτον
755 420 945 454 κρατήσαντες

148 458 360 492 ἀπετύιρλωσαν,
394 461 483 488 καίτοι
508 463 645 498 μηδεμίαν
658 465 734 500 παρὰ
748 465 837 502 [περὶ]
848 467 945 493 τούτου

147 504 295 540 δεξάμενοι
321 506 445 542 ἐντολὴν,
471 508 530 534 ἀλλ’
559 510 716 546 αὐθαιρέτῳ
744 511 842 548 γνώμῃ
864 512 944 539 τοῦτο

148 551 342 584 πεποιηκότες,
357 552 395 584 ὼς
416 553 607 589 ἀγανακτῆσαι
632 558 679 583 ἐπὶ
705 557 794 593 τούτῳ
807 559 855 585 καὶ
867 558 945 593 βασι-

147 596 300 632 λεοπάτορα
318 597 468 633 Ῥωμανόν.
481 600 630 637 Αὐγούστῳ
645 602 674 629 δὲ
689 603 755 638 μην).
769 604 943 640 κατςμηνύῧη

146 643 182 670 τὰ
197 644 248 678 τῆς
273 644 420 679 ἐπιδουλῆς
447 646 656 675 Κωνσταντίνου
684 650 879 685 Κτηματηνοῠ,
896 651 943 677 καὶ

146 689 230 716 Δαὸὶδ
254 690 459 725 Καμουλιανοῦ,
487 694 534 720 καὶ
574 695 686 730 Μιχαὴλ
699 696 875 732 κουράτωρος
889 696 944 724 τῶν

146 736 322 770 Μαγγάνων·
349 738 398 764 καὶ
423 739 572 773 τυφθέντες
596 738 670 768 οὗτοι
684 742 731 768 καὶ
750 742 943 777 δημευθέντες,

146 782 191 809 διὰ
210 783 298 819 μέσης
325 784 436 818 διῆλθον
449 786 498 820 τῆς
515 787 632 818 πόλεως,
659 788 707 814 καὶ
722 789 750 814 ὲν
762 789 856 825 ὲξορίᾳ
871 798 943 825 παρ-

146 830 341 865 επέμφθησαν.
376 832 500 866 Ἥγαγον
522 833 550 859 δὲ
578 834 682 860 Λέοντα
718 835 870 870 μάγιστρον
895 837 943 862 καὶ

145 878 308 913 δομέστικον
327 879 382 906 τῶν
406 881 511 915 σχολῶν
536 881 565 908 ἐν
582 883 614 917 τῇ
643 882 732 915 πόλει,
765 883 813 910 καὶ
833 883 942 919 διῆλθεν

127 925 175 963 -ὲν
190 925 262 961 μέσῃ
274 926 307 961 τῇ
324 926 413 962 ἀγορᾷ
425 928 530 963 ἡμιόνῳ
547 928 724 963 ἐφεζόμενος.
746 929 893 965 Ἐςρωράοη
912 930 941 957 δὲ

145 972 194 997 καὶ
220 970 281 1006 Ζωὴ
303 972 451 1005 Δὺγοῦστα
488 974 704 1001 ἐπιϐουλεύουσα
733 975 868 1011 Ῥωμανῴ
897 976 942 1002 διὰ.

144 1017 390 1052 κειραρμαγμένων
408 1018 562 1054 βρωμάτων
576 1020 629 1047 ὑπὸ
647 1020 800 1054 Θεοκλήτου
815 1022 942 1057 νοταρίου

143 1063 195 1095 τῆς
223 1063 376 1099 ὑπουργίας
400 1066 621 1092 σκευασθέντων·
641 1068 688 1093 καὶ
704 1067 808 1102 ταύτην
824 1068 872 1094 τοῦ
887 1077 941 1095 itan

144 1108 237 1136 λατίου
271 1110 516 1144 καταῆιῦάζουσιν,
531 1113 577 1139 καὶ
592 1114 631 1144 εἰς
646 1113 675 1139 τὸ
688 1113 803 1149 Πετρίον
815 1114 939 1148 ἀπάγου-

145 1164 198 1187 σιν,
210 1156 286 1192 [αάά.
304 1158 333 1182 ὲν
342 1156 387 1192 τῇ]
402 1157 452 1192 τῆς
474 1158 569 1192 ’Δγίας
583 1159 729 1194 Εὑφημίας
746 1162 813 1195 μονῇ
828 1161 940 1188 ἀποκεί-

145 1210 253 1238 ραντες.
268 1203 447 1239 Προσεκλήθη
459 1203 488 1230 δὲ
501 1205 578 1240 παρὰ
588 1205 780 1239 Θεοφυλάκτου
791 1207 938 1242 πατρικίου

144 1249 190 1275 καὶ
208 1248 328 1284 κόμητος
343 1248 390 1275 τοῦ
407 1250 522 1277 σταύλου
538 1252 578 1283 εἰς
601 1251 712 1287 ἄριστον
727 1253 741 1279 ὁ
763 1252 941 1288 παιδαγωγὸς

144 1293 356 1321 Κωνσταντίνου
382 1294 516 1329 βασιλέως
535 1297 690 1332 Θεόδωρος,
720 1300 766 1326 καὶ
798 1301 940 1336 Συμεὼνὸ

143 1339 228 1366 αὑτοῦ
241 1340 367 1374 ἀδελφός.
385 1341 550 1370 Ἐσθιόντων
564 1344 592 1370 δὲ
608 1345 699 1372 αὐτῶν
715 1347 840 1380 εἰσῆλθεν
850 1348 939 1374 Ἰωάν-

143 1394 192 1419 νης
203 1386 387 1421 δρουγγάριος
402 1388 416 1413 ὁ
435 1389 597 1423 Κουρκούας
614 1391 694 1426 μετὰξ
708 1392 836 1420 πλείστου
862 1394 938 1426 λαοῦ,

143 1432 191 1458 καὶ
216 1432 330 1464 τούτους
361 1434 524 1469 ἀναρπάσας
548 1436 588 1463 si:
610 1436 641 1463 τὸ
662 1437 782 1472 ὐψίκιον
808 1439 939 1475 ἐξώρισεν

142 1477 172 1503 ιν
190 1478 246 1509 τοῖς
261 1477 352 1506 αὐτῶν
364 1481 550 1515 προαστείοις,
565 1482 602 1514 ὡς
619 1483 691 1510 κατὰ
713 1485 855 1520 Ῥωμανοῦ
888 1495 937 1521 με-

141 1523 288 1556 λετῶντας.
313 1525 407 1553 Eiuth
429 1527 457 1553 δὲ
476 1529 594 1564 τετάρτῃ
629 1530 821 1567 Σεπτεμὸρίου
852 1533 936 1568 μηνὸς

144 1571 177 1605 τῇ
193 1570 242 1596 τοῦ
275 1572 414 1607 Καίσαρος
429 1573 503 1608 ἀξίᾳ,
518 1575 566 1600 καὶ
582 1577 744 1612 Δεκεμϐρίῳ
761 1581 826 1613 μηνὶ
837 1578 938 1614 δεκάτῃ
952 1585 974 1616 C

143 1617 247 1653 ὲόδόμῃ
261 1620 293 1654 τῇ
307 1619 360 1645 τῶν
373 1621 556 1656 προπατόρων
571 1623 666 1657 κυρίου
682 1624 722 1659 τῷ
730 1625 780 1660 τῆς
797 1625 936 1660 βασιλείας

143 1664 274 1698 στέφεται
299 1665 448 1700 διαδήματι
470 1667 548 1702 παρὰ
573 1668 780 1696 Κωνσταντίνου
806 1671 938 1705 βασιλέως

143 1710 191 1736 καὶ
207 1711 344 1738 Νικολάου
361 1712 547 1749 πατριάρχου,
560 1715 607 1741 καὶ
615 1716 647 1750 τῇ
664 1715 720 1742 τῶν
737 1717 824 1750 ἁγίων
835 1718 938 1744 Φὼτων

141 1756 236 1793 ἡμέρᾳ
262 1759 355 1792 στέφει
369 1759 511 1794 Θεοδώραν
526 1760 576 1796 τὴν
602 1763 720 1795 γυναῖκα
732 1763 826 1790 αὑτοῦ.
857 1765 938 1800 Μαΐῳ

142 1801 170 1828 δὲ
185 1803 251 1837 μηνὶ
277 1804 378 1841 δεκάτῃ
394 1805 495 1842 ἑϐδόμῃ
512 1806 679 1839 ὶνδικτιῶνος
702 1808 734 1841 ε’,
751 1809 937 1845 Χριστοφόρος

141 1847 227 1879 όυὶδς
249 1848 390 1885 Ῥωμανοῦ
407 1852 607 1887 ἀναγορεύεται
632 1854 775 1889 βασιλεύς·
806 1857 935 1890 στέφεται

141 1892 169 1920 δὲ
180 1895 213 1929 τῇ
231 1896 318 1923 εἰκάδι
347 1897 395 1924 τοῦ
417 1899 501 1925 αὑτοῦ
530 1900 615 1935 μηνὸς
629 1901 706 1936 παρὰ
725 1902 936 1930 Κωνσταντίνου

142 1938 276 1985 βασιλέως
290 1943 334 1977 ττῇ
348 1943 397 1977 τῆς
427 1944 509 1978 ἁγίας
545 1946 740 1983 Πεντηκοστῆς
769 1949 872 1985 ἡμέρᾳ,
890 1951 938 1977 καὶ

142 1986 218 2021 μόνοι
236 1984 308 2014 οὗτοι
326 1989 351 2015 οἱ
380 1989 427 2016 δύο
441 1991 471 2017 ὲν
495 1992 527 2027 τῇ
543 1992 611 2028 αὐτῇ
633 1994 791 2030 προελεύσει
814 1997 936 2031 προσῆλ-

141 2030 187 2057 οον
204 2032 276 2067 (28).

182 2124 286 2161 Ἰουλίῳ
307 2125 335 2153 δὲ
347 2127 413 2163 μηνὶ
438 2127 520 2164 ὀγδόῃ
545 2129 711 2162 ίνδικτιῶνος
722 2131 814 2168 ἡμέρᾳ
829 2132 934 2167 Κυρίου

139 2171 158 2205 ἦ
172 2169 223 2205 τῆς
247 2171 411 2207 Ἑκκλησίας
435 2174 512 2209 παρὰ
528 2174 673 2210 Ῥωμανοῦ
687 2177 799 2211 γέγονεν
827 2178 934 2210 ἐνωσις,

138 2215 269 2243 ἁπάντων
287 2217 443 2245 ἑνωθέντων
453 2221 663 2256 μητροπολιτῶν
684 2231 714 2249 τε
725 2224 772 2250 καὶ
783 2223 934 2259 κληρικῶν,

139 2260 195 2287 τῶν
216 2261 270 2288 ἀπό
300 2262 436 2290 Νικολάου
465 2266 635 2302 πατριάρχου
667 2268 715 2295 καὶ
731 2268 871 2303 Εὑθυμίου
897 2270 936 2296 δι-

139 2308 322 2343 εσχισμένων.
343 2310 438 2346 Ὀγδόῃ
449 2311 478 2338 δὲ
493 2312 680 2349 Φεϐρουαρίου
693 2314 787 2350 μηνὸς,
800 2315 934 2342 ὶνδικτιῶ-

138 2363 185 2386 νος
206 2355 308 2391 δεκάτῃ
319 2356 416 2392 ἐννάτῃ
432 2358 598 2391 ἀποστείλας
619 2360 759 2395 Ῥωμανὸς
772 2360 932 2396 ὑπερορίξει

138 2401 188 2427 τὸν
213 2402 364 2438 μάγιστρον
397 2404 534 2438 Στέφανον
559 2405 605 2432 τὸν
618 2406 669 2440 τῆς
696 2406 878 2441 Καλομαρίας
894 2408 932 2439 εἰς

138 2448 190 2482 τήν
213 2450 364 2483 Ἀντιγόνου
397 2451 488 2486 νῆσον,
514 2451 551 2483 ὡς
565 2453 614 2487 τῆς
647 2452 786 2487 βασιλείας
805 2453 932 2488 ἐφίεσθαι

138 2493 368 2529 κατηγορηθέντα
383 2503 390 2511 ·
419 2496 528 2531 πρῶτον
540 2497 622 2524 αὑτὸν
638 2497 788 2533 ἀποκείρας
798 2498 855 2533 ἃμα
870 2498 935 2525 Θεο-

138 2537 221 2571 φάνει
249 2538 396 2576 Τειχειώτῃ
422 2542 470 2568 καὶ
487 2542 585 2577 Παύλῳ
604 2542 804 2579 ὀρφανοτρόφῳ
829 2543 936 2579 ἀνθρὼ-

138 2590 202 2615 rm;
230 2584 324 2613 αὑτοῦ.
348 2586 495 2622 Ἐποίησεν
527 2587 668 2623 Ῥωμανὸς
693 2588 821 2624 βασιλεὺς
847 2590 875 2616 ὲν
896 2589 935 2625 τῷ

139 2628 330 2666 Τριὸουναλίῳ
346 2632 509 2668 πρόκενσον,
527 2635 707 2670 συνηγμένων
725 2635 859 2662 ἁπάντων
873 2635 934 2671 μεθ’

138 2674 231 2701 ὅπλων
259 2677 361 2705 ἐκεῖσε.
393 2678 447 2705 Τοῦ
477 2680 624 2716 ἀδνουμίου
653 2681 681 2708 δὲ
699 2684 850 2718 γενομένου
875 2685 932 2721 (‘29)

997 287 1024 308 ct
1039 282 1073 309 de
1090 282 1214 317 ingressu
1230 283 1256 310 in
1275 283 1370 312 urbem
1398 284 1518 319 aliquam
1541 285 1703 320 desperans,
1720 284 1794 321 quod

998 327 1057 354 sine
1072 327 1216 362 dignitatis
1231 328 1310 356 titulo
1331 333 1358 356 et
1384 329 1489 357 viribus
1504 330 1656 363 accederet,
1671 335 1698 366 et
1724 331 1796 359 forte

997 381 1052 400 non
1068 374 1248 409 reciperetur,
1266 375 1293 402 in
1311 375 1402 403 locant
1419 376 1462 404 cui
1479 377 1598 404 Gocleon
1615 378 1793 410 nomen..lu—

997 420 1075 454 gicns
1090 421 1309 455 comprehensus
1330 427 1391 449 est:
1413 423 1511 450 exinde
1540 422 1681 451 Romanus
1708 423 1793 451 Joan-

996 473 1058 493 nem
1076 465 1213 495 Tubacem
1230 471 1257 495 et
1277 467 1395 496 Leonem
1410 468 1470 504 ejus
1488 474 1636 504 cognatum
1654 469 1792 497 hominem

996 512 1023 539 in
1041 512 1137 540 urbem
1160 513 1330 542 adducturos
1345 515 1430 542 misit.
1448 515 1683 550 Comprehensum
1701 516 1794 551 itaque

996 559 1084 587 oculis
1108 560 1296 595 privaverunt,
1318 561 1393 589 nullo
1415 562 1479 590 licet
1499 570 1581 597 super
1608 563 1661 590 hoc
1679 567 1793 598 accepto

994 603 1087 639 jussu,
1103 606 1150 633 sed
1167 611 1317 641 spontanea
1338 608 1478 635 voluntate
1493 607 1527 635 ad
1545 608 1597 635 hoc
1617 607 1711 637 ducti:
1724 608 1792 636 adeo

995 656 1026 678 ut
1041 652 1216 686 imperatoris
1242 653 1321 681 Pater
1345 654 1486 682 Romanus
1499 655 1532 681 de
1548 654 1674 683 facinore
1695 655 1792 683 trista-

996 702 1041 725 tus
1073 698 1166 726 fuerit.
1206 700 1300 728 Mense
1332 706 1424 728 autem
1454 700 1580 736 Augusto
1615 701 1791 729 Constantini

996 744 1160 777 Ctematcni,
1177 745 1287 774 Daridis
1303 747 1471 780 Camuliani,
1484 751 1512 774 et
1527 747 1668 775 Michaelis
1681 755 1793 782 manga-

995 797 1094 818 nnrttm
1110 792 1246 819 curatocis
1262 793 1374 820 detectae
1389 797 1453 820 sunt
1468 793 1592 821 insidiae:
1609 801 1694 831 quare
1709 794 1790 821 etiam

995 835 1034 868 hi,
1052 835 1132 864 bonis
1156 838 1314 872 publicatis,
1333 839 1493 867 verberibus
1508 840 1609 872 ali'ecti,
1625 844 1653 867 et
1673 848 1721 876 per
1736 849 1792 868 mc-

994 881 1068 909 diam
1093 883 1188 911 urbem
1204 884 1335 918 traducti,
1350 884 1378 912 in
1395 885 1523 913 exsilium
1541 886 1618 914 missi
1634 891 1709 915 sunt.
1726 886 1792 914 Leo-

995 933 1057 953 nem
1077 927 1191 962 insuper
1205 922 1369 963 magistrum
1387 935 1414 957 et
1433 930 1590 958 scholarum
1609 930 1789 959 domesticum

996 971 1022 998 in
1039 972 1134 1000 urbem
1152 973 1332 1007 induxerunt,
1353 975 1400 1010 qui
1423 975 1497 1002 tnulo
1522 975 1646 1003 insidens
1663 984 1711 1011 per
1731 984 1789 1004 mc-

994 1018 1071 1045 dium
1088 1019 1178 1046 forum
1195 1021 1368 1054 pertransiit.
1388 1021 1482 1049 Delata
1499 1026 1540 1050 est
1566 1023 1649 1050 etiam
1667 1021 1722 1049 Zoe
1734 1022 1790 1049 Au-

993 1070 1085 1099 gusta,
1103 1071 1130 1093 ut
1146 1074 1208 1101 quze
1234 1066 1359 1095 Romano
1382 1076 1432 1103 per
1452 1069 1530 1097 cibos
1555 1076 1658 1096 veneno
1673 1068 1790 1097 inlectos
1831 1073 1838 1085 ‘

994 1119 1009 1138 a
1024 1112 1172 1141 Theoclcto
1188 1114 1334 1142 ministerii
1357 1115 1467 1143 notario
1483 1115 1660 1144 insidiaretur
1676 1125 1683 1143 :
1704 1123 1790 1151 quare

993 1158 1065 1186 hanc
1084 1167 1100 1186 e
1113 1160 1213 1194 palatio
1229 1161 1357 1189 recedere
1374 1166 1510 1194 coactam.
1527 1163 1553 1190 in
1571 1166 1673 1190 sanctae
1687 1161 1790 1198 Euphe-

993 1205 1055 1232 miaa
1075 1207 1242 1235 monasterio
1270 1208 1304 1235 ad
1332 1207 1452 1241 Petrium
1485 1208 1540 1236 sito
1568 1209 1658 1237 tonsis
1684 1209 1790 1243 capillis

992 1251 1139 1278 monialem
1169 1252 1304 1280 fecerunt.
1323 1253 1485 1282 Theodorus
1507 1260 1599 1282 autem
1616 1254 1789 1283 Constantini

992 1296 1168 1332 imperatoris
1195 1300 1361 1334 paedagogus
1385 1305 1411 1328 et
1434 1299 1545 1328 Simeon
1572 1301 1631 1336 ejus
1658 1301 1750 1333 frater,
1774 1309 1790 1328 τι

992 1343 1199 1380 Theopbylacto
1218 1346 1336 1380 patricio
1361 1351 1389 1373 et
1405 1347 1507 1374 stabuli
1526 1348 1628 1375 comite
1645 1348 1677 1375 ad
1694 1349 1789 1376 comi-

991 1391 1065 1418 rium
1092 1397 1205 1419 vocatus
1222 1396 1275 1419 est.
1307 1391 1541 1420 Recumbentibus
1571 1393 1635 1424 illis,
1667 1392 1788 1420 Joannes

992 1436 1161 1472 Drungarius
1185 1437 1309 1465 Curcuas
1327 1446 1391 1466 cum
1409 1439 1501 1474 populi
1529 1439 1608 1466 turba
1633 1438 1787 1473 ingressus.

991 1487 1084 1517 raptos
1096 1483 1206 1510 eosdem
1225 1484 1258 1510 ad
1277 1483 1420 1518 Opsicium
1441 1483 1600 1511 eliminatos
1617 1483 1735 1518 propriis
1761 1483 1790 1510 in

991 1529 1168 1559 suburbanis.
1191 1529 1262 1557 velut
1281 1530 1415 1558 adversus
1438 1529 1592 1557 ROmanutn
1617 1529 1790 1558 machinatus

990 1574 1116 1602 exsulare
1150 1575 1251 1610 coegit.
1276 1576 1379 1609 Quarto
1413 1584 1480 1604 vero
1507 1584 1591 1611 supra
1627 1576 1788 1604 vicesimum

990 1622 1162 1656 Septembris
1188 1622 1304 1654 mensis,
1323 1622 1442 1651 Caesaris
1467 1623 1610 1659 dignitate,
1632 1623 1789 1651 Decembris

989 1672 1079 1694 autem
1113 1668 1217 1695 mensis
1247 1668 1356 1695 decimo
1382 1669 1512 1702 septimo,
1539 1668 1642 1695 Christi
1676 1667 1787 1695 Domini

988 1717 1184 1748 proparentum
1203 1713 1286 1746 festo,
1303 1714 1412 1749 imperii
1429 1714 1586 1742 diademate
1612 1722 1626 1740 a
1652 1713 1789 1741 Constan-

988 1759 1046 1786 tino
1077 1761 1243 1794 imperatore
1271 1764 1298 1787 et
1322 1759 1435 1788 Nicolao
1467 1760 1624 1794 patriarcha
1647 1759 1788 1787 Romanus

988 1810 1121 1838 ornatur;
1146 1810 1305 1833 sanctorum
1331 1806 1430 1834 deinde
1458 1805 1607 1833 Luminum
1627 1806 1671 1833 die
1699 1804 1789 1833 Theo-

988 1851 1083 1878 doram
1107 1859 1218 1879 uxorem
1234 1856 1366 1885 coronat;
1381 1859 1445 1879 mox
1461 1851 1523 1878 Maii
1551 1851 1654 1880 mensis
1679 1850 1787 1879 decimo

988 1897 1114 1931 septimo,
1139 1897 1289 1925 indictione
1302 1898 1409 1932 quinta,
1427 1896 1645 1932 Christophorus
1671 1897 1787 1924 Romani

989 1943 1060 1971 Illius
1086 1943 1236 1978 imperator
1253 1944 1448 1971 renuntiatur:
1479 1947 1507 1971 et
1532 1943 1656 1979 ejusdem
1684 1943 1788 1971 mensis

987 1989 1118 2024 vicesimo
1136 1994 1239 2017 sanctae
1260 1989 1440 2018 Pentecostes
1455 1990 1499 2017 die
1514 1989 1594 2021 fcslo,
1610 1997 1625 2016 a
1646 1988 1785 2017 Constan-

987 2036 1044 2063 tino
1068 2036 1232 2064 redimitur:
1250 2036 1351 2072 istique
1374 2037 1428 2064 duo
1444 2037 1496 2064 soli
1511 2036 1634 2071 ejusdem
1649 2035 1702 2063 diei
1721 2041 1786 2071 pro-

986 2090 1066 2111 cessu
1089 2083 1203 2110 solemni
1229 2091 1278 2118 per
1302 2083 1397 2111 urbem
1423 2082 1562 2118 progressi
1585 2087 1660 2110 sunt.

1022 2128 1106 2156 Porro
1122 2127 1195 2156 Julio
1212 2136 1316 2161 mense,
1335 2129 1484 2156 indictione
1509 2128 1591 2165 497
1618 2132 1720 2156 octava
1742 2126 1786 2154 die

987 2175 1128 2203 Dominico
1145 2175 1228 2203 totius
1257 2174 1386 2203 Ecclesiae
1401 2182 1416 2202 ιι
1430 2174 1556 2203 Romam
1581 2174 1647 2202 inita
1662 2177 1709 2201 est
1717 2180 1786 2201 con-

987 2223 1091 2255 cordia,
1113 2222 1222 2250 cunctis
1245 2222 1430 2257 metropolitis
1444 2225 1471 2249 et
1497 2221 1618 2254 clericis,
1637 2220 1685 2256 qui
1700 2228 1715 2247 a
1739 2219 1786 2246 Ni-

951 2260 974 2288 D
987 2269 1056 2297 colai
1075 2274 1103 2296 et
1120 2268 1259 2303 Enthymii
1277 2269 1401 2304 partibus
1416 2268 1513 2296 divisis
1528 2272 1661 2295 steterant
1673 2266 1784 2297 animis,

989 2316 1016 2342 in
1037 2315 1248 2343 consensionem
1273 2315 1461 2343 redeuntibus.
1490 2313 1592 2341 Mensis
1617 2318 1709 2340 autent
1733 2311 1786 2339 Fe-

988 2362 1090 2390 bruarii
1108 2363 1267 2394 dieoctavo,
1285 2362 1438 2390 indictione
1457 2361 1562 2389 decima
1579 2367 1661 2392 noua,
1673 2359 1785 2386 mittens

988 2407 1128 2435 Romanus
1142 2408 1302 2443 magistrum
1327 2407 1499 2441 Stephanum
1520 2405 1782 2434 Calatnariaslilium

986 2451 1013 2479 in
1039 2452 1212 2488 Antigoniam
1231 2453 1350 2480 insulam
1374 2453 1497 2480 exsulem
1521 2452 1616 2488 eiecit,
1630 2450 1784 2486 imperandi

986 2498 1146 2534 cupiditatis
1169 2503 1345 2527 accusatum:
1372 2507 1435 2526 cum
1456 2498 1532 2535 prius
1546 2505 1600 2525 una
1616 2505 1679 2525 cum
1699 2496 1784 2523 Theo-

989 2545 1078 2579 phane
1105 2543 1230 2572 Tichiote
1254 2549 1282 2572 et
1308 2544 1393 2573 Paulo
1417 2543 1639 2580 orphanotropho
1666 2541 1784 2577 propriis

989 2591 1148 2619 dotncsticis
1176 2591 1203 2618 in
1221 2592 1386 2619 monachum
1408 2593 1544 2620 detonsus
1568 2591 1675 2618 fuisset.
1699 2589 1783 2617 Caete-

990 2647 1050 2666 rum
1069 2638 1209 2666 Romanus
1233 2639 1385 2674 imperator
1399 2638 1432 2667 ad
1470 2638 1662 2666 Tribunalium
1679 2636 1781 2664 solent-

990 2693 1050 2712 nem
1076 2684 1179 2713 habens
1209 2693 1380 2720 processum,
1408 2685 1516 2713 cunctis
1542 2691 1680 2712 armorum
1707 2683 1781 2710 omni

731 2763 854 2792 FRANC.
871 2766 1069 2796 COMBEFISII
1085 2768 1200 2796 ΝΟΤᾹῦ.

139 2847 226 2883 sensu
241 2846 360 2883 constat,
392 2843 574 2883 aqrcdditum
590 2849 642 2872 cst.
663 2846 711 2873 Διά
726 2849 930 2883 πεφαρμαγμέ-

139 2882 195 2943 Fuit;
213 2874 383 2911 βρωμάτων
412 2877 461 2906 Per
480 2879 550 2907 cibos
568 2887 750 2916 purpuratos,
767 2874 930 2910 'reizind‘ni-

153 2917 182 2936 ec
197 2918 235 2937 οε.

1026 2851 1082 2884 (εὶδ)
1098 2851 1261 2886 Προελεὺσει
1278 2851 1424 2886 προῆλθον.
1445 2851 1540 2878 ltdcm.

1023 2886 1080 2919 (29;
1095 2884 1183 2913 Facta
1200 2884 1315 2914 militum
1338 2884 1496 2914 recensione.
1517 2887 1566 2915 Est
1583 2887 1670 2920 enim.
1686 2888 1713 2915 in
1725 2888 1773 2918 iuit

987 2921 1097 2955 Suidas,
1111 2922 1260 2959 ἀπογραφὴ
1276 2922 1417 2959 ὀνομάτων
1433 2922 1509 2960 παρᾶ
1528 2922 1685 2959 Ῥωμαίοις.
