2035 3153
157 156 229 190 1145

808 163 1145 195 CHRONOGRAPHIA.

1720 165 1746 197 l'l
1753 165 1788 198 i6

152 218 258 253 σφόδρα
270 217 316 244 hct
333 217 420 254 τούτῳ
435 218 621 254 ἠγαλλιάσατο
631 228 638 236 π
662 220 756 247 ἐπόθει
772 221 826 256 γὰρ
842 222 893 256 τὴν
903 223 942 248 εί-

999 222 1078 250 Valde
1097 222 1203 250 laetatus
1220 222 1372 257 imperator
1385 224 1556 257 postulatum
1574 223 1695 256 admisit,
1712 225 1787 258 pacis

153 265 303 299 ρήνην,κιιὶ
317 264 366 296 τὰς
379 265 528 301 γενομένας
540 266 596 302 (44)
607 267 661 293 τῶν
673 266 797 302 αἱμάτων
817 268 943 302 ἐκχύσεις

151 311 295 346 ὁσημέραι.
336 312 513 344 Ἀποστείλας
540 311 587 339 οὖν
609 313 638 339 έν
656 313 696 348 τῷ
718 313 765 340 τοῦ
791 314 942 349 Κοσμιδίου

151 357 269 393 αἰγιαλῷ
295 358 496 385 κατεσκεύασεν
528 360 557 386 ἐν
585 361 617 395 τῇ
652 360 774 395 Θαλάσσῃ
805 361 946 395 ὀχυρωταο

151 413 203 439 την
215 404 272 440 (65)
281 404 352 431 ὥστε
365 405 414 440 τὴν
422 405 565 440 βασιλικὴν
574 406 675 441 τριήρη
690 406 885 434 διεκπλέουσαν
900 408 946 434 αὺ-

150 453 185 487 τῇ
203 451 446 486 προσορμίζεσθαι.
459 453 636 488 Περιφράξας
656 450 703 480 οὖν
717 453 802 489 αὐτὴν
812 454 946 481 πάντοθεν

151 498 337 533 διατείχισμα,
358 505 441 533 μέσον
461 499 589 532 γενέσθαι
618 499 797 534 προσέταξεν,
815 501 844 526 ὲν
862 497 884 534 ᾧ
897 501 945 527 ἀλ-

151 543 243 578 λήλοις
267 543 379 577 ἔμελλον
407 543 521 578 ὁμιλεῖν.
562 543 738 576 ’Δποστειλας
763 542 810 572 οὗν
833 545 947 579 Συμεὼν

150 589 197 616 τὸν
212 590 262 624 τῆς
278 589 432 625 ὑπιραγίας
462 590 595 616 Θεοτόκου
617 590 679 616 ναὸν
693 591 844 625 ἐνέπρησεν
860 591 906 617 τὸν
918 591 947 617 ὲν

152 637 186 671 τῇ
206 636 285 671 Πηγῇ
303 636 351 662 καὶ
374 635 410 662 τὰ
425 635 507 671 πέριξ
530 635 614 662 αὑτοῦ
629 636 787 682 σύμβαντα,
805 636 886 671 δῆλος
911 636 948 663 ὢν

151 682 278 709 ἐντεῦθεν
292 682 330 718 μὴ
337 683 387 717 τὴν
402 683 514 718 είρήνην
528 682 608 716 ἑλὼν,
620 683 677 710 ἀλλ’
691 683 782 709 ἐλπίσι
798 683 948 718 μετεώροις

151 726 246 753 τοῦτον
260 726 413 758 ἐξαπατῶν.
425 727 652 762 Παραγενόμενος
670 728 699 754 δὲ
707 728 738 754 ὲν
758 727 926 763 Βλαχέρναις
935 726 949 752 ὁ

152 772 293 804 Bargate;
304 771 455 808 [βασιλεὺς]
468 773 524 808 ἅμα
531 773 659 807 Νικολάῳ
667 773 707 808 τῷ
716 763 872 810 πατριάρχῂ
882 774 910 800 ὲν
918 775 949 809 τῇ

153 817 221 854 ἀγίᾳ
237 818 365 852 εἰσῆλθον
377 818 461 853 σορῷ,
484 818 535 844 καὶ
559 819 608 849 τὰς
639 820 735 854 χεῖρας
751 818 890 852 ἐξέτεινεν
907 819 949 851 εἰς

154 864 250 898 εὐχήν.
268 862 335 890 Εἶτα
348 862 457 899 πρηνὴς
490 863 582 890 πεσὼν
607 863 722 898 δάκρυσι
739 864 770 891 τὸ
784 863 861 897 ἅγιον
882 872 950 891 κατ-

153 909 269 945 έδρεχεν
281 909 380 944 ἔδαφος
389 909 437 944 τὴν
454 909 644 944 πανάχραντον
657 909 789 936 Θεστόκον
800 910 948 937 ἀντιϐολῶν

152 955 204 990 τὴν
218 956 335 990 ἀκαμπῆ
352 955 399 982 καὶ
411 956 569 990 ἀμείλικτον
579 956 628 983 τοῦ
638 956 816 991 ὑπερηφάνου
833 956 947 992 Συμεὼν

154 1001 275 1037 μαλάξαι
285 1002 417 1036 καρδίαν,
429 1002 476 1028 καὶ
499 1003 595 1028 πεῖσαι
608 1002 643 1028 τὰ
662 1002 732 1037 πρὸς
749 1003 873 1038 εἰρήνην.
886 1003 941 1029 Καὶ

151 1047 184 1074 τὸ
200 1047 279 1081 ἅγιον
293 1047 421 1074 κιϐώτιον
445 1048 640 1080 διανοίξαντες,
658 1048 723 1075 ἔνθα
738 1048 768 1075 τὸ
783 1049 883 1075 σεπτὸν
896 1049 948 1083 τῆς

152 1091 237 1126 ἁγίας
265 1092 400 1119 Θεοτόκου
417 1093 618 1127 τεθησαύριστο
642 1093 798 1129 ὼμοφόριον
812 1102 819 1109 ·
836 1095 916 1121 τοῦτο
933 1095 947 1121 ὁ

154 1137 283 1172 βασιλεὺς
295 1137 468 1172 ἀνελόμενος,
487 1139 535 1165 καὶ
556 1139 606 1174 τὴν
633 1139 725 1166 πίστιν
740 1140 791 1175 τὴν
819 1140 888 1175 ὑπὲρ
905 1140 947 1171 είς

152 1186 206 1219 τὴν
229 1185 346 1220 ἄμωμον
362 1184 418 1220 (46)
433 1185 576 1218 θεοτόκον,
592 1183 636 1212 οἷα
652 1186 870 1222 περικεφαλαίαν
885 1186 946 1213 τινὰ

154 1230 347 1265 περιθέμενος,
360 1230 434 1266 ἐξῄει
448 1231 495 1257 τοῦ
505 1230 568 1257 ναοῦ
581 1231 674 1262 ὅπλοις
689 1231 824 1265 ἀσφαλέσι
840 1231 947 1267 φραξάο

156 1284 248 1311 μενος,
259 1277 306 1303 τὸν
317 1277 366 1303 σὺν
381 1276 458 1311 αὐτῷ
474 1277 578 1308 στόλον,
609 1277 705 1304 ἀσπίσι
734 1285 765 1303 τε
780 1277 827 1304 καὶ
854 1277 947 1309 ὅπλοις

153 1322 273 1358 κομίσας
285 1321 464 1358 [κοσμήσας],
477 1322 523 1349 τὸν
534 1322 686 1358 ὡρισμένον
701 1322 783 1349 τόπον
798 1323 948 1350 κατέλασεν

155 1368 336 1404 ωνομιλῆσαι
360 1369 400 1404 τῷ
420 1367 544 1402 Συμεών.
585 1369 704 1410 Πέμπτῃ
719 1366 766 1395 οὖν
794 1369 886 1404 ἡμέρᾳ
902 1369 946 1395 ὅτε

154 1414 244 1441 ταῦτα
255 1413 374 1447 ἐγένετο,
385 1413 484 1449 ἒννάτῃ
495 1413 542 1439 τοῦ
557 1413 715 1448 Νοεμδρίου
730 1413 814 1449 μηνὸς
828 1414 947 1449 τετάρτῃ

153 1459 206 1494 τῆς
221 1459 329 1494 ἡμέρας
345 1460 415 1495 ὥρᾳ,
430 1458 597 1494 παρεγένετο
618 1458 732 1493 Συμεὼν
751 1459 854 1494 πλῆθος
867 1459 947 1486 ἄπει-

157 1513 204 1540 ρον
227 1505 409 1539 ἑπαγόμενος,
425 1504 479 1531 τῶν
505 1504 554 1539 μὲν
569 1505 763 1540 χρυσασπίδων
777 1505 826 1531 καὶ
847 1513 947 1540 χρυσο-

155 1551 288 1587 ὔοράτων,
305 1551 397 1578 τῶνδὲ
409 1551 623 1587 ἀργυρασπίδων
642 1551 690 1578 καὶ
706 1552 946 1587 ἀργυροδοράτων,
960 1570 982 1599 c

155 1597 211 1624 τῶν
224 1597 253 1624 δὲ
276 1597 351 1633 πάσῃ
366 1598 456 1624 ὅπλων
483 1597 563 1633 χρείᾳ
584 1597 810 1632 κεκοσμημένων,
838 1598 947 1623 πάντων

156 1641 434 1676 καταπεφραγμένων
453 1641 554 1676 σιδήρῳ
567 1649 574 1656 ·
593 1641 618 1667 οἳ
647 1641 729 1675 μέσον
745 1641 836 1667 αὐτῶν
848 1641 948 1675 διειλη-

156 1686 239 1721 φότες
255 1686 300 1713 τὸν
314 1685 437 1721 Συμεὼν,
458 1686 495 1717 ὡς
524 1686 646 1721 βασιλέα,
670 1686 812 1721 εὐφήμουν
826 1688 860 1721 τῇ
881 1687 948 1713 Ῥω-

153 1732 248 1767 μαίων
264 1733 352 1767 φωνῇ.
366 1731 470 1762 Πάντες
491 1731 519 1758 δὲ
542 1732 567 1758 οι
590 1732 638 1765 τῆς
665 1731 819 1766 συγκλήτου
851 1731 949 1765 βουλῆς

155 1780 214 1811 τοῖς
226 1777 344 1814 τείχεσιν
354 1777 504 1812 ἐφεστῶτες
512 1777 680 1804 κατεθεῶντο
694 1778 727 1803 τὰ
743 1775 879 1811 δρώμενα.
894 1775 949 1802 Ἦν

156 1824 203 1851 οὖν
219 1824 281 1851 τότε
297 1824 361 1851 ἰδεῖν
373 1822 462 1858 ψυχὴν
479 1822 625 1858 βασιλικὴν
642 1822 681 1856 τῷ
690 1822 747 1848 ὔντι
763 1822 811 1848 καὶ
829 1821 949 1857 μεγαλό-

158 1879 256 1906 φρονα,
274 1869 322 1896 καὶ
347 1869 486 1903 θαυμάσαι
511 1868 542 1895 τὸ
562 1868 610 1894 τοῦ
641 1868 815 1903 φρονήματος
845 1867 950 1893 ἀκατά-

158 1916 293 1951 πληκτον,
308 1916 382 1947 ὅπως
402 1914 539 1950 τοσαύτην
555 1914 694 1949 πολεμίων
724 1913 831 1949 βλέπων
852 1914 950 1947 ὲπιφοο

159 1963 221 1998 ρὰν,
232 1963 263 1988 οὐ
279 1962 437 1996 κατεπλάγη
456 1961 502 1987 καὶ
515 1960 665 1995 συνεστάλη
677 1961 725 1987 καὶ
750 1958 928 1995 ὑπεχώρησεν
942 1967 948 1974 ·

158 2010 218 2037 ἀλλ’
235 2009 379 2044 ὦσπερ,είς
390 2008 475 2043 φίλων
490 2007 594 2042 πλῆθος
611 2008 708 2042 χωρῶν
723 2006 812 2038 οὕτως
825 2007 950 2042 ἀτρέμας

158 2056 255 2091 ἀπῄει,
285 2055 426 2090 μονονουχὶ
448 2055 496 2089 τὴν
515 2053 605 2089 ψυχὴν
640 2054 696 2084 τοῖς
726 2053 868 2086 πολεμίοις
896 2052 951 2078 τῶν

159 2101 290 2137 ὑπηκόων
303 2100 391 2132 διδοὺς
417 2099 588 2134 ἀντίλυτρον.
605 2098 716 2133 Πρῶτος
740 2097 787 2124 οὖν
806 2098 835 2124 ὲν
854 2098 886 2133 τῇ
901 2098 951 2133 ρη-

159 2148 238 2182 ϐείσῃ
254 2147 399 2182 ἀποὸάθρᾳ
415 2146 577 2172 καταλαὸὼν
606 2145 652 2171 τὸν
667 2144 780 2180 Συμεὼν
802 2143 951 2179 ἐξεδέχετο.

165 2193 244 2220 Ἐπεὶ
258 2192 287 2219 δὲ
299 2192 399 2227 ὅμηροι
414 2191 444 2224 ἐξ
458 2191 620 2226 ἀμφοτέρων
647 2189 814 2225 ἐλήφθησαν,
841 2190 889 2216 καὶ
902 2189 953 2224 τὴν

994 269 1096 304 quippe
1111 269 1262 304 cupiditate
1286 269 1446 302 ducebatur,
1472 274 1499 296 et
1522 269 1638 296 ell‘nsum
1665 270 1788 302 quotidie

995 316 1157 350 sanguinem
1179 315 1347 350 deplorabat.
1380 316 1419 343 Ad
1445 316 1523 343 littus
1539 316 1631 350 itaque
1656 317 1790 344 Cosmidii

997 361 1152 388 machinam
1168 361 1195 389 in
1210 362 1279 388 mari
1292 361 1488 389 validissimam
1506 362 1619 389 excitari
1633 362 1735 397 jussit:
1753 364 1787 390 ad

996 415 1076 443 quam
1086 407 1224 435 triremem
1237 408 1340 443 regiam
1354 408 1438 435 remis
1452 413 1553 436 rectam
1564 408 1644 436 facile
1657 414 1729 436 esset
1739 409 1787 436 de-

996 454 1106 486 ducere,
1128 458 1261 489 septoque
1276 454 1464 482 munitissimo
1487 462 1547 481 eam
1573 454 1788 483 circumvallans

997 499 1117 532 spatium
1137 498 1196 533 eius
1220 498 1340 526 medium
1365 499 1401 525 ita
1426 499 1535 534 disponi
1564 500 1701 534 praecepit,
1721 499 1787 528 utin

997 551 1029 572 ea
1057 544 1091 571 ad
1118 544 1236 571 invicem
1252 544 1285 572 de
1312 552 1377 579 pace
1407 544 1640 579 colloquerentur.
1671 545 1782 573 Simeon

998 595 1088 618 autem
1113 590 1206 618 missis
1233 590 1376 621 militibus.
1396 591 1577 618 sanctissima:
1608 590 1729 626 Deiparze
1755 592 1788 618 ad

999 638 1095 673 chem
1115 637 1245 672 templum
1263 637 1425 668 combussit.
1452 641 1480 664 et
1506 637 1565 665 loca
1592 638 1791 672 circumposita

999 683 1159 715 devastavit,
1173 691 1189 710 a
1205 690 1271 718 pace
1285 683 1404 710 alienum
1420 689 1461 715 se,
1473 684 1521 710 sed
1535 690 1604 709 vana
1620 687 1725 709 tantum
1741 691 1791 717 spe

1000 730 1191 764 imperatorem
1207 729 1346 761 deludere,
1363 728 1427 756 inde
1442 729 1612 764 signiﬁcans.
1637 727 1797 763 lntpcrator'

1002 783 1054 803 una
1085 783 1147 802 cum
1175 775 1333 810 patriarcha
1365 774 1478 801 Nicolao
1505 775 1539 802 ad
1569 774 1735 802 Blachernas
1762 779 1790 802 et

1001 825 1126 849 sanctum
1153 820 1273 848 loculum
1298 827 1471 856 progressus,
1501 820 1535 847 ad
1565 828 1660 854 preces
1689 827 1789 847 manus

1002 868 1130 900 extendit,
1154 867 1252 895 deinde
1278 875 1381 902 pronus
1396 867 1423 894 in
1439 871 1541 894 terram
1556 866 1658 894 cadens
1679 874 1791 894 sacrum

1000 913 1127 949 lacrymis
1142 913 1326 948 pavimentum
1342 911 1477 947 irrigavit,
1508 911 1650 946 Deiparam
1692 919 1707 938 a
1728 912 1789 938 labe

998 959 1148 986 immunem
1165 959 1327 991 obtestatus,
1352 961 1381 984 ut
1405 957 1533 984 inﬂexum
1553 962 1580 985 et
1605 956 1721 992 rigidum
1740 964 1789 984 su-

998 1005 1073 1039 perbi
1092 1004 1228 1032 Simeonis
1254 1004 1389 1031 emolliret
1415 1011 1473 1036 cor,
1500 1008 1529 1030 et
1546 1010 1607 1037 quae
1632 1008 1697 1029 sunt
1711 1002 1789 1037 pacis

998 1051 1168 1085 inspiraret:
1199 1057 1334 1085 sacroque
1364 1049 1496 1076 scriniolo
1515 1068 1521 1079 .
1550 1056 1604 1083 quo
1632 1048 1787 1075 veneranda.

998 1101 1101 1125 sanctae
1125 1096 1248 1131 Deiparte
1272 1095 1357 1123 vestis
1375 1095 1495 1130 reposita
1513 1099 1566 1127 est,
1593 1100 1697 1129 aperto,
1715 1094 1788 1121 illam

998 1141 1061 1169 inde
1090 1142 1225 1169 sublatam
1252 1148 1285 1168 ex
1314 1140 1366 1168 ﬁde
1387 1148 1439 1175 qua
1465 1141 1491 1167 in
1519 1139 1721 1167 immaculatam
1742 1139 1791 1166 Dei

997 1187 1163 1215 Genitricem
1189 1187 1316 1222 pollebat.
1338 1186 1412 1213 velut
1436 1186 1540 1220 galeam
1563 1185 1646 1220 capiti
1670 1186 1791 1213 circum-

998 1239 1105 1268 ponens
1117 1231 1265 1266 imperator
1277 1231 1444 1258 ﬁrmissimis
1460 1231 1546 1258 armis
1558 1231 1690 1261 munitus,
1706 1231 1789 1257 classi

997 1278 1048 1304 vite
1069 1278 1167 1304 comite
1185 1277 1287 1311 clypeis
1301 1278 1329 1303 et
1349 1276 1434 1303 armis
1452 1277 1585 1303 adornata
1602 1276 1634 1303 ad
1650 1275 1789 1311 praeﬁxum

997 1323 1087 1351 locum
1102 1330 1164 1350 cum
1186 1323 1315 1350 Simeone
1337 1327 1507 1350 tractaturus
1525 1323 1652 1350 accessit.
1684 1322 1791 1355 Quinto

998 1369 1081 1403 igitur
1097 1368 1140 1395 die
1159 1375 1214 1402 quo
1233 1368 1290 1395 hate
1307 1367 1377 1395 facta
1398 1372 1473 1398 sunt,
1499 1367 1661 1395 Novembris
1685 1368 1789 1395 IllellSlS

998 1414 1042 1441 die
1058 1420 1141 1446 nouo,
1160 1413 1225 1440 hora
1240 1413 1293 1440 diei
1311 1419 1410 1448 quarta
1433 1413 1545 1440 Simcon
1564 1414 1695 1440 immensa
1710 1421 1791 1440 exora

998 1460 1069 1487 citus
1087 1459 1165 1494 plebe
1181 1459 1405 1493 circumstipatus
1431 1459 1575 1494 processit.
1606 1459 1721 1486 Militum
1745 1460 1792 1486 alii

998 1506 1090 1533 aureis
1114 1506 1217 1541 clypeis
1234 1510 1260 1533 et
1286 1506 1426 1533 deauratis
1457 1506 1554 1538 hastis.
1579 1506 1625 1532 alii
1652 1507 1791 1541 argenteis

999 1552 1100 1588 clypeis
1118 1553 1220 1586 pariter
1236 1557 1264 1579 et
1291 1552 1377 1579 hastis
1404 1556 1518 1587 argento
1538 1552 1724 1584 rutilantibus.
1744 1552 1792 1579 alii

998 1604 1108 1632 quoque
1135 1597 1209 1623 enini
1233 1604 1373 1623 armorum
1392 1605 1491 1632 genere
1508 1598 1611 1629 ornati,
1635 1597 1725 1624 cuncti
1741 1605 1791 1624 au-

999 1647 1052 1669 tem
1080 1641 1153 1669 ferro
1179 1642 1377 1674 circumcincti,
1402 1642 1521 1669 medium
1542 1643 1718 1669 admiserunt
1745 1641 1792 1668 Si-

1000 1695 1135 1720 meottem,
1149 1695 1230 1722 quem
1245 1687 1348 1715 Graecis
1363 1688 1557 1722 pronuntiatis,
1574 1695 1623 1714 ceu
1641 1687 1789 1721 imperato-

999 1742 1056 1761 rem
1077 1734 1174 1760 l'austis
1191 1734 1428 1769 prosequebantur
1451 1733 1707 1760 acclamationibus.
1742 1733 1791 1760 Se-

1000 1780 1098 1807 natorii
1116 1787 1198 1814 porro
1215 1779 1320 1806 ordinis
1337 1779 1388 1806 viri
1410 1779 1498 1806 muris
1514 1779 1598 1806 innixi
1612 1787 1673 1813 quae
1690 1778 1792 1806 ticbant

1000 1823 1266 1857 contemplabantur.
1301 1821 1430 1856 Spectatu
1459 1829 1524 1849 vero
1555 1822 1715 1856 dignissima
1747 1829 1792 1849 res

1000 1868 1051 1894 fuit
1078 1868 1188 1894 animus
1214 1867 1259 1894 ille
1286 1867 1460 1901 imperatoris
1485 1866 1586 1901 dignus
1611 1871 1638 1892 et
1654 1866 1790 1897 excelsus,

1001 1914 1068 1941 mira
1086 1921 1129 1940 res
1143 1913 1190 1940 illa
1213 1913 1312 1940 mentis
1338 1912 1414 1938 nullo
1430 1915 1510 1946 pacto
1527 1916 1610 1938 mota:
1625 1911 1791 1942 constantia,

1001 1966 1062 1994 quae
1088 1962 1193 1985 tantum
1219 1956 1376 1991 percipiens
1401 1956 1519 1983 hostium
1546 1955 1700 1990 appulsam.
1717 1955 1793 1982 nullo

1002 2005 1083 2032 modo
1097 2007 1271 2032 consternata
1296 2007 1343 2030 aut
1362 2009 1486 2036 repressa
1513 2006 1577 2029 est:
1604 2001 1652 2029 sed
1674 2008 1725 2028 nec
1750 2008 1793 2028 re-

1002 2051 1148 2083 trocessit,
1175 2050 1240 2086 quin
1267 2050 1323 2077 imo
1353 2049 1427 2076 velut
1452 2049 1477 2075 in
1508 2048 1661 2075 amicorum
1689 2051 1793 2074 ecetum

1002 2105 1031 2125 se
1060 2097 1211 2129 conferret,
1249 2096 1290 2123 sic
1321 2094 1472 2129 intrepidus
1496 2094 1648 2129 processit,
1684 2097 1792 2120 tantum

1003 2144 1122 2170 animam
1139 2142 1311 2170 subditorum
1336 2141 1432 2168 salutis
1451 2140 1568 2175 pretium
1592 2139 1716 2167 hostibus
1738 2146 1792 2165 non

1004 2190 1131 2217 etl'ercns.
1158 2188 1237 2215 Prior
1262 2188 1356 2223 itaque
1379 2187 1412 2215 ad
1427 2187 1529 2214 dictam
1551 2186 1707 2213 machinam
1732 2192 1794 2220 per-

159 2239 320 2274 ἀποϐἀθραν
336 2239 360 2265 οἰ
386 2237 536 2273 Βούλγαροι
549 2237 758 2272 διερευνήσαντο
774 2235 899 2271 ἀκριϐῶς
914 2235 948 2270 μή

1005 2236 1118 2263 veniens
1144 2235 1300 2262 Simeonem
1328 2234 1544 2268 praestolabatur.
1573 2232 1608 2260 Ut
1629 2231 1740 2259 obsides
1760 2239 1793 2257 ex

160 2287 220 2318 πῶς
229 2294 272 2317 τις
283 2284 396 2320 δόλος,ἢ
417 2284 511 2320 ἐνεδρα
526 2283 648 2318 τυγχάνῃ
659 2292 665 2298 -
689 2282 824 2318 κατῆλθεν
835 2281 949 2318 Συμεὼν

159 2333 207 2359 τοῦ
219 2332 313 2364 ἵππου,
327 2331 375 2358 καὶ
390 2331 458 2367 πρδς
479 2331 526 2357 τὸν
551 2330 662 2365 βασιλέα
687 2329 823 2365 εἰσῆλθεν.
845 2330 949 2356 Ἀσπα-

160 2379 276 2413 σάμινοι
297 2376 344 2405 οὖν
364 2377 506 2413 ἀλλήλους,
536 2376 647 2411 εἰρήνης
683 2375 778 2410 λόγους
811 2375 950 2409 ἐκίνησαν.

161 2426 256 2452 Είπεῖν
265 2425 293 2452 δὲ
306 2425 416 2459 λέγεται
431 2423 476 2449 τὸν
501 2421 610 2457 βασιλέα
626 2421 695 2455 πρὸς
719 2420 833 2455 Συμεών
843 2428 850 2435 ·
869 2420 951 2454 Ἀκή-

162 2471 214 2498 κοά
236 2479 266 2498 σε
288 2470 401 2506 θεοσεσῆ
426 2468 568 2504 ἄνθρωπον
599 2467 646 2494 καί⁵
673 2466 834 2502 Χριστιανὸν
862 2465 951 2500 ὑπάρ-

161 2526 245 2553 χοντα
268 2517 415 2553 ἀληθινόν·
444 2515 534 2552 βλέπω
547 2514 575 2540 δὲ
590 2514 624 2540 τὰ
647 2513 717 2549 ἔργα
737 2512 869 2548 μηδαμῶς
896 2513 952 2542 τοῖς

161 2564 253 2598 λόγοις
267 2563 459 2598 συμϐαίνοντα.
479 2562 559 2588 Ἵδιον
588 2560 638 2596 μὲν
655 2560 709 2595 γὰρ
732 2558 875 2590 θεοσεᾶοῦς
904 2559 951 2585 ἁν-

162 2611 278 2644 ῠριὺπου»
295 2608 512 2645 καὶΧριστιανοῦ
525 2608 555 2634 τὸ
568 2607 617 2642 τὴν
630 2606 744 2642 εἰρήνην
760 2605 806 2632 καὶ
820 2605 871 2639 τὴν
883 2604 952 2638 ἀγά-

1002 2282 1080 2318 501
1114 2286 1230 2315 utraque
1254 2286 1331 2314 parte
1355 2280 1411 2306 dati
1434 2284 1520 2306 sunt:
1545 2278 1656 2312 Bulgari
1677 2284 1743 2304 vero
1761 2284 1795 2303 ne

1003 2331 1065 2366 quis
1078 2330 1158 2357 dolus
1174 2333 1221 2355 aut
1235 2328 1342 2355 insidia)
1359 2328 1492 2359 laterent,
1507 2325 1662 2353 machinam
1677 2324 1794 2359 diligen-

1003 2381 1042 2403 tcr
1070 2374 1232 2409 perscrutati
1263 2378 1350 2400 sunt:
1378 2372 1489 2399 Simeou
1518 2379 1591 2406 equo
1611 2370 1740 2398 desiliens
1761 2370 1796 2396 ad

1004 2423 1195 2456 imperatorem
1211 2420 1337 2451 accessit,
1351 2419 1468 2452 dataque
1479 2418 1597 2445 invicem
1610 2416 1706 2448 salute.
1722 2416 1796 2450 pacis

1004 2471 1150 2495 tractatum
1177 2470 1331 2493 moverunt.
1359 2465 1509 2499 imperator
1533 2463 1635 2491 dixisse
1654 2462 1741 2490 fertur
1761 2462 1794 2488 ad

1004 2514 1159 2541 Simeonem
1177 2521 1185 2540 :
1210 2511 1304 2539 Virum
1330 2511 1376 2539 Dei
1390 2511 1522 2538 cultorem
1538 2514 1564 2537 et
1580 2517 1643 2537 vere
1661 2507 1793 2536 Christia-

1003 2567 1068 2586 num
1094 2558 1186 2586 audivi
1217 2563 1268 2585 te:
1292 2565 1386 2585 verum
1410 2565 1494 2592 opera
1520 2557 1612 2584 verbis
1637 2556 1795 2583 nullatenus

1002 2603 1183 2632 consonantia
1198 2603 1224 2630 in
1241 2608 1267 2630 te
1281 2602 1426 2638 perspicio.
1440 2601 1585 2637 Proprium
1597 2600 1669 2629 enim
1685 2599 1735 2627 viri
1748 2599 1795 2626 Dei

791 2658 914 2703 rimae.
930 2675 1125 2703 consensu
1144 2673 1262 2702 NOTAE.

200 2742 257 2776 (M)
283 2741 339 2769 Καὶ
365 2740 397 2768 τὸ
425 2740 519 2776 στῆναι
541 2738 588 2769 τὰς
614 2737 770 2771 γινομένας.
799 2736 947 2776 Διιοιιγιιι..

166 2771 345 2810 Ωιιοιὶὶίίωιαε
368 2775 452 2804 carries
469 2771 557 2802 uolens
578 2771 885 2807 compescere;tnodum
907 2771 948 2798 eis

166 2820 198 2841 ac
213 2813 294 2840 ﬁnem
311 2812 452 2839 adhibere.

203 2848 259 2882 (15)
279 2847 468 2882 Ὀχυρωτάτην
480 2845 628 2882 ἀπόϐασιν..
639 2843 648 2869 l
660 2843 722 2874 lem,
738 2846 767 2869 ut
780 2846 809 2882 οι¹
820 2841 947 2882 ρετ-1η·Ιυῖ

169 2875 352 2911 Τυίὶδέὶνηῧιῖ
370 2875 484 2916 sepluin;
512 2880 721 2911 m‘smtsioncm,
740 2877 895 2905 machinam
915 2875 948 2903 all

1003 2735 1031 2763 id
1062 2739 1260 2769 comparatam,
1277 2737 1306 2760 ut
1321 2740 1352 2769 es
1371 2731 1432 2769 navi
1449 2731 1474 2769 in
1493 2738 1552 2757 ram
1567 2727 1795 2757 descendcrctur,

1004 2778 1092 2805 exque
1106 2767 1137 2797 ea
1156 2774 1216 2797 tuto
1230 2767 1574 2805 colhquiumhahcretur.
1612 2799 1619 2805 _
1675 2798 1681 2805 ι
1742 2796 1748 2804 ι
1778 2796 1789 2802 η

1113 2796 1173 2840 7Ί¹ὴυ
1189 2806 1229 2835 είς
1244 2796 1450 2841 ὑπεράμωμονᾼ,
1465 2805 1491 2828 et
1505 2807 1579 2830 mox.
1594 2799 1645 2841 [τὸν.
1657 2798 1706 2824 σὺν
1719 2796 1796 2830 αὐτῷ

1003 2834 1049 2870 οὗν
1069 2834 1171 2874 στόλον,
1189 2834 1411 2874 καγτακοσμῆσας.
1430 2836 1577 2870 Aunuynn,
1592 2834 1708 2862 Ccdrcu.
