2035 3153
248 174 316 207 1159

861 170 959 201 LEON
963 170 999 200 IS
1014 168 1261 200 GRAMMATICI

1812 160 1884 194 1160

246 230 418 257 Substitutus
444 232 486 255 est
516 227 685 254 domesticus
718 225 850 261 patricius
879 225 1042 252 Panthei-ius

1098 224 1146 252 νῶν
1161 223 1230 259 (62).
1246 223 1295 250 Διὰ
1307 222 1337 249 τὸ
1349 221 1498 257 περιφανὲς
1509 220 1558 255 τῆς
1570 219 1617 246 τοῦ
1628 218 1724 254 ἀνδρὸς
1734 218 1885 254 ἀρετῆς....

246 276 362 303 Ιιοιιιαιιί
381 275 558 309 imperatoris
577 273 676 301 aﬁinis.

283 363 441 391 lndictionis
460 363 553 397 primm
569 362 655 397 Aprili
683 370 777 389 mense
792 354 909 392 j‘rursum
931 361 1040 396 irrupe-

249 415 315 437 runt
331 409 413 436 Turci
428 417 490 436 cum
509 409 617 443 magnis
640 408 756 435 viribus.
786 407 922 435 Patricius
948 411 1039 434 autem

246 456 430 490 Theophanes
459 455 601 482 accubitor
626 461 755 489 egressus
788 453 864 488 pacis
887 452 990 480 foedera
1013 452 1040 478 in

248 510 336 530 annos
359 501 482 536 quinque
504 500 637 528 servanda
657 507 719 526 cum
739 499 780 527 eis
797 499 961 533 composuit.
995 498 1040 525 In-

247 550 369 577 dictione
392 547 514 576 secunda
536 546 710 573 Paschalium
737 544 990 580 protospatharium
1015 549 1042 571 et

247 594 445 630 lmngobardia-
475 593 575 620 ducem
598 591 631 619 ad
650 591 771 618 Francia;
793 598 881 625 regem
900 589 1041 625 Hngonem

247 640 331 666 ﬁliam
349 639 408 671 ejus
433 636 558 663 Romano
576 635 748 663 Constantini
770 635 830 669 ejus
855 635 961 669 generis
987 633 1042 660 ﬁlio

249 691 362 712 uxorem
376 683 529 717 petiturum
544 680 684 708 Romanus
700 680 848 714 imperator
862 679 946 711 misit,
960 686 1041 713 quant

248 730 341 757 multis
360 737 412 756 una
426 736 487 756 cuin
506 727 605 762 opibus
617 734 708 754 secum
730 730 897 760 assumptam
914 724 1043 760 praefatus

247 775 410 803 Paschalius
435 775 462 801 in
495 774 589 801 urbem
616 772 739 800 adduxit.
772 771 924 806 Septembri
946 770 1043 798 deimle

247 829 342 849 mense
359 820 460 855 nuptiae
476 819 619 846 celebrata:
634 821 707 844 sunt.
724 817 798 849 llaec,
810 824 873 844 cum
887 815 947 843 viro
964 815 1043 842 annis

247 867 370 902 quinque
387 865 499 893 socialis
517 865 578 891 vita:
593 863 727 895 decursis,
747 867 856 889 mortua
878 866 930 889 est.
962 860 1044 888 Tem-

247 913 360 948 poribus
374 911 481 946 impcrii
501 909 674 938 Constantini
692 908 752 943 ejus
772 906 859 934 soceri
879 911 959 934 vento
981 906 1049 932 vali-

247 959 363 996 dissimo
384 956 537 993 perﬂante,
568 955 640 982 demi
667 954 693 981 in
722 953 807 986 circo,
832 952 956 987 opposita
981 951 1047 987 regii

249 1004 342 1032 throni
356 1004 468 1038 regione
482 1001 578 1033 erecti,
591 1000 764 1032 deciderunt,
778 999 959 1032 subjectaque
973 1005 1047 1024 mar-

250 1058 326 1078 mora
343 1046 709 1082 columnasque,pectoralia
734 1046 831 1076 dictas,
847 1044 1045 1072 contriveruul.

248 1094 320 1121 Anni
336 1098 429 1120 autem
446 1095 570 1119 vertente
587 1090 703 1123 circulo,
725 1089 777 1116 hoc
794 1089 854 1124 ipso
876 1096 978 1121 mense,
992 1088 1048 1115 Ro-

249 1145 360 1164 manum
383 1135 465 1170 508
487 1135 680 1169 imperatorem
707 1141 722 1160 e
751 1132 854 1168 palatio
881 1132 1045 1159 eduxerunt.

250 1183 322 1211 Urbe
344 1187 436 1209 autem
463 1182 574 1213 Edessa,
602 1181 628 1206 in
655 1187 708 1214 qua
734 1179 922 1207 venerandum
945 1179 1046 1206 Christi

253 1230 395 1257 sudarium
416 1228 577 1263 repositum,
602 1235 617 1254 α
640 1225 764 1253 Romano
785 1226 905 1253 exercitu
922 1226 1045 1258 obsessa,

251 1277 323 1304 etin
342 1275 465 1302 ultimam
492 1273 646 1309 angustiam
676 1273 803 1304 deducta,
834 1271 867 1298 ad
891 1272 1044 1298 Romanum

250 1323 445 1357 imperatorem
472 1320 644 1347 obsidionem
661 1319 730 1346 solvi
755 1319 848 1345 missis
870 1318 966 1352 legatis
986 1318 1047 1353 ejus

250 1369 347 1397 incolae
367 1368 470 1404 precati
493 1372 570 1399 sunt,
592 1374 701 1393 sacrum
719 1365 820 1393 Christi
846 1366 986 1392 sudarium
1002 1366 1046 1393 si—

251 1416 308 1442 mul
332 1415 510 1443 exhibituros
536 1413 662 1448 polliciti.
701 1413 770 1440 lluic
795 1413 889 1447 gratiae
916 1420 1045 1447 compen-

251 1462 345 1490 sanda:
366 1462 471 1488 nobiles
488 1469 520 1487 ex
536 1460 594 1487 suis
612 1460 735 1495 captivos
751 1460 883 1495 recipere,
903 1459 1047 1496 foedusque

253 1516 337 1535 aurea
355 1508 429 1535 bulla
443 1507 593 1540 ﬁrmatum,
604 1515 636 1534 ne
651 1508 788 1543 regionem
803 1515 895 1534 eorum
907 1507 1047 1535 Roinanus

257 1555 396 1582 exercitus
413 1554 576 1586 devastaret,
590 1555 728 1589 petierunt
742 1563 749 1580 :
765 1554 838 1589 quod
852 1561 878 1582 ct
897 1556 1045 1590 praestitum
1061 1574 1083 1604 ε

253 1605 309 1627 est.
334 1600 420 1626 Sacro
447 1607 512 1626 vero
537 1599 648 1626 sudario
676 1601 710 1626 ita
735 1601 829 1633 misso,
850 1601 961 1635 jamque
976 1601 1046 1628 Con-

251 1645 458 1679 stantinopolim
493 1645 597 1676 vicino,
629 1645 664 1672 ad
691 1644 805 1672 ﬂuvium
834 1645 958 1681 Sagarim
984 1654 1046 1674 cum

251 1691 396 1726 magniﬁco
412 1695 545 1725 apparatu
563 1694 590 1718 et
609 1691 748 1724 cautibus,
764 1691 944 1726 Theophanes
963 1693 1047 1727 patri-

251 1738 311 1765 cius
339 1741 366 1764 et
395 1737 538 1764 arcubitor
566 1737 676 1764 obviam
703 1739 846 1772 proressit,
879 1743 906 1766 et
931 1738 1048 1775 Augusti

253 1784 356 1811 mensis
372 1783 418 1811 die
434 1783 541 1811 decimo
565 1784 661 1818 quinto
685 1784 851 1819 imperatore
868 1785 901 1812 ad
921 1785 1049 1814 Blacber-

253 1837 304 1857 nas
317 1829 454 1862 veniente,
470 1834 497 1856 et
517 1829 616 1856 ibidem
629 1829 773 1862 adorante,
791 1829 817 1857 in
834 1830 929 1857 urbem
946 1831 1049 1858 intulit.

254 1875 390 1911 Sequente
407 1877 467 1902 luce
480 1882 644 1910 progressus
668 1879 710 1903 est
729 1876 764 1902 ad
786 1881 893 1910 portam
908 1876 1026 1903 Auream
1041 1883 1049 1903 :

254 1920 410 1956 Stephanus
428 1925 518 1948 autem
534 1925 561 1948 et
575 1920 786 1954 Constantinus,
812 1921 869 1949 duo
899 1921 1049 1956 imperato-

254 1966 292 1993 ris
305 1966 364 1999 ﬁlii,
376 1973 484 2000 unaque
499 1965 699 1993 Constantinus
713 1965 773 2000 ejus
785 1973 868 2001 gener
883 1974 946 1994 cum
960 1965 1050 1994 Thro-

253 2012 380 2047 pbylacto
396 2011 564 2046 patriarcha,
592 2012 721 2039 universo
743 2014 913 2046 prazcetlente
940 2018 1048 2043 senatu.

252 2057 345 2085 debito
371 2057 478 2084 honore
503 2061 661 2092 susceptum
681 2064 790 2084 sacrum
816 2057 925 2093 pignus,
949 2059 1049 2093 praevia

253 2111 397 2130 ccreorum
425 2103 612 2134 multitudine,
640 2104 674 2131 ad
700 2108 802 2131 sancta:
829 2104 876 2131 Dei
903 2104 1050 2139 Sapientiae

253 2149 386 2183 templum
405 2148 486 2183 pedes
500 2149 656 2176 detulerunt
673 2158 680 2176 :
699 2149 877 2186 exhibithue
892 2151 966 2179 cultu
984 2152 1050 2180 ado-

254 2200 345 2221 ratum
364 2194 390 2220 in
409 2194 539 2228 palatium
551 2194 728 2222 induxerunt.

1092 270 1254 305 δομέστικος
1269 269 1298 297 δὲ
1309 268 1533 296 ἀντικαθίσταται
1547 268 1560 293 ὁ
1574 267 1718 302 πατρίκιος
1731 265 1887 301 Πανθήριος

1094 316 1230 351 συγγενὴς
1244 315 1292 342 τοῦ
1306 314 1440 350 βασιλέως
1454 313 1492 340 ὢν
1514 312 1667 348 Ῥωμανοῦ.

1128 360 1287 387 Ἰνδικτιῶνι
1302 360 1399 395 πρώτῃ
1421 358 1569 394 Ἀπριλλίῳ
1585 358 1651 394 μηνὶ
1667 357 1785 393 ἐπῆλθον
1797 357 1882 383 πάλιν

1093 407 1118 433 οἱ
1131 407 1248 441 Τοῦρκοι
1262 406 1330 441 μετὰ
1342 406 1473 441 πλείστης
1481 405 1633 439 δυνάμεως.
1657 403 1686 430 '0
1694 404 1723 431 δὲ
1738 404 1887 439 πατρίκιος

1093 453 1234 487 Θεοφάνης
1248 454 1262 479 ὁ
1278 452 1527 487 παρακοιμώμενος
1542 450 1657 483 ἐξελθὼν
1679 450 1796 482 σπονδὰς
1809 451 1889 485 εἰρη-

1094 501 1172 531 νικὰς
1182 500 1311 532 ἐποίησεν
1328 499 1386 534 μετ’
1399 498 1499 531 αὐτῶν,
1517 498 1632 533 χρόνους
1645 497 1727 523 πέντε
1744 497 1794 533 τὴν
1813 498 1890 531 είρὴο

1095 554 1144 581 νην
1169 546 1396 580 διαφυλαχθῆναι.
1423 544 1544 579 Δευτέρα
1562 543 1708 570 ίνδικτιῶνι
1724 544 1738 570 ό
1757 543 1889 577 βασιλεὺς

1100 591 1241 625 Ῥωμανδς
1250 591 1405 626 Πασχάλιον
1414 590 1661 625 πρωτοσπαθάριον
1673 589 1720 616 καὶ
1732 589 1890 624 στρατηγὸν

1095 638 1269 673 Λαγοὸάρδον
1283 639 1351 673 πρὸς
1365 638 1410 664 τὸν
1437 638 1510 673 ρἦα
1524 638 1664 673 Φραγγίας
1699 638 1816 671 Οὕγωνα
1843 638 1890 671 ἐξ·

1096 684 1269 716 απέστειλεν,
1299 685 1349 719 τὴν
1366 684 1412 710 τοῦ
1428 683 1512 711 αὑτοῦ
1536 684 1674 719 θυγατέρα
1690 683 1827 719 ἐπιζητῶν
1848 685 1889 715 εἰς

1097 730 1206 765 νύμφην
1226 730 1360 766 Ῥωμανῷ
1374 730 1412 765 τῷ
1427 730 1476 757 τοῦ
1492 729 1620 765 γαμϐροῦ
1637 730 1720 756 αὑτοῦ
1738 731 1889 756 Κωνσταν-

1096 777 1169 802 τίνου
1185 775 1251 811 υίῷ-
1267 777 1300 811 ἢν
1320 777 1368 803 καὶ
1382 777 1524 803 ἀναλαΰὼν
1536 777 1550 803 ό
1567 776 1712 811 εἰρημένος
1733 776 1890 810 Πασχάλιος

1099 822 1169 857 μετὰ
1188 822 1304 849 πλούτου
1320 822 1419 849 πολλοῦ
1435 823 1464 849 ἐν
1476 824 1509 857 τῇ
1528 823 1605 849 πόλει
1626 823 1773 858 ἀνήγαγεν.
1788 822 1890 856 Γέγονε

1097 867 1124 894 δὲ
1149 868 1163 894 ὁ
1179 868 1267 903 γάμος
1297 869 1477 904 Σεπτεμϐρίῳ
1495 869 1571 904 μηνὶ,
1594 869 1655 903 ἥτις
1672 870 1719 895 καὶ
1743 868 1890 903 ἐτελεύτη-

1065 907 1147 940 Βσεν
1165 914 1273 950 ζήσασα
1300 915 1348 950 ἔτη
1376 915 1445 950 μετὰ
1475 915 1522 942 τοῦ
1556 915 1653 951 ἀνδρδς
1682 915 1768 950 αὐτῆς
1795 916 1888 942 πέντε.

1105 960 1148 986 Ἑν
1163 962 1223 992 ταῖς
1239 960 1358 996 ἡμέραις
1380 961 1430 996 τῆς
1453 961 1671 996 αὐτοκρατορίας
1695 961 1890 988 Κωσταντίνου

1097 1005 1145 1031 τοῦ
1173 1006 1258 1041 αὐτῆς
1279 1005 1413 1040 πενθεροῦ
1431 1006 1534 1042 ἀνέμου
1558 1006 1645 1041 βιαίου
1677 1007 1780 1042 σφόδρα
1805 1015 1892 1034 κατα-

1098 1051 1269 1083 πνεύσαντος
1293 1051 1457 1087 Δεκεμϐρίῳ
1476 1052 1551 1087 μηνὶ,
1580 1053 1605 1078 οἱ
1623 1052 1767 1087 λεγόμενοι
1789 1054 1818 1079 ἑν
1850 1052 1892 1088 τῷ

1099 1097 1205 1132 ἱππικῷ
1224 1097 1304 1132 δῆμοι
1331 1098 1484 1126 κατέπεσον
1503 1098 1570 1134 (65),
1587 1098 1612 1124 οἳ
1629 1098 1677 1125 ἀπ’
1694 1099 1819 1130 ἐναντίας
1839 1100 1889 1125 τοῦ

1099 1143 1240 1178 βασιλικοῦ
1257 1143 1352 1179 θρόνου
1367 1145 1527 1179 ἐτύγχανον,
1541 1145 1589 1171 καὶ
1601 1145 1766 1180 συνέτριψαν
1777 1145 1810 1172 τὰ
1823 1145 1892 1171 ὑπο-

1098 1189 1221 1215 κάτωθεν
1237 1189 1382 1225 μάρμαρα,
1400 1190 1447 1216 καὶ
1464 1190 1566 1225 στήθεα
1582 1190 1733 1225 λεγόμενα’
1749 1191 1846 1225 χρόνου
1861 1191 1891 1217 δὲ

1098 1235 1341 1269 περικυκλωμὲνου
1364 1234 1403 1269 τῷ
1424 1235 1499 1269 αὑτῷ
1529 1236 1595 1269 μηνὶ
1613 1236 1659 1262 τὸν
1690 1234 1802 1269 βασιλέα
1821 1235 1891 1262 Ῥω-

1099 1280 1183 1315 μανδν
1211 1280 1258 1306 τοῦ
1288 1280 1418 1306 παλατίου
1445 1281 1614 1315 κατήγαγον.
1642 1280 1699 1315 Τῆς
1726 1279 1755 1307 δὲ
1785 1279 1892 1313 πίλεως

1098 1326 1221 1361 Ἐδέσης,
1240 1324 1295 1364 ἐνῇ
1312 1327 1342 1352 τὸ
1359 1327 1448 1361 τίμιον
1459 1327 1507 1353 τοῦ
1525 1326 1645 1361 Χριστοῦ
1664 1327 1812 1361 ἐκμαγεῖον
1833 1327 1888 1352 ἀπ-

1098 1372 1199 1404 έκειτο,
1223 1372 1300 1408 παρὰ
1316 1372 1363 1399 τοῦ
1380 1373 1536 1408 Ῥωμαϊκοῦ
1550 1373 1787 1410 πολιορκουμένης
1809 1381 1890 1407 cepa.-

1097 1418 1244 1453 τεύματος,
1259 1419 1307 1446 καὶ
1332 1419 1372 1450 είς
1391 1419 1515 1454 ἀνάγκην
1529 1420 1662 1454 μεγίστην
1675 1419 1893 1455 προῖσταμένης,

1098 1465 1264 1491 ἀπέστειλαν
1283 1466 1307 1491 οἱ
1334 1465 1440 1500 ταύτης
1455 1466 1599 1501 οἰκήτορες
1616 1466 1685 1501 πρὸς
1707 1467 1753 1492 τὸν
1778 1465 1894 1500 βασιλέα

1104 1511 1245 1545 Ῥωμανδν
1256 1511 1519 1546 διαπρεσϐευόμενοι
1529 1513 1579 1546 τὴν
1595 1512 1755 1547 πολιορκίαν
1765 1511 1893 1546 λυθῆναι,

1099 1558 1129 1584 τὸ
1143 1558 1171 1584 δὲ
1197 1557 1244 1584 τοῦ
1260 1557 1380 1592 Χριστοῦ
1397 1558 1475 1591 ἅγιον
1492 1558 1640 1592 ἐκμαγεῖον
1656 1558 1788 1593 παρέχειν
1804 1559 1893 1592 ἑπαγ-

1101 1603 1273 1638 γελλόμενοι.
1281 1603 1369 1639 Ὑπὲρ
1388 1603 1516 1638 τοιαύτης
1528 1604 1556 1630 δὲ
1571 1604 1681 1639 χάριτος
1689 1604 1818 1639 δεσμίους
1827 1604 1895 1640 ᾐτή-

1102 1657 1183 1675 σαντο
1199 1649 1253 1676 τῶν
1266 1649 1397 1683 ἐμφανῶν
1410 1649 1575 1682 ἀντιλαῦεῖν,
1592 1650 1784 1685 χρυσοὸούλιόν
1801 1658 1831 1676 τε
1843 1650 1895 1676 λα-

1102 1694 1171 1726 ὃεῖν,
1184 1694 1254 1721 ὥστε
1266 1695 1365 1730 μηκέτι
1381 1695 1430 1730 τὴν
1439 1695 1543 1722 τούτων
1557 1695 1650 1731 χώραν
1668 1695 1746 1731 παρὰ
1760 1695 1806 1722 τοῦ
1822 1695 1894 1722 Ῥως

1103 1740 1192 1774 μαίων
1207 1740 1324 1774 στρατοῦ
1338 1740 1496 1776 ληῖζεσοαι·
1508 1741 1522 1768 ὃ
1536 1741 1568 1776 δὴ
1588 1742 1636 1769 καὶ
1656 1742 1779 1775 γέγονεν.
1795 1741 1850 1768 Τοῦ
1865 1742 1895 1768 δὲ

1101 1786 1179 1820 ἁγίου
1192 1786 1340 1821 ἐκμαγείου
1355 1787 1567 1819 ἀποσταλέντος,
1579 1787 1627 1814 καὶ
1640 1788 1690 1823 ἤδη
1704 1789 1736 1823 τῇ
1748 1789 1898 1814 Κωνσταν-

1100 1832 1253 1858 τινουπόλει
1271 1832 1482 1868 πλησιάζοντος,
1497 1833 1640 1868 Θεοφάνης
1653 1835 1666 1860 ὁ
1682 1833 1830 1868 πατρίκιος
1846 1834 1896 1860 καὶ

1078 1879 1351 1914 .›παρακοιμώμενος
1379 1880 1408 1906 ὲν
1440 1879 1479 1914 τῷ
1508 1880 1625 1915 ποταμῷ
1656 1880 1749 1915 Σάγαρ
1776 1879 1896 1913 ἐξελθὼν

1101 1925 1257 1960 ὑπήντησεν
1269 1924 1342 1959 αὑτῷ
1362 1925 1432 1958 μετὰ
1446 1925 1577 1960 λαμπρᾶς
1591 1926 1674 1959 τιμῆς
1690 1934 1720 1952 τε
1753 1925 1803 1952 καὶ
1826 1924 1897 1960 ὕμν-

1101 1970 1198 2006 ῳδίας·
1214 1971 1262 1997 καὶ
1279 1972 1314 2005 τῇ
1328 1971 1430 2007 δεκάτῃ
1445 1971 1559 2006 πέμπτῃ
1575 1970 1623 1997 τοῦ
1639 1971 1797 2005 Αὐγούστου
1810 1970 1898 2005 μηνὸς

1102 2019 1151 2044 σὺν
1169 2017 1243 2052 αὑτῷ
1268 2019 1297 2044 ὲν
1323 2019 1357 2053 τῇ
1375 2018 1452 2044 πόλει
1480 2018 1615 2053 εἰσῆλθεν,
1641 2018 1689 2046 τοῦ
1707 2018 1842 2054 βασιλέως
1864 2019 1896 2045 ὲν

1103 2063 1269 2099 Βλαχέρναις
1283 2063 1370 2096 δντος,
1386 2065 1467 2091 κάκεῖ
1484 2064 1558 2100 αὑτῷ
1582 2065 1836 2100 προσκυνήσαντος.
1854 2064 1895 2099 Τῇ

1101 2109 1130 2135 δὲ
1146 2109 1278 2145 ἐπαύριον
1294 2109 1406 2144 ἐξῆλθεν
1421 2110 1450 2136 ἐν
1466 2111 1499 2145 τῇ
1516 2111 1611 2146 Χρυσῇ
1631 2112 1720 2146 πόρτῃ
1731 2119 1738 2126 ’
1752 2111 1777 2137 οἱ
1794 2111 1824 2137 δὲ
1845 2109 1895 2137 τοῦ

1104 2155 1237 2190 βασιλέως
1253 2154 1300 2181 δύο
1313 2156 1366 2182 υἱοὶ
1395 2156 1532 2190 Στέφανος
1547 2157 1595 2183 καὶ
1614 2157 1820 2189 Κωνσταντῖνος
1847 2157 1896 2183 καὶ

1102 2202 1116 2228 ό
1135 2200 1260 2237 γαμὸρδς
1274 2201 1357 2227 αὐτοῦ
1379 2202 1581 2234 Κωνσταντῖνος
1610 2203 1659 2229 σὺν
1679 2202 1718 2237 τῷ
1734 2203 1896 2238 πατριάρχῃ

253 2238 447 2274 Θεοφυλὰκτῳ,
471 2240 519 2266 καὶ
546 2239 616 2275 μετὰ
630 2240 680 2274 τῆς
693 2239 807 2276 δεούσης
819 2241 899 2269 τοῦτο
929 2243 1111 2277 ἀναλαϐόντες
1148 2246 1242 2280 τιμῆς,
1276 2245 1325 2280 τῆς
1341 2246 1495 2279 συγκλήτου
1521 2247 1612 2282 πάσης
1638 2249 1894 2284 προπορευομένης,

253 2287 301 2313 καὶ
329 2287 509 2321 φωταγωγίας
526 2287 658 2322 μεγίστης
682 2289 868 2325 προαγούσης,
889 2290 970 2327 μέχρι
994 2292 1041 2319 τοῦ
1062 2293 1127 2320 ναοῦ
1155 2294 1205 2328 τῆς
1224 2292 1319 2326 ’Λγίας
1352 2292 1400 2319 τοῦ
1425 2293 1494 2320 Θεοῦ
1528 2293 1630 2328 Σοφίας
1660 2293 1743 2326 πεζὸν
1769 2294 1896 2330 διεκόμι-

254 2341 314 2366 σαν,
334 2334 381 2361 καὶ
398 2336 587 2371 προσκυνηοὲν
599 2336 700 2369 ἐκεῖσε,
716 2337 745 2364 ὲν
769 2337 809 2373 τῷ
826 2339 952 2374 παλατίῳ
980 2341 1130 2376 ἀνήγαγον.

290 2379 471 2415 Temporibus
495 2380 556 2409 istis
586 2387 742 2416 portentum
771 2384 909 2418 quoddam
938 2393 971 2413 ex
999 2386 1050 2413 Ar-
1067 2390 1088 2416 ι)

254 2426 344 2454 menia
358 2426 384 2454 in
401 2427 495 2455 urbem
514 2428 648 2456 invectum
676 2437 683 2455 :
705 2430 781 2464 pueri
795 2429 849 2457 duo
861 2431 977 2458 masculi
997 2440 1053 2459 uno

1145 2386 1189 2413 Ἐν
1212 2385 1326 2417 ταύταις
1350 2385 1379 2412 δὲ
1397 2386 1458 2417 ταῖς
1474 2386 1596 2422 ἡμέραις
1617 2387 1745 2423 Ἀρμένιν
1771 2396 1799 2414 τι.
1813 2388 1898 2423 τέρας

1106 2432 1140 2468 τῇ
1159 2431 1236 2458 πόλει
1261 2431 1447 2466 ἐπεφοιτήκει.
1463 2432 1562 2464 Παῖδες
1581 2435 1715 2468 συμφυεῖς
1731 2434 1847 2469 ἄρρενες
1863 2435 1897 2460 ἑκ

836 2511 962 2540 FRANC.
981 2512 1178 2540 COMBEFISH
1191 2512 1306 2540 ΝΟΤΑΞ.

291 2568 347 2603 (6‘2)
372 2568 513 2596 Lacunam
541 2572 606 2604 post
627 2576 721 2597 vocem
743 2570 902 2605 ’ᾼγαρηνῶν
933 2570 971 2597 ita
998 2578 1047 2597 ex-

254 2603 350 2638 pleas,
371 2609 505 2638 quantum
538 2603 602 2631 huic
629 2606 690 2632 loco
716 2604 816 2632 sutﬁcit
839 2603 918 2632 ἐΚαὶ
946 2605 991 2631 διὰ
1018 2606 1051 2632 τὸ

255 2640 406 2680 περιφανὲς
421 2640 472 2680 τῆς
482 2639 528 2680 τοῦ
546 2639 643 2680 ανδρδς
659 2640 761 2680 ἀρετῆς
779 2640 922 2680 ὴὸουλήθη
938 2641 1049 2680 ὁ-βασ-ι-

255 2649 406 2681 περιφανες
421 2649 472 2702 της
482 2649 528 2666 του
546 2649 643 2674 ανορος
659 2649 761 2680 αρετης
779 2649 922 2675 ηοουληυη
938 2649 952 2666 ο
968 2649 1049 2675 μασι-

255 2674 319 2705 λευς
338 2674 447 2708 Ῥωμαν
466 2684 477 2706 ς
488 2675 528 2706 είς
539 2675 583 2701 τὸν
598 2676 694 2701 ἑαυτου
716 2675 826 2708 ἔγγονον
845 2675 987 2709 Ῥωμανδν
1003 2676 1049 2702 τὸν

255 2709 289 2735 ὲκ
307 2710 513 2737 Κωνσταντίνου
536 2710 583 2736 τοῦ
611 2709 671 2737 υἱοῦ
690 2709 772 2736 αὑτοῦ
792 2709 931 2744 θυγατέρα
946 2710 1049 2737 ἀναλα-

257 2744 325 2771 ϐεῖν.
335 2744 435 2772 Φθόνου
450 2745 479 2772 δὲ
492 2745 566 2780 αὐτῷ
576 2746 625 2780 τῆς
639 2745 768 2780 τοιαύτης
780 2745 875 2772 ἕνεκεν
889 2746 1050 2777 ὑποθέσεως

257 2780 334 2814 παρὰ
351 2781 404 2806 τῶν
425 2781 528 2807 λοιπῶν
549 2780 681 2815 βασιλέων
699 2781 873 2815 κινηθέντος,
898 2781 981 2808 παύει
1000 2782 1050 2815 τῆς

256 2814 355 2851 ἀρχῆς,
369 2815 455 2842 εἴκοσι
474 2817 521 2842 καὶ
535 2816 583 2843 δύο
600 2817 712 2850 χρόνους
739 2814 786 2842 καὶ
815 2818 905 2851 μῆνας
922 2816 993 2843 ἑπτὰ
1009 2814 1050 2842 δοο

259 2849 387 2889 μεστικος
405 2851 545 2889 ἁδιὸιδοχος
569 2849 689 2882 τελέσας.
702 2849 873 2889 ΔΔομέστὶκὸς
888 2851 917 2889 δέ
931 2859 938 2866 ·
958 2851 1048 2886 Obque

258 2883 388 2911 itlustrem
420 2887 467 2912 rirt‘
490 2883 612 2913 uirtutem
637 2887 718 2914 voluit
744 2883 879 2915 Romanus
904 2883 1047 2921 imperator

1100 2571 1157 2604 eius
1181 2571 1266 2605 ﬁliam
1292 2571 1387 2604 ηυριαὶ
1410 2572 1515 2598 tradere
1537 2571 1627 2604 nepoti
1647 2579 1694 2598 suo
1719 2569 1840 2599 Romano
1863 2580 1898 2598 es

1101 2605 1280 2633 Constantino
1298 2606 1367 2640 ﬁlio.
1391 2606 1451 2638 Qua
1466 2613 1498 2632 ex
1518 2615 1600 2633 causa
1615 2613 1686 2633 mata
1709 2607 1736 2632 in
1750 2615 1810 2633 eum
1827 2608 1898 2634 alio-

1103 2649 1164 2668 rum
1179 2642 1361 2675 Augustorum
1375 2641 1476 2668 invidia
1492 2643 1652 2675 magistratu
1667 2641 1818 2671 abdicatur.
1836 2650 1897 2669 cum

1103 2684 1188 2704 annos
1204 2677 1297 2711 viginti
1312 2676 1378 2702 duos
1388 2697 1396 2708 ,
1415 2685 1446 2702 ac
1462 2685 1563 2704 manus
1576 2682 1674 2711 septem
1687 2678 1829 2704 continuos
1848 2678 1898 2703 do—

1105 2711 1208 2738 mestici
1221 2719 1316 2746 mum};
1328 2711 1446 2738 obiisset.
1462 2711 1529 2746 Ejus
1542 2711 1600 2738 loco
1614 2712 1775 2739 domesticus
1788 2720 1898 2740 creatur

1104 2746 1271 2808 Fam/perna.
1289 2745 1373 2773 Plura
1393 2747 1427 2774 de
1445 2745 1490 2778 eo,
1510 2747 1628 2783 aliisque
1640 2752 1798 2782 exspectata
1823 2747 1898 2775 Con-

1117 2789 1181 2808 mua
1198 2788 1269 2808 Ione.

1117 2788 1191 2808 lllllal
1198 2788 1269 2808 Ione.

1141 2817 1197 2852 (65)
1215 2815 1382 2851 Subgrunaw
1393 2817 1542 2844 ceciderunt
1558 2818 1585 2844 t'n
1605 2818 1686 2848 circo,
1696 2822 1720 2844 et
1733 2818 1898 2845 comminu-

1103 2857 1165 2889 t'_mtt
1185 2851 1323 2889 subsellia_
1338 2857 1362 2879 et
1389 2853 1532 2889 garteellos.
1549 2853 1590 2889 Τὰ
1603 2853 1692 2889 βάθρα
1710 2853 1856 2889 Anonymo
1871 2858 1898 2881 et

1103 2887 1226 2915 Cedreno
1240 2895 1300 2922 qua:
1313 2887 1398 2915 Leoni
1413 2888 1549 2924 μάρμαρα
1563 2887 1696 2924 λεγόμενα
1710 2887 1824 2924 στήθεα.
