  <div class='ocr_page' id='page_1' title='image "/cluster/home/n/w/nwhite01/storage/ocr_20150623/108/njp.32101077772919/620.png"; bbox 0 0 2035 3153; ppageno 0'>
   <div class='ocr_carea' id='block_1_1' title="bbox 167 174 234 207">
    <p class='ocr_par' dir='ltr' id='par_1_1' title="bbox 167 174 234 207">
     <span class='ocr_line' id='line_1_1' title="bbox 167 174 234 207; baseline -0.03 -1"><span class='ocrx_word' id='word_1_1' title='bbox 167 174 234 207; x_wconf 68' lang='lat'><strong>11.61</strong></span> 
     </span>
    </p>
   </div>
   <div class='ocr_carea' id='block_1_2' title="bbox 814 171 1151 202">
    <p class='ocr_par' dir='ltr' id='par_1_2' title="bbox 814 171 1151 202">
     <span class='ocr_line' id='line_1_2' title="bbox 814 171 1151 202; baseline -0.003 -1"><span class='ocrx_word' id='word_1_2' title='bbox 814 171 1151 202; x_wconf 65' lang='lat' dir='ltr'><strong>CHRONOGRAPHIA.</strong></span> 
     </span>
    </p>
   </div>
   <div class='ocr_carea' id='block_1_3' title="bbox 1731 174 1800 207">
    <p class='ocr_par' dir='ltr' id='par_1_3' title="bbox 1731 174 1800 207">
     <span class='ocr_line' id='line_1_3' title="bbox 1731 174 1800 207; baseline -0.043 0"><span class='ocrx_word' id='word_1_3' title='bbox 1731 174 1800 207; x_wconf 75' lang='lat'><strong>1162</strong></span> 
     </span>
    </p>
   </div>
   <div class='ocr_carea' id='block_1_4' title="bbox 166 227 960 266">
    <p class='ocr_par' dir='ltr' id='par_1_4' title="bbox 166 227 954 266">
     <span class='ocr_line' id='line_1_4' title="bbox 166 227 954 266; baseline -0.005 -9"><span class='ocrx_word' id='word_1_4' title='bbox 166 232 232 264; x_wconf 81' lang='grc' dir='ltr'>μιᾶς</span> <span class='ocrx_word' id='word_1_5' title='bbox 245 229 424 266; x_wconf 75' lang='grc' dir='ltr'>προελθόντες</span> <span class='ocrx_word' id='word_1_6' title='bbox 438 229 659 264; x_wconf 59' lang='grc' dir='ltr'>γαστρδςρρτιοι</span> <span class='ocrx_word' id='word_1_7' title='bbox 672 229 722 263; x_wconf 74' lang='grc' dir='ltr'>μὲν</span> <span class='ocrx_word' id='word_1_8' title='bbox 734 228 822 255; x_wconf 64' lang='grc' dir='ltr'>πάντα</span> <span class='ocrx_word' id='word_1_9' title='bbox 834 227 869 254; x_wconf 75' lang='grc' dir='ltr'><strong>τὰ</strong></span> <span class='ocrx_word' id='word_1_10' title='bbox 887 227 954 262; x_wconf 77' lang='grc' dir='ltr'>μέλη</span> 
     </span>
    </p>
   </div>
   <div class='ocr_carea' id='block_1_5' title="bbox 1012 227 1799 266">
    <p class='ocr_par' dir='ltr' id='par_1_5' title="bbox 1012 228 1799 265">
     <span class='ocr_line' id='line_1_5' title="bbox 1012 228 1799 265; baseline 0.006 -11"><span class='ocrx_word' id='word_1_11' title='bbox 1012 233 1101 255; x_wconf 82' lang='lat' dir='ltr'><strong>rentre</strong></span> <span class='ocrx_word' id='word_1_12' title='bbox 1113 228 1260 264; x_wconf 72' lang='lat' dir='ltr'><strong>progressi,</strong></span> <span class='ocrx_word' id='word_1_13' title='bbox 1274 233 1302 255; x_wconf 90' lang='lat' dir='ltr'><strong>et</strong></span> <span class='ocrx_word' id='word_1_14' title='bbox 1316 229 1349 256; x_wconf 90' lang='lat' dir='ltr'><strong>ad</strong></span> <span class='ocrx_word' id='word_1_15' title='bbox 1365 229 1480 257; x_wconf 78' lang='lat' dir='ltr'><strong>invicem</strong></span> <span class='ocrx_word' id='word_1_16' title='bbox 1497 230 1684 265; x_wconf 88' lang='lat' dir='ltr'><strong>complantati,</strong></span> <span class='ocrx_word' id='word_1_17' title='bbox 1699 239 1714 258; x_wconf 90' lang='lat' dir='ltr'><strong>a</strong></span> <span class='ocrx_word' id='word_1_18' title='bbox 1732 239 1799 259; x_wconf 87' lang='lat' dir='ltr'><strong>ven-</strong></span> 
     </span>
    </p>
   </div>
   <div class='ocr_carea' id='block_1_6' title="bbox 166 274 957 313">
    <p class='ocr_par' dir='ltr' id='par_1_6' title="bbox 166 274 957 313">
     <span class='ocr_line' id='line_1_6' title="bbox 166 274 957 313; baseline -0.005 -9"><span class='ocrx_word' id='word_1_19' title='bbox 166 277 214 304; x_wconf 83' lang='grc' dir='ltr'>τοῦ</span> <span class='ocrx_word' id='word_1_20' title='bbox 232 278 371 313; x_wconf 77' lang='grc' dir='ltr'>σώματος,</span> <span class='ocrx_word' id='word_1_21' title='bbox 388 276 442 304; x_wconf 76' lang='grc' dir='ltr'><strong>ἀπὸ</strong></span> <span class='ocrx_word' id='word_1_22' title='bbox 456 277 485 303; x_wconf 78' lang='grc' dir='ltr'><strong>δὲ</strong></span> <span class='ocrx_word' id='word_1_23' title='bbox 500 276 547 302; x_wconf 87' lang='grc' dir='ltr'>τοῦ</span> <span class='ocrx_word' id='word_1_24' title='bbox 563 276 698 311; x_wconf 81' lang='grc' dir='ltr'>στόματος</span> <span class='ocrx_word' id='word_1_25' title='bbox 711 275 761 309; x_wconf 82' lang='grc' dir='ltr'>τῆς</span> <span class='ocrx_word' id='word_1_26' title='bbox 778 274 897 309; x_wconf 73' lang='grc' dir='ltr'>γαστρὸς</span> <span class='ocrx_word' id='word_1_27' title='bbox 909 274 957 300; x_wconf 74' lang='grc' dir='ltr'>καὶ</span> 
     </span>
    </p>
   </div>
   <div class='ocr_carea' id='block_1_7' title="bbox 169 320 957 359">
    <p class='ocr_par' dir='ltr' id='par_1_7' title="bbox 169 320 957 359">
     <span class='ocr_line' id='line_1_7' title="bbox 169 320 957 359; baseline -0.006 -8"><span class='ocrx_word' id='word_1_28' title='bbox 169 325 252 359; x_wconf 84' lang='grc' dir='ltr'>μέχρι</span> <span class='ocrx_word' id='word_1_29' title='bbox 268 323 323 351; x_wconf 81' lang='grc' dir='ltr'><strong>τῶν</strong></span> <span class='ocrx_word' id='word_1_30' title='bbox 334 323 386 350; x_wconf 81' lang='grc' dir='ltr'>ὑπὸ</span> <span class='ocrx_word' id='word_1_31' title='bbox 397 323 518 358; x_wconf 77' lang='grc' dir='ltr'>γαστέρα</span> <span class='ocrx_word' id='word_1_32' title='bbox 532 321 752 357; x_wconf 73' lang='grc' dir='ltr'><strong>συμπεφυκότες,</strong></span> <span class='ocrx_word' id='word_1_33' title='bbox 769 321 818 348; x_wconf 70' lang='grc' dir='ltr'>καὶ</span> <span class='ocrx_word' id='word_1_34' title='bbox 831 320 957 356; x_wconf 75' lang='grc' dir='ltr'>ἀλληλοις</span> 
     </span>
    </p>
   </div>
   <div class='ocr_carea' id='block_1_8' title="bbox 168 365 957 405">
    <p class='ocr_par' dir='ltr' id='par_1_8' title="bbox 168 365 957 405">
     <span class='ocr_line' id='line_1_8' title="bbox 168 365 957 405; baseline -0.005 -9"><span class='ocrx_word' id='word_1_35' title='bbox 168 370 338 405; x_wconf 80' lang='grc' dir='ltr'><strong>ὑπάρχοντες</strong></span> <span class='ocrx_word' id='word_1_36' title='bbox 352 368 568 404; x_wconf 70' lang='grc' dir='ltr'><strong>ἀντιπρόσωποι,</strong></span> <span class='ocrx_word' id='word_1_37' title='bbox 581 368 607 394; x_wconf 76' lang='grc' dir='ltr'><strong>οἳ</strong></span> <span class='ocrx_word' id='word_1_38' title='bbox 619 368 667 394; x_wconf 75' lang='grc' dir='ltr'><strong>ἐπὶ</strong></span> <span class='ocrx_word' id='word_1_39' title='bbox 683 367 809 393; x_wconf 83' lang='grc' dir='ltr'>πλεῖστον</span> <span class='ocrx_word' id='word_1_40' title='bbox 820 367 855 402; x_wconf 79' lang='grc' dir='ltr'>τῇ</span> <span class='ocrx_word' id='word_1_41' title='bbox 880 365 957 392; x_wconf 79' lang='grc' dir='ltr'>πόλει</span> 
     </span>
    </p>
   </div>
   <div class='ocr_carea' id='block_1_9' title="bbox 168 412 958 451">
    <p class='ocr_par' dir='ltr' id='par_1_9' title="bbox 168 412 958 451">
     <span class='ocr_line' id='line_1_9' title="bbox 168 412 958 451; baseline -0.006 -9"><span class='ocrx_word' id='word_1_42' title='bbox 168 415 398 451; x_wconf 74' lang='grc' dir='ltr'>ἐνδιατρίψαντες,</span> <span class='ocrx_word' id='word_1_43' title='bbox 416 415 464 441; x_wconf 68' lang='grc' dir='ltr'>καὶ</span> <span class='ocrx_word' id='word_1_44' title='bbox 489 414 542 441; x_wconf 83' lang='grc' dir='ltr'><strong>ὑπὸ</strong></span> <span class='ocrx_word' id='word_1_45' title='bbox 557 414 667 440; x_wconf 83' lang='grc' dir='ltr'>πάντων</span> <span class='ocrx_word' id='word_1_46' title='bbox 686 413 725 444; x_wconf 85' lang='grc' dir='ltr'>ὡς</span> <span class='ocrx_word' id='word_1_47' title='bbox 742 412 861 446; x_wconf 74' lang='grc' dir='ltr'>ἐξαίσιόν</span> <span class='ocrx_word' id='word_1_48' title='bbox 876 420 903 438; x_wconf 90' lang='grc' dir='ltr'><strong>τι</strong></span> <span class='ocrx_word' id='word_1_49' title='bbox 914 412 958 438; x_wconf 76' lang='grc' dir='ltr'><strong>τι-</strong></span> 
     </span>
    </p>
   </div>
   <div class='ocr_carea' id='block_1_10' title="bbox 168 459 958 498">
    <p class='ocr_par' dir='ltr' id='par_1_10' title="bbox 168 459 958 498">
     <span class='ocr_line' id='line_1_10' title="bbox 168 459 958 498; baseline -0.003 -11"><span class='ocrx_word' id='word_1_50' title='bbox 168 471 218 498; x_wconf 84' lang='grc' dir='ltr'><strong>ρας</strong></span> <span class='ocrx_word' id='word_1_51' title='bbox 243 461 389 497; x_wconf 73' lang='grc' dir='ltr'>ὁρώμενοι,</span> <span class='ocrx_word' id='word_1_52' title='bbox 412 460 462 496; x_wconf 80' lang='grc' dir='ltr'>τῆς</span> <span class='ocrx_word' id='word_1_53' title='bbox 483 460 588 492; x_wconf 82' lang='grc' dir='ltr'>πόλεως</span> <span class='ocrx_word' id='word_1_54' title='bbox 606 460 644 491; x_wconf 82' lang='grc' dir='ltr'>ὡς</span> <span class='ocrx_word' id='word_1_55' title='bbox 664 460 783 494; x_wconf 80' lang='grc' dir='ltr'>πονηρός</span> <span class='ocrx_word' id='word_1_56' title='bbox 808 468 850 491; x_wconf 75' lang='grc' dir='ltr'><strong>τις</strong></span> <span class='ocrx_word' id='word_1_57' title='bbox 860 459 958 492; x_wconf 75' lang='grc' dir='ltr'>οἰωνὸς</span> 
     </span>
    </p>
   </div>
   <div class='ocr_carea' id='block_1_11' title="bbox 166 505 957 542">
    <p class='ocr_par' dir='ltr' id='par_1_11' title="bbox 166 505 957 542">
     <span class='ocr_line' id='line_1_11' title="bbox 166 505 957 542; baseline -0.004 -8"><span class='ocrx_word' id='word_1_58' title='bbox 166 507 349 542; x_wconf 61' lang='grc' dir='ltr'>ἐξηλάθησαν.</span> <span class='ocrx_word' id='word_1_59' title='bbox 374 507 436 533; x_wconf 80' lang='grc' dir='ltr'><strong>Ἐπὶ</strong></span> <span class='ocrx_word' id='word_1_60' title='bbox 465 506 494 533; x_wconf 75' lang='grc' dir='ltr'><strong>δὲ</strong></span> <span class='ocrx_word' id='word_1_61' title='bbox 508 506 558 541; x_wconf 81' lang='grc' dir='ltr'>τῆς</span> <span class='ocrx_word' id='word_1_62' title='bbox 573 506 791 542; x_wconf 78' lang='grc' dir='ltr'>μονοκρατορίας</span> <span class='ocrx_word' id='word_1_63' title='bbox 817 505 957 541; x_wconf 73' lang='grc' dir='ltr'><strong>βασιλείας</strong></span> 
     </span>
    </p>
   </div>
   <div class='ocr_carea' id='block_1_12' title="bbox 167 552 956 588">
    <p class='ocr_par' dir='ltr' id='par_1_12' title="bbox 167 552 956 588">
     <span class='ocr_line' id='line_1_12' title="bbox 167 552 956 588; baseline -0.003 -8"><span class='ocrx_word' id='word_1_64' title='bbox 167 553 377 580; x_wconf 83' lang='grc' dir='ltr'>Κωνσταντίνου</span> <span class='ocrx_word' id='word_1_65' title='bbox 399 552 481 579; x_wconf 77' lang='grc' dir='ltr'>πάλιν</span> <span class='ocrx_word' id='word_1_66' title='bbox 494 553 667 588; x_wconf 83' lang='grc' dir='ltr'>είσήλθοσαν.</span> <span class='ocrx_word' id='word_1_67' title='bbox 694 553 771 579; x_wconf 81' lang='grc' dir='ltr'>Ἐπεὶ</span> <span class='ocrx_word' id='word_1_68' title='bbox 787 552 816 579; x_wconf 77' lang='grc' dir='ltr'><strong>δὲ</strong></span> <span class='ocrx_word' id='word_1_69' title='bbox 832 553 846 578; x_wconf 83' lang='grc' dir='ltr'><strong>ὁ</strong></span> <span class='ocrx_word' id='word_1_70' title='bbox 863 552 956 587; x_wconf 75' lang='grc' dir='ltr'>ἕτερος</span> 
     </span>
    </p>
   </div>
   <div class='ocr_carea' id='block_1_13' title="bbox 167 599 958 635">
    <p class='ocr_par' dir='ltr' id='par_1_13' title="bbox 167 599 958 635">
     <span class='ocr_line' id='line_1_13' title="bbox 167 599 958 635; baseline -0.003 -9"><span class='ocrx_word' id='word_1_71' title='bbox 167 599 257 626; x_wconf 68' lang='grc' dir='ltr'>αὐτῶν</span> <span class='ocrx_word' id='word_1_72' title='bbox 272 599 452 635; x_wconf 81' lang='grc' dir='ltr'>[ὲ]τέονηκεν,</span> <span class='ocrx_word' id='word_1_73' title='bbox 470 599 557 634; x_wconf 85' lang='grc' dir='ltr'>ἰατροί</span> <span class='ocrx_word' id='word_1_74' title='bbox 564 608 637 631; x_wconf 84' lang='grc' dir='ltr'>τινες</span> <span class='ocrx_word' id='word_1_75' title='bbox 656 599 784 634; x_wconf 69' lang='grc' dir='ltr'>ἔμπειροι</span> <span class='ocrx_word' id='word_1_76' title='bbox 804 599 835 625; x_wconf 80' lang='grc' dir='ltr'>τὸ</span> <span class='ocrx_word' id='word_1_77' title='bbox 858 606 958 633; x_wconf 83' lang='grc' dir='ltr'>συγκε-</span> 
     </span>
    </p>
   </div>
   <div class='ocr_carea' id='block_1_14' title="bbox 168 644 957 680">
    <p class='ocr_par' dir='ltr' id='par_1_14' title="bbox 168 644 957 680">
     <span class='ocr_line' id='line_1_14' title="bbox 168 644 957 680; baseline -0.001 -9"><span class='ocrx_word' id='word_1_78' title='bbox 168 646 333 680; x_wconf 74' lang='grc' dir='ltr'>κολλημένον</span> <span class='ocrx_word' id='word_1_79' title='bbox 365 645 447 680; x_wconf 74' lang='grc' dir='ltr'>μέρος</span> <span class='ocrx_word' id='word_1_80' title='bbox 460 645 584 680; x_wconf 79' lang='grc' dir='ltr'><strong>διέτεμον</strong></span> <span class='ocrx_word' id='word_1_81' title='bbox 599 645 717 680; x_wconf 65' lang='grc' dir='ltr'>εὺῳυῶς,</span> <span class='ocrx_word' id='word_1_82' title='bbox 745 644 833 671; x_wconf 79' lang='grc' dir='ltr'>ἑλπίδι</span> <span class='ocrx_word' id='word_1_83' title='bbox 853 645 957 671; x_wconf 80' lang='grc' dir='ltr'>τούτων</span> 
     </span>
    </p>
   </div>
   <div class='ocr_carea' id='block_1_15' title="bbox 168 689 956 727">
    <p class='ocr_par' dir='ltr' id='par_1_15' title="bbox 168 689 956 727">
     <span class='ocr_line' id='line_1_15' title="bbox 168 689 956 727; baseline -0.003 -9"><span class='ocrx_word' id='word_1_84' title='bbox 168 692 262 727; x_wconf 79' lang='grc' dir='ltr'>ἕτερον</span> <span class='ocrx_word' id='word_1_85' title='bbox 279 691 423 727; x_wconf 79' lang='grc' dir='ltr'>ζήσεσθαι·</span> <span class='ocrx_word' id='word_1_86' title='bbox 440 691 469 723; x_wconf 84' lang='grc' dir='ltr'>ὃς</span> <span class='ocrx_word' id='word_1_87' title='bbox 482 693 557 727; x_wconf 80' lang='grc' dir='ltr'><strong>τρεῖς</strong></span> <span class='ocrx_word' id='word_1_88' title='bbox 577 692 685 726; x_wconf 78' lang='grc' dir='ltr'>ἡμέρας</span> <span class='ocrx_word' id='word_1_89' title='bbox 709 691 831 722; x_wconf 69' lang='grc' dir='ltr'>ἑπιῦιοῦς</span> <span class='ocrx_word' id='word_1_90' title='bbox 847 689 956 716; x_wconf 73' lang='grc' dir='ltr'>ἐτελεύ-</span> 
     </span>
    </p>
   </div>
   <div class='ocr_carea' id='block_1_16' title="bbox 168 737 957 774">
    <p class='ocr_par' dir='ltr' id='par_1_16' title="bbox 168 737 957 774">
     <span class='ocr_line' id='line_1_16' title="bbox 168 737 957 774; baseline -0.003 -9"><span class='ocrx_word' id='word_1_91' title='bbox 168 747 260 774; x_wconf 79' lang='grc' dir='ltr'>τησεν.</span> <span class='ocrx_word' id='word_1_92' title='bbox 273 739 326 765; x_wconf 72' lang='grc' dir='ltr'><strong>Καὶ</strong></span> <span class='ocrx_word' id='word_1_93' title='bbox 343 739 371 764; x_wconf 73' lang='grc' dir='ltr'>ὲν</span> <span class='ocrx_word' id='word_1_94' title='bbox 387 739 454 765; x_wconf 75' lang='grc' dir='ltr'>πᾶσι</span> <span class='ocrx_word' id='word_1_95' title='bbox 468 738 526 773; x_wconf 76' lang='grc' dir='ltr'>μὲν,</span> <span class='ocrx_word' id='word_1_96' title='bbox 552 737 589 769; x_wconf 82' lang='grc' dir='ltr'><strong>ὡς</strong></span> <span class='ocrx_word' id='word_1_97' title='bbox 611 738 740 773; x_wconf 79' lang='grc' dir='ltr'><strong>ἀνωτέρω</strong></span> <span class='ocrx_word' id='word_1_98' title='bbox 769 738 889 773; x_wconf 79' lang='grc' dir='ltr'>εἴρηται,</span> <span class='ocrx_word' id='word_1_99' title='bbox 909 745 957 771; x_wconf 82' lang='grc' dir='ltr'>μο-</span> 
     </span>
    </p>
   </div>
   <div class='ocr_carea' id='block_1_17' title="bbox 167 784 953 821">
    <p class='ocr_par' dir='ltr' id='par_1_17' title="bbox 167 784 953 821">
     <span class='ocr_line' id='line_1_17' title="bbox 167 784 953 821; baseline -0.003 -9"><span class='ocrx_word' id='word_1_100' title='bbox 167 787 260 820; x_wconf 81' lang='grc' dir='ltr'>ναχοίς</span> <span class='ocrx_word' id='word_1_101' title='bbox 277 785 368 812; x_wconf 83' lang='grc' dir='ltr'>πίστιν</span> <span class='ocrx_word' id='word_1_102' title='bbox 383 785 515 821; x_wconf 72' lang='grc' dir='ltr'>ὲκικτητο</span> <span class='ocrx_word' id='word_1_103' title='bbox 540 786 554 812; x_wconf 80' lang='grc' dir='ltr'>ὁ</span> <span class='ocrx_word' id='word_1_104' title='bbox 571 785 707 820; x_wconf 73' lang='grc' dir='ltr'>βασιλεὺς,</span> <span class='ocrx_word' id='word_1_105' title='bbox 721 785 906 820; x_wconf 67' lang='grc' dir='ltr'><strong>διαφερόντως</strong></span> <span class='ocrx_word' id='word_1_106' title='bbox 925 784 953 810; x_wconf 75' lang='grc' dir='ltr'><strong>δὲ</strong></span> 
     </span>
    </p>
   </div>
   <div class='ocr_carea' id='block_1_18' title="bbox 167 831 957 868">
    <p class='ocr_par' dir='ltr' id='par_1_18' title="bbox 167 831 957 868">
     <span class='ocr_line' id='line_1_18' title="bbox 167 831 957 868; baseline -0.003 -10"><span class='ocrx_word' id='word_1_107' title='bbox 167 832 250 867; x_wconf 71' lang='grc' dir='ltr'>ἐτίμα</span> <span class='ocrx_word' id='word_1_108' title='bbox 272 831 320 858; x_wconf 72' lang='grc' dir='ltr'>καὶ</span> <span class='ocrx_word' id='word_1_109' title='bbox 349 831 516 868; x_wconf 76' lang='grc' dir='ltr'>ὑπερέσεϐεν</span> <span class='ocrx_word' id='word_1_110' title='bbox 543 832 656 867; x_wconf 73' lang='grc' dir='ltr'>Σέργιον</span> <span class='ocrx_word' id='word_1_111' title='bbox 675 832 723 858; x_wconf 71' lang='grc' dir='ltr'>τὸν</span> <span class='ocrx_word' id='word_1_112' title='bbox 749 831 778 858; x_wconf 80' lang='grc' dir='ltr'>ὲν</span> <span class='ocrx_word' id='word_1_113' title='bbox 809 831 957 866; x_wconf 82' lang='grc' dir='ltr'>μονασταϊς</span> 
     </span>
    </p>
   </div>
   <div class='ocr_carea' id='block_1_19' title="bbox 166 877 956 913">
    <p class='ocr_par' dir='ltr' id='par_1_19' title="bbox 166 877 956 913">
     <span class='ocr_line' id='line_1_19' title="bbox 166 877 956 913; baseline -0.003 -8"><span class='ocrx_word' id='word_1_114' title='bbox 166 878 365 912; x_wconf 80' lang='grc' dir='ltr'>διαλάμποντα,</span> <span class='ocrx_word' id='word_1_115' title='bbox 378 877 408 909; x_wconf 74' lang='lat'><strong>6;</strong></span> <span class='ocrx_word' id='word_1_116' title='bbox 423 877 536 912; x_wconf 70' lang='grc' dir='ltr'>ἀδελφὸς</span> <span class='ocrx_word' id='word_1_117' title='bbox 553 878 602 913; x_wconf 83' lang='grc' dir='ltr'>μὲν</span> <span class='ocrx_word' id='word_1_118' title='bbox 614 878 661 904; x_wconf 74' lang='grc' dir='ltr'>τοῦ</span> <span class='ocrx_word' id='word_1_119' title='bbox 680 878 833 913; x_wconf 70' lang='grc' dir='ltr'>ματίστρου</span> <span class='ocrx_word' id='word_1_120' title='bbox 853 877 956 912; x_wconf 76' lang='grc' dir='ltr'>ἐπεφύ-</span> 
     </span>
    </p>
   </div>
   <div class='ocr_carea' id='block_1_20' title="bbox 167 912 995 960">
    <p class='ocr_par' dir='ltr' id='par_1_20' title="bbox 167 912 995 960">
     <span class='ocr_line' id='line_1_20' title="bbox 167 912 995 960; baseline -0.002 -8"><span class='ocrx_word' id='word_1_121' title='bbox 167 934 210 952; x_wconf 85' lang='grc' dir='ltr'><strong>κει</strong></span> <span class='ocrx_word' id='word_1_122' title='bbox 227 926 337 960; x_wconf 71' lang='grc' dir='ltr'>Κοσμᾶ,</span> <span class='ocrx_word' id='word_1_123' title='bbox 357 924 465 960; x_wconf 61' lang='grc' dir='ltr'>ἀνεψιὸς</span> <span class='ocrx_word' id='word_1_124' title='bbox 474 925 501 951; x_wconf 73' lang='grc' dir='ltr'><strong>δὲ</strong></span> <span class='ocrx_word' id='word_1_125' title='bbox 516 925 563 951; x_wconf 74' lang='grc' dir='ltr'><strong>τοῦ</strong></span> <span class='ocrx_word' id='word_1_126' title='bbox 577 912 747 960; x_wconf 76' lang='grc' dir='ltr'>πατριάρχου</span> <span class='ocrx_word' id='word_1_127' title='bbox 760 912 862 951; x_wconf 75' lang='grc' dir='ltr'>Φωτίου</span> <span class='ocrx_word' id='word_1_128' title='bbox 875 924 955 957; x_wconf 77' lang='grc' dir='ltr'>ἑτύγ-</span> <span class='ocrx_word' id='word_1_129' title='bbox 973 912 995 940; x_wconf 71' lang='lat' dir='ltr'><strong>B</strong></span> 
     </span>
    </p>
   </div>
   <div class='ocr_carea' id='block_1_21' title="bbox 165 970 956 1007">
    <p class='ocr_par' dir='ltr' id='par_1_21' title="bbox 165 970 956 1007">
     <span class='ocr_line' id='line_1_21' title="bbox 165 970 956 1007; baseline -0.003 -9"><span class='ocrx_word' id='word_1_130' title='bbox 165 979 263 1007; x_wconf 81' lang='grc' dir='ltr'>χανεν·</span> <span class='ocrx_word' id='word_1_131' title='bbox 281 971 310 997; x_wconf 69' lang='grc' dir='ltr'>ὃν</span> <span class='ocrx_word' id='word_1_132' title='bbox 332 971 413 997; x_wconf 77' lang='grc' dir='ltr'>πλέον</span> <span class='ocrx_word' id='word_1_133' title='bbox 434 971 483 1006; x_wconf 74' lang='grc' dir='ltr'>τῆς</span> <span class='ocrx_word' id='word_1_134' title='bbox 512 970 650 1006; x_wconf 78' lang='grc' dir='ltr'>σαρκικῆς</span> <span class='ocrx_word' id='word_1_135' title='bbox 677 971 819 1005; x_wconf 76' lang='grc' dir='ltr'>εὐγένειας</span> <span class='ocrx_word' id='word_1_136' title='bbox 842 971 858 1006; x_wconf 82' lang='grc' dir='ltr'><strong>ἡ</strong></span> <span class='ocrx_word' id='word_1_137' title='bbox 885 970 956 997; x_wconf 71' lang='grc' dir='ltr'>κατὰ</span> 
     </span>
    </p>
   </div>
   <div class='ocr_carea' id='block_1_22' title="bbox 166 1016 957 1055">
    <p class='ocr_par' dir='ltr' id='par_1_22' title="bbox 166 1016 957 1055">
     <span class='ocr_line' id='line_1_22' title="bbox 166 1016 957 1055; baseline -0.003 -11"><span class='ocrx_word' id='word_1_138' title='bbox 166 1017 255 1055; x_wconf 75' lang='grc' dir='ltr'>ψυχὴν</span> <span class='ocrx_word' id='word_1_139' title='bbox 279 1017 361 1052; x_wconf 72' lang='grc' dir='ltr'>ἐτίμα</span> <span class='ocrx_word' id='word_1_140' title='bbox 378 1017 513 1050; x_wconf 84' lang='grc' dir='ltr'>εὐγενεία.</span> <span class='ocrx_word' id='word_1_141' title='bbox 528 1016 629 1043; x_wconf 83' lang='grc' dir='ltr'>Τοῦτον</span> <span class='ocrx_word' id='word_1_142' title='bbox 644 1017 671 1043; x_wconf 76' lang='grc' dir='ltr'>δὲ</span> <span class='ocrx_word' id='word_1_143' title='bbox 685 1017 730 1043; x_wconf 68' lang='grc' dir='ltr'>τὸν</span> <span class='ocrx_word' id='word_1_144' title='bbox 745 1016 869 1051; x_wconf 76' lang='grc' dir='ltr'>ἀοίδιμον</span> <span class='ocrx_word' id='word_1_145' title='bbox 883 1016 957 1043; x_wconf 69' lang='grc' dir='ltr'>ἀδια-</span> 
     </span>
    </p>
   </div>
   <div class='ocr_carea' id='block_1_23' title="bbox 166 1060 957 1098">
    <p class='ocr_par' dir='ltr' id='par_1_23' title="bbox 166 1060 957 1098">
     <span class='ocr_line' id='line_1_23' title="bbox 166 1060 957 1098; baseline -0.005 -8"><span class='ocrx_word' id='word_1_146' title='bbox 166 1063 284 1095; x_wconf 77' lang='grc' dir='ltr'>λείπτως</span> <span class='ocrx_word' id='word_1_147' title='bbox 301 1063 360 1098; x_wconf 86' lang='grc' dir='ltr'>μεθ’</span> <span class='ocrx_word' id='word_1_148' title='bbox 375 1063 472 1089; x_wconf 76' lang='grc' dir='ltr'>ἑαυτοῦ</span> <span class='ocrx_word' id='word_1_149' title='bbox 488 1060 559 1097; x_wconf 76' lang='grc' dir='ltr'>εἶχεν</span> <span class='ocrx_word' id='word_1_150' title='bbox 571 1063 585 1088; x_wconf 84' lang='grc' dir='ltr'>ὁ</span> <span class='ocrx_word' id='word_1_151' title='bbox 602 1062 739 1098; x_wconf 83' lang='grc' dir='ltr'>βασιλεὺς,</span> <span class='ocrx_word' id='word_1_152' title='bbox 759 1062 859 1089; x_wconf 87' lang='grc' dir='ltr'>κανόνα</span> <span class='ocrx_word' id='word_1_153' title='bbox 873 1062 957 1093; x_wconf 81' lang='grc' dir='ltr'>ὅντως</span> 
     </span>
    </p>
   </div>
   <div class='ocr_carea' id='block_1_24' title="bbox 167 1106 956 1143">
    <p class='ocr_par' dir='ltr' id='par_1_24' title="bbox 167 1106 956 1143">
     <span class='ocr_line' id='line_1_24' title="bbox 167 1106 956 1143; baseline -0.005 -8"><span class='ocrx_word' id='word_1_154' title='bbox 167 1109 215 1136; x_wconf 71' lang='grc' dir='ltr'><strong>καὶ</strong></span> <span class='ocrx_word' id='word_1_155' title='bbox 233 1107 355 1143; x_wconf 81' lang='grc' dir='ltr'>στάθμην</span> <span class='ocrx_word' id='word_1_156' title='bbox 371 1108 415 1134; x_wconf 72' lang='grc' dir='ltr'>τὸν</span> <span class='ocrx_word' id='word_1_157' title='bbox 427 1107 509 1134; x_wconf 75' lang='grc' dir='ltr'>αὑτοῦ</span> <span class='ocrx_word' id='word_1_158' title='bbox 521 1107 578 1142; x_wconf 85' lang='grc' dir='ltr'>βίον</span> <span class='ocrx_word' id='word_1_159' title='bbox 592 1107 636 1134; x_wconf 82' lang='grc' dir='ltr'><strong>ἀεὶ</strong></span> <span class='ocrx_word' id='word_1_160' title='bbox 652 1106 830 1143; x_wconf 80' lang='grc' dir='ltr'>ρυθμίζοντα-</span> <span class='ocrx_word' id='word_1_161' title='bbox 848 1106 877 1138; x_wconf 80' lang='grc' dir='ltr'>ὃς</span> <span class='ocrx_word' id='word_1_162' title='bbox 891 1106 956 1132; x_wconf 78' lang='grc' dir='ltr'>πολ-</span> 
     </span>
    </p>
   </div>
   <div class='ocr_carea' id='block_1_25' title="bbox 167 1153 956 1191">
    <p class='ocr_par' dir='ltr' id='par_1_25' title="bbox 167 1153 956 1191">
     <span class='ocr_line' id='line_1_25' title="bbox 167 1153 956 1191; baseline -0.003 -10"><span class='ocrx_word' id='word_1_163' title='bbox 167 1154 202 1181; x_wconf 68' lang='grc' dir='ltr'>λέι</span> <span class='ocrx_word' id='word_1_164' title='bbox 218 1154 335 1191; x_wconf 74' lang='grc' dir='ltr'>παρῄνει</span> <span class='ocrx_word' id='word_1_165' title='bbox 359 1154 398 1189; x_wconf 88' lang='grc' dir='ltr'>τῷ</span> <span class='ocrx_word' id='word_1_166' title='bbox 419 1153 525 1188; x_wconf 79' lang='grc' dir='ltr'>βασιλεῖ</span> <span class='ocrx_word' id='word_1_167' title='bbox 545 1153 600 1180; x_wconf 82' lang='grc' dir='ltr'>τῶν</span> <span class='ocrx_word' id='word_1_168' title='bbox 626 1153 731 1180; x_wconf 77' lang='grc' dir='ltr'>παίδων</span> <span class='ocrx_word' id='word_1_169' title='bbox 755 1153 956 1189; x_wconf 74' lang='grc' dir='ltr'>ἐπιμελεῖσθαι,</span> 
     </span>
    </p>
   </div>
   <div class='ocr_carea' id='block_1_26' title="bbox 169 1199 956 1237">
    <p class='ocr_par' dir='ltr' id='par_1_26' title="bbox 169 1199 956 1237">
     <span class='ocr_line' id='line_1_26' title="bbox 169 1199 956 1237; baseline -0.005 -8"><span class='ocrx_word' id='word_1_170' title='bbox 169 1203 216 1229; x_wconf 73' lang='grc' dir='ltr'><strong>καὶ</strong></span> <span class='ocrx_word' id='word_1_171' title='bbox 232 1202 269 1237; x_wconf 69' lang='grc' dir='ltr'>μὴ</span> <span class='ocrx_word' id='word_1_172' title='bbox 287 1201 464 1232; x_wconf 71' lang='grc' dir='ltr'><strong>ἀπαιδεύτους</strong></span> <span class='ocrx_word' id='word_1_173' title='bbox 487 1201 535 1236; x_wconf 74' lang='grc' dir='ltr'>ἐᾷν</span> <span class='ocrx_word' id='word_1_174' title='bbox 560 1200 600 1232; x_wconf 79' lang='grc' dir='ltr'>εἰς</span> <span class='ocrx_word' id='word_1_175' title='bbox 620 1199 754 1236; x_wconf 73' lang='grc' dir='ltr'>πονηρίαν</span> <span class='ocrx_word' id='word_1_176' title='bbox 770 1199 956 1234; x_wconf 80' lang='grc' dir='ltr'>ἐγκλίνοντας,</span> 
     </span>
    </p>
   </div>
   <div class='ocr_carea' id='block_1_27' title="bbox 172 1243 958 1282">
    <p class='ocr_par' dir='ltr' id='par_1_27' title="bbox 172 1243 958 1282">
     <span class='ocr_line' id='line_1_27' title="bbox 172 1243 958 1282; baseline -0.005 -9"><span class='ocrx_word' id='word_1_177' title='bbox 172 1247 210 1282; x_wconf 84' lang='grc' dir='ltr'>μή</span> <span class='ocrx_word' id='word_1_178' title='bbox 225 1255 290 1273; x_wconf 84' lang='grc' dir='ltr'>ποτε</span> <span class='ocrx_word' id='word_1_179' title='bbox 310 1246 358 1272; x_wconf 74' lang='grc' dir='ltr'>καὶ</span> <span class='ocrx_word' id='word_1_180' title='bbox 383 1245 464 1277; x_wconf 77' lang='grc' dir='ltr'>αὐτὸς</span> <span class='ocrx_word' id='word_1_181' title='bbox 492 1245 574 1272; x_wconf 82' lang='grc' dir='ltr'>πάθοι</span> <span class='ocrx_word' id='word_1_182' title='bbox 600 1245 632 1271; x_wconf 78' lang='grc' dir='ltr'>τὸ</span> <span class='ocrx_word' id='word_1_183' title='bbox 658 1244 706 1271; x_wconf 77' lang='grc' dir='ltr'><strong>τοῦ</strong></span> <span class='ocrx_word' id='word_1_184' title='bbox 726 1244 810 1271; x_wconf 80' lang='grc' dir='ltr'>Ἠλεί.</span> <span class='ocrx_word' id='word_1_185' title='bbox 833 1243 910 1269; x_wconf 74' lang='grc' dir='ltr'>Ἐπεὶ</span> <span class='ocrx_word' id='word_1_186' title='bbox 930 1243 958 1269; x_wconf 72' lang='grc' dir='ltr'><strong>δὲ</strong></span> 
     </span>
    </p>
   </div>
   <div class='ocr_carea' id='block_1_28' title="bbox 167 1290 956 1325">
    <p class='ocr_par' dir='ltr' id='par_1_28' title="bbox 167 1290 956 1325">
     <span class='ocr_line' id='line_1_28' title="bbox 167 1290 956 1325; baseline -0.005 -5"><span class='ocrx_word' id='word_1_187' title='bbox 167 1293 214 1320; x_wconf 73' lang='grc' dir='ltr'><strong>τοῦ</strong></span> <span class='ocrx_word' id='word_1_188' title='bbox 227 1292 358 1319; x_wconf 72' lang='grc' dir='ltr'>παλατίου</span> <span class='ocrx_word' id='word_1_189' title='bbox 371 1291 466 1318; x_wconf 73' lang='grc' dir='ltr'>τοῦτον</span> <span class='ocrx_word' id='word_1_190' title='bbox 484 1291 508 1318; x_wconf 87' lang='grc' dir='ltr'><strong>οί</strong></span> <span class='ocrx_word' id='word_1_191' title='bbox 524 1290 619 1322; x_wconf 86' lang='grc' dir='ltr'>παῖδες</span> <span class='ocrx_word' id='word_1_192' title='bbox 631 1291 799 1325; x_wconf 86' lang='grc' dir='ltr'>κατήγαγον,</span> <span class='ocrx_word' id='word_1_193' title='bbox 816 1290 863 1316; x_wconf 71' lang='grc' dir='ltr'>καὶ</span> <span class='ocrx_word' id='word_1_194' title='bbox 882 1291 911 1316; x_wconf 73' lang='grc' dir='ltr'>ἐν</span> <span class='ocrx_word' id='word_1_195' title='bbox 924 1291 956 1325; x_wconf 78' lang='grc' dir='ltr'>τῇ</span> 
     </span>
    </p>
   </div>
   <div class='ocr_carea' id='block_1_29' title="bbox 169 1334 959 1376">
    <p class='ocr_par' dir='ltr' id='par_1_29' title="bbox 169 1334 959 1376">
     <span class='ocr_line' id='line_1_29' title="bbox 169 1334 959 1376; baseline -0.004 -11"><span class='ocrx_word' id='word_1_196' title='bbox 169 1339 270 1376; x_wconf 71' lang='grc' dir='ltr'>Πρώτη</span> <span class='ocrx_word' id='word_1_197' title='bbox 291 1339 365 1374; x_wconf 71' lang='grc' dir='ltr'>νήσῳ</span> <span class='ocrx_word' id='word_1_198' title='bbox 379 1337 524 1372; x_wconf 73' lang='grc' dir='ltr'><strong>ἐξώρισαν,</strong></span> <span class='ocrx_word' id='word_1_199' title='bbox 542 1337 623 1364; x_wconf 79' lang='grc' dir='ltr'>πάλιν</span> <span class='ocrx_word' id='word_1_200' title='bbox 639 1336 733 1363; x_wconf 81' lang='grc' dir='ltr'>τοῦτον</span> <span class='ocrx_word' id='word_1_201' title='bbox 746 1334 802 1371; x_wconf 79' lang='grc' dir='ltr'>εἶχε</span> <span class='ocrx_word' id='word_1_202' title='bbox 815 1336 869 1363; x_wconf 80' lang='grc' dir='ltr'>τῶν</span> <span class='ocrx_word' id='word_1_203' title='bbox 890 1345 959 1371; x_wconf 78' lang='grc' dir='ltr'>συμ-</span> 
     </span>
    </p>
   </div>
   <div class='ocr_carea' id='block_1_30' title="bbox 170 1380 958 1422">
    <p class='ocr_par' dir='ltr' id='par_1_30' title="bbox 170 1380 958 1422">
     <span class='ocr_line' id='line_1_30' title="bbox 170 1380 958 1422; baseline -0.005 -11"><span class='ocrx_word' id='word_1_204' title='bbox 170 1386 261 1420; x_wconf 82' lang='grc' dir='ltr'>φορῶν</span> <span class='ocrx_word' id='word_1_205' title='bbox 281 1383 466 1422; x_wconf 76' lang='grc' dir='ltr'>παραμύθιον,</span> <span class='ocrx_word' id='word_1_206' title='bbox 485 1383 533 1409; x_wconf 73' lang='grc' dir='ltr'>καὶ</span> <span class='ocrx_word' id='word_1_207' title='bbox 560 1382 615 1409; x_wconf 80' lang='grc' dir='ltr'><strong>τῶν</strong></span> <span class='ocrx_word' id='word_1_208' title='bbox 640 1381 757 1416; x_wconf 78' lang='grc' dir='ltr'>Θλίψεων</span> <span class='ocrx_word' id='word_1_209' title='bbox 783 1380 958 1409; x_wconf 78' lang='grc' dir='ltr'>ἀκεσώδυνον</span> 
     </span>
    </p>
   </div>
   <div class='ocr_carea' id='block_1_31' title="bbox 169 1427 960 1467">
    <p class='ocr_par' dir='ltr' id='par_1_31' title="bbox 169 1427 960 1467">
     <span class='ocr_line' id='line_1_31' title="bbox 169 1427 960 1467; baseline -0.006 -8"><span class='ocrx_word' id='word_1_210' title='bbox 169 1433 325 1467; x_wconf 74' lang='grc' dir='ltr'>φάρμακον,</span> <span class='ocrx_word' id='word_1_211' title='bbox 351 1427 373 1465; x_wconf 80' lang='grc' dir='ltr'>ᾧ</span> <span class='ocrx_word' id='word_1_212' title='bbox 391 1430 473 1464; x_wconf 81' lang='grc' dir='ltr'>συνῆν</span> <span class='ocrx_word' id='word_1_213' title='bbox 493 1429 553 1456; x_wconf 77' lang='grc' dir='ltr'>τότε</span> <span class='ocrx_word' id='word_1_214' title='bbox 579 1429 626 1455; x_wconf 83' lang='grc' dir='ltr'><strong>καὶ</strong></span> <span class='ocrx_word' id='word_1_215' title='bbox 644 1428 815 1460; x_wconf 78' lang='grc' dir='ltr'>Πολύευκτος</span> <span class='ocrx_word' id='word_1_216' title='bbox 843 1427 960 1463; x_wconf 69' lang='grc' dir='ltr'>μοναχδς</span> 
     </span>
    </p>
   </div>
   <div class='ocr_carea' id='block_1_32' title="bbox 169 1473 957 1511">
    <p class='ocr_par' dir='ltr' id='par_1_32' title="bbox 169 1473 957 1511">
     <span class='ocr_line' id='line_1_32' title="bbox 169 1473 957 1511; baseline -0.005 -7"><span class='ocrx_word' id='word_1_217' title='bbox 169 1477 376 1508; x_wconf 76' lang='grc' dir='ltr'>εὐλαϐέστατος,</span> <span class='ocrx_word' id='word_1_218' title='bbox 388 1477 436 1504; x_wconf 77' lang='grc' dir='ltr'>καὶ</span> <span class='ocrx_word' id='word_1_219' title='bbox 447 1475 528 1507; x_wconf 70' lang='grc' dir='ltr'>αὐτὸς</span> <span class='ocrx_word' id='word_1_220' title='bbox 539 1475 572 1502; x_wconf 74' lang='grc' dir='ltr'>τὰ</span> <span class='ocrx_word' id='word_1_221' title='bbox 588 1475 681 1502; x_wconf 73' lang='grc' dir='ltr'>εἰκότα</span> <span class='ocrx_word' id='word_1_222' title='bbox 696 1473 957 1511; x_wconf 69' lang='grc' dir='ltr'>παραμυθούμενος·</span> 
     </span>
    </p>
   </div>
   <div class='ocr_carea' id='block_1_33' title="bbox 169 1520 959 1558">
    <p class='ocr_par' dir='ltr' id='par_1_33' title="bbox 169 1520 959 1558">
     <span class='ocr_line' id='line_1_33' title="bbox 169 1520 959 1558; baseline -0.008 -7"><span class='ocrx_word' id='word_1_223' title='bbox 169 1524 198 1556; x_wconf 79' lang='grc' dir='ltr'>ὃς</span> <span class='ocrx_word' id='word_1_224' title='bbox 213 1524 260 1550; x_wconf 75' lang='grc' dir='ltr'>τοῦ</span> <span class='ocrx_word' id='word_1_225' title='bbox 286 1523 457 1558; x_wconf 71' lang='grc' dir='ltr'><strong>πατριάρχου</strong></span> <span class='ocrx_word' id='word_1_226' title='bbox 472 1521 665 1556; x_wconf 81' lang='grc' dir='ltr'>Θεοφυ).άκτου</span> <span class='ocrx_word' id='word_1_227' title='bbox 676 1520 891 1555; x_wconf 77' lang='grc' dir='ltr'>τελευτήσαντος</span> <span class='ocrx_word' id='word_1_228' title='bbox 905 1527 959 1546; x_wconf 85' lang='grc' dir='ltr'>πα-</span> 
     </span>
    </p>
   </div>
   <div class='ocr_carea' id='block_1_34' title="bbox 169 1565 958 1605">
    <p class='ocr_par' dir='ltr' id='par_1_34' title="bbox 169 1565 958 1605">
     <span class='ocr_line' id='line_1_34' title="bbox 169 1565 958 1605; baseline -0.009 -8"><span class='ocrx_word' id='word_1_229' title='bbox 169 1570 302 1605; x_wconf 75' lang='grc' dir='ltr'>τριάρχης</span> <span class='ocrx_word' id='word_1_230' title='bbox 318 1568 370 1595; x_wconf 61' lang='grc' dir='ltr'>ὑπὸ</span> <span class='ocrx_word' id='word_1_231' title='bbox 383 1567 430 1594; x_wconf 84' lang='grc' dir='ltr'>τοῦ</span> <span class='ocrx_word' id='word_1_232' title='bbox 443 1567 576 1602; x_wconf 80' lang='grc' dir='ltr'>βασιλέως</span> <span class='ocrx_word' id='word_1_233' title='bbox 593 1566 802 1593; x_wconf 78' lang='grc' dir='ltr'>Κωνσταντίνου</span> <span class='ocrx_word' id='word_1_234' title='bbox 819 1565 958 1600; x_wconf 83' lang='grc' dir='ltr'>προχειρί-</span> 
     </span>
    </p>
   </div>
   <div class='ocr_carea' id='block_1_35' title="bbox 169 1610 963 1649">
    <p class='ocr_par' dir='ltr' id='par_1_35' title="bbox 169 1610 963 1649">
     <span class='ocr_line' id='line_1_35' title="bbox 169 1610 963 1649; baseline -0.009 -6"><span class='ocrx_word' id='word_1_235' title='bbox 169 1616 256 1648; x_wconf 61' lang='lat' dir='ltr'><strong>(erat.</strong></span> <span class='ocrx_word' id='word_1_236' title='bbox 281 1614 359 1642; x_wconf 66' lang='grc' dir='ltr'>Ἐπεὶ</span> <span class='ocrx_word' id='word_1_237' title='bbox 369 1614 397 1641; x_wconf 81' lang='grc' dir='ltr'><strong>δὲ</strong></span> <span class='ocrx_word' id='word_1_238' title='bbox 410 1613 518 1644; x_wconf 77' lang='grc' dir='ltr'><strong>πολλοῖς</strong></span> <span class='ocrx_word' id='word_1_239' title='bbox 530 1612 642 1649; x_wconf 84' lang='grc' dir='ltr'>τρόποις</span> <span class='ocrx_word' id='word_1_240' title='bbox 661 1612 675 1638; x_wconf 85' lang='grc' dir='ltr'>ὁ</span> <span class='ocrx_word' id='word_1_241' title='bbox 691 1611 758 1644; x_wconf 80' lang='grc' dir='ltr'>Θεδς</span> <span class='ocrx_word' id='word_1_242' title='bbox 769 1611 894 1646; x_wconf 78' lang='grc' dir='ltr'>βούλεται</span> <span class='ocrx_word' id='word_1_243' title='bbox 910 1610 963 1637; x_wconf 83' lang='grc' dir='ltr'><strong>σώ-</strong></span> 
     </span>
    </p>
   </div>
   <div class='ocr_carea' id='block_1_36' title="bbox 169 1656 964 1696">
    <p class='ocr_par' dir='ltr' id='par_1_36' title="bbox 169 1656 964 1696">
     <span class='ocr_line' id='line_1_36' title="bbox 169 1656 964 1696; baseline -0.009 -7"><span class='ocrx_word' id='word_1_244' title='bbox 169 1661 226 1695; x_wconf 78' lang='grc' dir='ltr'>ζειν</span> <span class='ocrx_word' id='word_1_245' title='bbox 251 1661 297 1688; x_wconf 79' lang='grc' dir='ltr'>τὸν</span> <span class='ocrx_word' id='word_1_246' title='bbox 321 1661 476 1696; x_wconf 75' lang='grc' dir='ltr'>ἄνθρωπον,</span> <span class='ocrx_word' id='word_1_247' title='bbox 499 1657 691 1694; x_wconf 75' lang='grc' dir='ltr'>συνεχώρησεν</span> <span class='ocrx_word' id='word_1_248' title='bbox 714 1657 763 1684; x_wconf 75' lang='grc' dir='ltr'>καὶ</span> <span class='ocrx_word' id='word_1_249' title='bbox 788 1656 964 1692; x_wconf 75' lang='grc' dir='ltr'>τὸνβασιλέα</span> 
     </span>
    </p>
   </div>
   <div class='ocr_carea' id='block_1_37' title="bbox 176 1701 963 1743">
    <p class='ocr_par' dir='ltr' id='par_1_37' title="bbox 176 1701 963 1743">
     <span class='ocr_line' id='line_1_37' title="bbox 176 1701 963 1743; baseline -0.008 -9"><span class='ocrx_word' id='word_1_250' title='bbox 176 1707 319 1743; x_wconf 74' lang='grc' dir='ltr'>Ῥωμανὶιν</span> <span class='ocrx_word' id='word_1_251' title='bbox 344 1706 474 1741; x_wconf 76' lang='grc' dir='ltr'><strong>συμφορᾷ</strong></span> <span class='ocrx_word' id='word_1_252' title='bbox 503 1705 629 1740; x_wconf 75' lang='grc' dir='ltr'><strong>ἀδοκήτῳ</strong></span> <span class='ocrx_word' id='word_1_253' title='bbox 658 1704 837 1739; x_wconf 78' lang='grc' dir='ltr'>περιπεσεῖν,</span> <span class='ocrx_word' id='word_1_254' title='bbox 858 1703 902 1729; x_wconf 77' lang='grc' dir='ltr'><strong>ἴνα</strong></span> <span class='ocrx_word' id='word_1_255' title='bbox 929 1701 963 1728; x_wconf 81' lang='grc' dir='ltr'><strong>δι’</strong></span> 
     </span>
    </p>
   </div>
   <div class='ocr_carea' id='block_1_38' title="bbox 168 1747 959 1789">
    <p class='ocr_par' dir='ltr' id='par_1_38' title="bbox 168 1747 959 1789">
     <span class='ocr_line' id='line_1_38' title="bbox 168 1747 959 1789; baseline -0.01 -7"><span class='ocrx_word' id='word_1_256' title='bbox 168 1755 255 1789; x_wconf 77' lang='grc' dir='ltr'>αὐτῆς</span> <span class='ocrx_word' id='word_1_257' title='bbox 279 1752 487 1789; x_wconf 72' lang='grc' dir='ltr'>σωφρονισθεὶς,</span> <span class='ocrx_word' id='word_1_258' title='bbox 512 1750 560 1781; x_wconf 66' lang='grc' dir='ltr'><strong>καὶ¹</strong></span> <span class='ocrx_word' id='word_1_259' title='bbox 576 1750 629 1776; x_wconf 82' lang='grc' dir='ltr'><strong>τῶν</strong></span> <span class='ocrx_word' id='word_1_260' title='bbox 644 1750 753 1776; x_wconf 75' lang='grc' dir='ltr'>οἰκείων</span> <span class='ocrx_word' id='word_1_261' title='bbox 780 1750 809 1775; x_wconf 72' lang='grc' dir='ltr'>ὲν</span> <span class='ocrx_word' id='word_1_262' title='bbox 831 1747 959 1782; x_wconf 79' lang='grc' dir='ltr'>αἰσθήσει</span> 
     </span>
    </p>
   </div>
   <div class='ocr_carea' id='block_1_39' title="bbox 169 1794 962 1836">
    <p class='ocr_par' dir='ltr' id='par_1_39' title="bbox 169 1794 962 1836">
     <span class='ocr_line' id='line_1_39' title="bbox 169 1794 962 1836; baseline -0.01 -9"><span class='ocrx_word' id='word_1_263' title='bbox 169 1799 404 1836; x_wconf 79' lang='grc' dir='ltr'>παραπτωμάτων</span> <span class='ocrx_word' id='word_1_264' title='bbox 420 1797 581 1833; x_wconf 82' lang='grc' dir='ltr'>γενόμενος,</span> <span class='ocrx_word' id='word_1_265' title='bbox 599 1795 739 1831; x_wconf 74' lang='grc' dir='ltr'>σωτηρίας</span> <span class='ocrx_word' id='word_1_266' title='bbox 759 1794 871 1829; x_wconf 79' lang='grc' dir='ltr'>ἀξιωθῇ.</span> <span class='ocrx_word' id='word_1_267' title='bbox 895 1794 962 1820; x_wconf 87' lang='grc' dir='ltr'>Συν-</span> 
     </span>
    </p>
   </div>
   <div class='ocr_carea' id='block_1_40' title="bbox 169 1840 963 1882">
    <p class='ocr_par' dir='ltr' id='par_1_40' title="bbox 169 1840 963 1882">
     <span class='ocr_line' id='line_1_40' title="bbox 169 1840 963 1882; baseline -0.01 -9"><span class='ocrx_word' id='word_1_268' title='bbox 169 1846 338 1882; x_wconf 77' lang='grc' dir='ltr'>εχώρειγὰρ</span> <span class='ocrx_word' id='word_1_269' title='bbox 353 1843 541 1878; x_wconf 82' lang='grc' dir='ltr'>ὲπαναστῆναι</span> <span class='ocrx_word' id='word_1_270' title='bbox 566 1842 612 1869; x_wconf 79' lang='grc' dir='ltr'><strong>τὸν</strong></span> <span class='ocrx_word' id='word_1_271' title='bbox 640 1841 698 1868; x_wconf 75' lang='grc' dir='ltr'>υίδν</span> <span class='ocrx_word' id='word_1_272' title='bbox 722 1840 805 1868; x_wconf 78' lang='grc' dir='ltr'>αὑτοῦ</span> <span class='ocrx_word' id='word_1_273' title='bbox 828 1840 963 1873; x_wconf 68' lang='grc' dir='ltr'>Στέφανον</span> 
     </span>
    </p>
   </div>
   <div class='ocr_carea' id='block_1_41' title="bbox 169 1886 963 1928">
    <p class='ocr_par' dir='ltr' id='par_1_41' title="bbox 169 1886 963 1928">
     <span class='ocr_line' id='line_1_41' title="bbox 169 1886 963 1928; baseline -0.011 -8"><span class='ocrx_word' id='word_1_274' title='bbox 169 1894 265 1928; x_wconf 80' lang='grc' dir='ltr'>ὥσπερ</span> <span class='ocrx_word' id='word_1_275' title='bbox 278 1892 344 1919; x_wconf 79' lang='grc' dir='ltr'>ποτὲ</span> <span class='ocrx_word' id='word_1_276' title='bbox 369 1890 551 1925; x_wconf 79' lang='grc' dir='ltr'>Ἀΰεσσαλὼμ</span> <span class='ocrx_word' id='word_1_277' title='bbox 565 1888 702 1923; x_wconf 71' lang='grc' dir='ltr'>ἐπανέστη</span> <span class='ocrx_word' id='word_1_278' title='bbox 719 1886 800 1914; x_wconf 80' lang='grc' dir='ltr'>Δαυῗδ</span> <span class='ocrx_word' id='word_1_279' title='bbox 817 1887 855 1922; x_wconf 88' lang='grc' dir='ltr'>τῷ</span> <span class='ocrx_word' id='word_1_280' title='bbox 870 1886 963 1920; x_wconf 79' lang='grc' dir='ltr'>οἰκείῳ</span> 
     </span>
    </p>
   </div>
   <div class='ocr_carea' id='block_1_42' title="bbox 170 1932 962 1975">
    <p class='ocr_par' dir='ltr' id='par_1_42' title="bbox 170 1932 962 1975">
     <span class='ocr_line' id='line_1_42' title="bbox 170 1932 962 1975; baseline -0.013 -8"><span class='ocrx_word' id='word_1_281' title='bbox 170 1939 266 1975; x_wconf 81' lang='grc' dir='ltr'>πατρί.</span> <span class='ocrx_word' id='word_1_282' title='bbox 285 1937 451 1973; x_wconf 72' lang='grc' dir='ltr'>Συμὸού).οις</span> <span class='ocrx_word' id='word_1_283' title='bbox 465 1936 512 1962; x_wconf 72' lang='grc' dir='ltr'>οὖν</span> <span class='ocrx_word' id='word_1_284' title='bbox 525 1932 604 1966; x_wconf 75' lang='grc' dir='ltr'>οὗτος</span> <span class='ocrx_word' id='word_1_285' title='bbox 613 1934 682 1969; x_wconf 80' lang='grc' dir='ltr'>πρὸς</span> <span class='ocrx_word' id='word_1_286' title='bbox 697 1933 777 1960; x_wconf 75' lang='grc' dir='ltr'>τοῦτο</span> <span class='ocrx_word' id='word_1_287' title='bbox 791 1932 962 1968; x_wconf 79' lang='grc' dir='ltr'>χρησάμενος</span> 
     </span>
    </p>
   </div>
   <div class='ocr_carea' id='block_1_43' title="bbox 169 1977 962 2022">
    <p class='ocr_par' dir='ltr' id='par_1_43' title="bbox 169 1977 962 2022">
     <span class='ocr_line' id='line_1_43' title="bbox 169 1977 962 2022; baseline -0.013 -9"><span class='ocrx_word' id='word_1_288' title='bbox 169 1986 210 2022; x_wconf 87' lang='grc' dir='ltr'>τῷ</span> <span class='ocrx_word' id='word_1_289' title='bbox 223 1994 254 2013; x_wconf 82' lang='grc' dir='ltr'><strong>τε</strong></span> <span class='ocrx_word' id='word_1_290' title='bbox 274 1985 328 2012; x_wconf 81' lang='grc' dir='ltr'>ἀπὺ</span> <span class='ocrx_word' id='word_1_291' title='bbox 362 1983 488 2020; x_wconf 79' lang='grc' dir='ltr'>μοναχῶν</span> <span class='ocrx_word' id='word_1_292' title='bbox 515 1981 649 2017; x_wconf 84' lang='grc' dir='ltr'>Μαριανῷ</span> <span class='ocrx_word' id='word_1_293' title='bbox 662 2001 670 2014; x_wconf 94' lang='grc'><strong>,</strong></span> <span class='ocrx_word' id='word_1_294' title='bbox 694 1981 740 2007; x_wconf 84' lang='grc' dir='ltr'>καὶ</span> <span class='ocrx_word' id='word_1_295' title='bbox 767 1978 900 2014; x_wconf 83' lang='grc' dir='ltr'>Βασιλείῳ</span> <span class='ocrx_word' id='word_1_296' title='bbox 922 1977 962 2013; x_wconf 84' lang='grc' dir='ltr'><strong>τῷ</strong></span> 
     </span>
    </p>
   </div>
   <div class='ocr_carea' id='block_1_44' title="bbox 171 2024 962 2067">
    <p class='ocr_par' dir='ltr' id='par_1_44' title="bbox 171 2024 962 2067">
     <span class='ocr_line' id='line_1_44' title="bbox 171 2024 962 2067; baseline -0.011 -8"><span class='ocrx_word' id='word_1_297' title='bbox 171 2032 302 2067; x_wconf 83' lang='grc' dir='ltr'>Πετεινῷ,</span> <span class='ocrx_word' id='word_1_298' title='bbox 322 2032 370 2058; x_wconf 79' lang='grc' dir='ltr'>καὶ</span> <span class='ocrx_word' id='word_1_299' title='bbox 395 2029 526 2064; x_wconf 78' lang='grc' dir='ltr'>Μανουὴλ</span> <span class='ocrx_word' id='word_1_300' title='bbox 550 2028 590 2063; x_wconf 81' lang='grc' dir='ltr'><strong>τῷ</strong></span> <span class='ocrx_word' id='word_1_301' title='bbox 613 2027 772 2063; x_wconf 80' lang='grc' dir='ltr'>Κουρτίκῃ,</span> <span class='ocrx_word' id='word_1_302' title='bbox 801 2024 962 2052; x_wconf 81' lang='grc' dir='ltr'>συνειδότων</span> 
     </span>
    </p>
   </div>
   <div class='ocr_carea' id='block_1_45' title="bbox 172 2070 960 2113">
    <p class='ocr_par' dir='ltr' id='par_1_45' title="bbox 172 2070 960 2113">
     <span class='ocr_line' id='line_1_45' title="bbox 172 2070 960 2113; baseline -0.011 -8"><span class='ocrx_word' id='word_1_303' title='bbox 172 2078 246 2113; x_wconf 74' lang='grc' dir='ltr'>αὐτῷ</span> <span class='ocrx_word' id='word_1_304' title='bbox 256 2076 368 2104; x_wconf 81' lang='grc' dir='ltr'>καὶτῶν</span> <span class='ocrx_word' id='word_1_305' title='bbox 379 2076 464 2104; x_wconf 74' lang='grc' dir='ltr'>ἄλλων</span> <span class='ocrx_word' id='word_1_306' title='bbox 476 2074 618 2110; x_wconf 75' lang='grc' dir='ltr'>βασιλέων,</span> <span class='ocrx_word' id='word_1_307' title='bbox 630 2072 725 2099; x_wconf 70' lang='grc' dir='ltr'>τοῦτον</span> <span class='ocrx_word' id='word_1_308' title='bbox 741 2071 813 2108; x_wconf 79' lang='grc' dir='ltr'><strong>Ῑτοῦ]</strong></span> <span class='ocrx_word' id='word_1_309' title='bbox 829 2070 960 2097; x_wconf 85' lang='grc' dir='ltr'>παλατίου</span> 
     </span>
    </p>
   </div>
   <div class='ocr_carea' id='block_1_46' title="bbox 171 2116 961 2161">
    <p class='ocr_par' dir='ltr' id='par_1_46' title="bbox 171 2116 961 2159">
     <span class='ocr_line' id='line_1_46' title="bbox 171 2116 961 2159; baseline -0.013 -7"><span class='ocrx_word' id='word_1_310' title='bbox 171 2125 266 2157; x_wconf 81' lang='grc' dir='ltr'>κακῶς</span> <span class='ocrx_word' id='word_1_311' title='bbox 282 2124 451 2158; x_wconf 80' lang='grc' dir='ltr'>κατήγαγεν,</span> <span class='ocrx_word' id='word_1_312' title='bbox 464 2121 511 2148; x_wconf 75' lang='grc' dir='ltr'><strong>καὶ</strong></span> <span class='ocrx_word' id='word_1_313' title='bbox 527 2121 556 2146; x_wconf 79' lang='grc' dir='ltr'>ἐν</span> <span class='ocrx_word' id='word_1_314' title='bbox 571 2121 605 2154; x_wconf 81' lang='grc' dir='ltr'>τῇ</span> <span class='ocrx_word' id='word_1_315' title='bbox 629 2119 730 2159; x_wconf 71' lang='grc' dir='ltr'>Πρώτη</span> <span class='ocrx_word' id='word_1_316' title='bbox 746 2118 822 2154; x_wconf 75' lang='grc' dir='ltr'>νήσῳ</span> <span class='ocrx_word' id='word_1_317' title='bbox 835 2116 961 2153; x_wconf 77' lang='grc' dir='ltr'>ὲξορίσας</span> 
     </span>
    </p>
   </div>
   <div class='ocr_carea' id='block_1_47' title="bbox 170 2169 461 2207">
    <p class='ocr_par' dir='ltr' id='par_1_47' title="bbox 170 2169 461 2207">
     <span class='ocr_line' id='line_1_47' title="bbox 170 2169 461 2207; baseline -0.014 -8"><span class='ocrx_word' id='word_1_318' title='bbox 170 2172 318 2207; x_wconf 79' lang='grc' dir='ltr'>ἀπέκειρεν</span> <span class='ocrx_word' id='word_1_319' title='bbox 333 2169 461 2205; x_wconf 70' lang='grc' dir='ltr'>μοναχὸν.</span> 
     </span>
    </p>
   </div>
   <div class='ocr_carea' id='block_1_48' title="bbox 320 2211 808 2249">
    <p class='ocr_par' dir='ltr' id='par_1_48' title="bbox 320 2211 808 2249">
     <span class='ocr_line' id='line_1_48' title="bbox 320 2211 808 2249; baseline -0.012 -6"><span class='ocrx_word' id='word_1_320' title='bbox 320 2213 544 2249; x_wconf 80' lang='grc' dir='ltr'>Αὑτοκρατορία</span> <span class='ocrx_word' id='word_1_321' title='bbox 562 2211 808 2241; x_wconf 79' lang='grc' dir='ltr'>Κωνσταγτίνου.</span> 
     </span>
    </p>
   </div>
   <div class='ocr_carea' id='block_1_49' title="bbox 1011 274 1798 312">
    <p class='ocr_par' dir='ltr' id='par_1_49' title="bbox 1011 274 1798 312">
     <span class='ocr_line' id='line_1_49' title="bbox 1011 274 1798 312; baseline 0.009 -12"><span class='ocrx_word' id='word_1_322' title='bbox 1011 274 1101 301; x_wconf 86' lang='lat' dir='ltr'><strong>triculi</strong></span> <span class='ocrx_word' id='word_1_323' title='bbox 1112 281 1159 301; x_wconf 87' lang='lat' dir='ltr'><strong>ore</strong></span> <span class='ocrx_word' id='word_1_324' title='bbox 1172 275 1206 301; x_wconf 85' lang='lat' dir='ltr'><strong>ad</strong></span> <span class='ocrx_word' id='word_1_325' title='bbox 1215 274 1312 310; x_wconf 82' lang='lat' dir='ltr'><strong>pubem</strong></span> <span class='ocrx_word' id='word_1_326' title='bbox 1323 283 1409 310; x_wconf 87' lang='lat' dir='ltr'><strong>usque</strong></span> <span class='ocrx_word' id='word_1_327' title='bbox 1419 275 1470 303; x_wconf 85' lang='lat' dir='ltr'><strong>sibi</strong></span> <span class='ocrx_word' id='word_1_328' title='bbox 1486 275 1602 304; x_wconf 86' lang='lat' dir='ltr'><strong>invicem</strong></span> <span class='ocrx_word' id='word_1_329' title='bbox 1618 278 1798 312; x_wconf 75' lang='lat' dir='ltr'><strong>adluerentes,</strong></span> 
     </span>
    </p>
   </div>
   <div class='ocr_carea' id='block_1_50' title="bbox 1011 320 1798 360">
    <p class='ocr_par' dir='ltr' id='par_1_50' title="bbox 1011 320 1798 360">
     <span class='ocr_line' id='line_1_50' title="bbox 1011 320 1798 360; baseline 0.008 -14"><span class='ocrx_word' id='word_1_330' title='bbox 1011 320 1154 356; x_wconf 77' lang='lat' dir='ltr'><strong>versisque</strong></span> <span class='ocrx_word' id='word_1_331' title='bbox 1168 321 1201 348; x_wconf 83' lang='lat' dir='ltr'><strong>ad</strong></span> <span class='ocrx_word' id='word_1_332' title='bbox 1214 321 1332 349; x_wconf 88' lang='lat' dir='ltr'><strong>invicem</strong></span> <span class='ocrx_word' id='word_1_333' title='bbox 1349 322 1470 351; x_wconf 76' lang='lat' dir='ltr'><strong>vultibus</strong></span> <span class='ocrx_word' id='word_1_334' title='bbox 1483 322 1643 351; x_wconf 87' lang='lat' dir='ltr'><strong>visebantur</strong></span> <span class='ocrx_word' id='word_1_335' title='bbox 1656 333 1664 351; x_wconf 92' lang='lat'>:</span> <span class='ocrx_word' id='word_1_336' title='bbox 1677 324 1798 360; x_wconf 87' lang='lat' dir='ltr'><strong>quicum</strong></span> 
     </span>
    </p>
   </div>
   <div class='ocr_carea' id='block_1_51' title="bbox 1011 366 1798 404">
    <p class='ocr_par' dir='ltr' id='par_1_51' title="bbox 1011 366 1798 404">
     <span class='ocr_line' id='line_1_51' title="bbox 1011 366 1798 404; baseline 0.006 -11"><span class='ocrx_word' id='word_1_337' title='bbox 1011 366 1118 394; x_wconf 88' lang='lat' dir='ltr'><strong>diutino</strong></span> <span class='ocrx_word' id='word_1_338' title='bbox 1136 367 1268 401; x_wconf 79' lang='lat' dir='ltr'><strong>temporis</strong></span> <span class='ocrx_word' id='word_1_339' title='bbox 1293 368 1382 403; x_wconf 87' lang='lat' dir='ltr'><strong>spatio</strong></span> <span class='ocrx_word' id='word_1_340' title='bbox 1406 369 1433 396; x_wconf 95' lang='lat' dir='ltr'><strong>in</strong></span> <span class='ocrx_word' id='word_1_341' title='bbox 1458 369 1526 397; x_wconf 86' lang='lat' dir='ltr'><strong>urbe</strong></span> <span class='ocrx_word' id='word_1_342' title='bbox 1546 370 1646 397; x_wconf 88' lang='lat' dir='ltr'><strong>morati</strong></span> <span class='ocrx_word' id='word_1_343' title='bbox 1672 370 1798 404; x_wconf 85' lang='lat' dir='ltr'><strong>fuissent,</strong></span> 
     </span>
    </p>
   </div>
   <div class='ocr_carea' id='block_1_52' title="bbox 1011 413 1802 449">
    <p class='ocr_par' dir='ltr' id='par_1_52' title="bbox 1011 413 1802 449">
     <span class='ocr_line' id='line_1_52' title="bbox 1011 413 1802 449; baseline 0.005 -9"><span class='ocrx_word' id='word_1_344' title='bbox 1011 413 1086 441; x_wconf 84' lang='lat' dir='ltr'><strong>velut</strong></span> <span class='ocrx_word' id='word_1_345' title='bbox 1116 413 1267 441; x_wconf 83' lang='lat' dir='ltr'><strong>infaustum</strong></span> <span class='ocrx_word' id='word_1_346' title='bbox 1294 419 1449 449; x_wconf 71' lang='lat' dir='ltr'><strong>portentum</strong></span> <span class='ocrx_word' id='word_1_347' title='bbox 1467 420 1495 443; x_wconf 89' lang='lat' dir='ltr'><strong>et</strong></span> <span class='ocrx_word' id='word_1_348' title='bbox 1511 415 1641 443; x_wconf 85' lang='lat' dir='ltr'><strong>infestum</strong></span> <span class='ocrx_word' id='word_1_349' title='bbox 1657 424 1737 444; x_wconf 88' lang='lat' dir='ltr'><strong>omen</strong></span> <span class='ocrx_word' id='word_1_350' title='bbox 1753 417 1802 444; x_wconf 88' lang='lat' dir='ltr'><strong>ha-</strong></span> 
     </span>
    </p>
   </div>
   <div class='ocr_carea' id='block_1_53' title="bbox 1011 460 1800 499">
    <p class='ocr_par' dir='ltr' id='par_1_53' title="bbox 1011 460 1800 499">
     <span class='ocr_line' id='line_1_53' title="bbox 1011 460 1800 499; baseline 0 -11"><span class='ocrx_word' id='word_1_351' title='bbox 1011 460 1071 493; x_wconf 92' lang='lat' dir='ltr'><strong>biti,</strong></span> <span class='ocrx_word' id='word_1_352' title='bbox 1088 461 1155 489; x_wconf 91' lang='lat' dir='ltr'><strong>urbe</strong></span> <span class='ocrx_word' id='word_1_353' title='bbox 1169 461 1248 495; x_wconf 86' lang='lat' dir='ltr'><strong>eiecti</strong></span> <span class='ocrx_word' id='word_1_354' title='bbox 1261 466 1335 489; x_wconf 88' lang='lat' dir='ltr'><strong>sunt.</strong></span> <span class='ocrx_word' id='word_1_355' title='bbox 1359 461 1542 490; x_wconf 88' lang='lat' dir='ltr'><strong>Constantino</strong></span> <span class='ocrx_word' id='word_1_356' title='bbox 1562 470 1627 490; x_wconf 86' lang='lat' dir='ltr'><strong>vero</strong></span> <span class='ocrx_word' id='word_1_357' title='bbox 1640 463 1699 491; x_wconf 85' lang='lat' dir='ltr'><strong>solo</strong></span> <span class='ocrx_word' id='word_1_358' title='bbox 1715 464 1800 499; x_wconf 67' lang='lat' dir='ltr'><strong>impr—</strong></span> 
     </span>
    </p>
   </div>
   <div class='ocr_carea' id='block_1_54' title="bbox 1011 508 1801 544">
    <p class='ocr_par' dir='ltr' id='par_1_54' title="bbox 1011 508 1801 544">
     <span class='ocr_line' id='line_1_54' title="bbox 1011 508 1801 544; baseline 0.003 -9"><span class='ocrx_word' id='word_1_359' title='bbox 1011 513 1089 535; x_wconf 81' lang='lat' dir='ltr'><strong>ranle</strong></span> <span class='ocrx_word' id='word_1_360' title='bbox 1104 516 1215 536; x_wconf 88' lang='lat' dir='ltr'><strong>rursum</strong></span> <span class='ocrx_word' id='word_1_361' title='bbox 1231 509 1349 544; x_wconf 82' lang='lat' dir='ltr'><strong>ingressi</strong></span> <span class='ocrx_word' id='word_1_362' title='bbox 1365 513 1440 537; x_wconf 86' lang='lat' dir='ltr'><strong>sunt.</strong></span> <span class='ocrx_word' id='word_1_363' title='bbox 1470 508 1506 537; x_wconf 87' lang='lat' dir='ltr'><strong>Ut</strong></span> <span class='ocrx_word' id='word_1_364' title='bbox 1519 513 1610 537; x_wconf 89' lang='lat' dir='ltr'><strong>autem</strong></span> <span class='ocrx_word' id='word_1_365' title='bbox 1623 517 1718 537; x_wconf 85' lang='lat' dir='ltr'><strong>eorum</strong></span> <span class='ocrx_word' id='word_1_366' title='bbox 1732 511 1801 538; x_wconf 80' lang='lat' dir='ltr'><strong>alter</strong></span> 
     </span>
    </p>
   </div>
   <div class='ocr_carea' id='block_1_55' title="bbox 1012 555 1800 592">
    <p class='ocr_par' dir='ltr' id='par_1_55' title="bbox 1012 555 1800 592">
     <span class='ocr_line' id='line_1_55' title="bbox 1012 555 1800 592; baseline 0.004 -12"><span class='ocrx_word' id='word_1_367' title='bbox 1012 559 1137 581; x_wconf 91' lang='lat' dir='ltr'><strong>mortuus</strong></span> <span class='ocrx_word' id='word_1_368' title='bbox 1159 558 1212 586; x_wconf 87' lang='lat' dir='ltr'><strong>est,</strong></span> <span class='ocrx_word' id='word_1_369' title='bbox 1240 555 1338 583; x_wconf 88' lang='lat' dir='ltr'><strong>medici</strong></span> <span class='ocrx_word' id='word_1_370' title='bbox 1358 555 1470 590; x_wconf 91' lang='lat' dir='ltr'><strong>quidam</strong></span> <span class='ocrx_word' id='word_1_371' title='bbox 1488 555 1654 592; x_wconf 85' lang='lat' dir='ltr'><strong>&#39;peritissimi</strong></span> <span class='ocrx_word' id='word_1_372' title='bbox 1679 556 1800 584; x_wconf 65' lang='lat' dir='ltr'><strong>cohaere-</strong></span> 
     </span>
    </p>
   </div>
   <div class='ocr_carea' id='block_1_56' title="bbox 1011 602 1801 638">
    <p class='ocr_par' dir='ltr' id='par_1_56' title="bbox 1011 602 1801 638">
     <span class='ocr_line' id='line_1_56' title="bbox 1011 602 1801 638; baseline 0.003 -10"><span class='ocrx_word' id='word_1_373' title='bbox 1011 605 1131 628; x_wconf 88' lang='lat' dir='ltr'><strong>scentcm</strong></span> <span class='ocrx_word' id='word_1_374' title='bbox 1147 606 1251 636; x_wconf 86' lang='lat' dir='ltr'><strong>partem</strong></span> <span class='ocrx_word' id='word_1_375' title='bbox 1271 602 1383 629; x_wconf 81' lang='lat' dir='ltr'><strong>alteram</strong></span> <span class='ocrx_word' id='word_1_376' title='bbox 1401 602 1563 629; x_wconf 85' lang='lat' dir='ltr'><strong>incolumem</strong></span> <span class='ocrx_word' id='word_1_377' title='bbox 1583 602 1726 638; x_wconf 88' lang='lat' dir='ltr'><strong>vivamque</strong></span> <span class='ocrx_word' id='word_1_378' title='bbox 1739 611 1801 631; x_wconf 82' lang='lat' dir='ltr'><strong>ser—</strong></span> 
     </span>
    </p>
   </div>
   <div class='ocr_carea' id='block_1_57' title="bbox 1011 647 1802 683">
    <p class='ocr_par' dir='ltr' id='par_1_57' title="bbox 1011 647 1802 683">
     <span class='ocr_line' id='line_1_57' title="bbox 1011 647 1802 683; baseline 0.004 -9"><span class='ocrx_word' id='word_1_379' title='bbox 1011 652 1122 674; x_wconf 84' lang='lat' dir='ltr'><strong>vaturos</strong></span> <span class='ocrx_word' id='word_1_380' title='bbox 1139 655 1168 675; x_wconf 87' lang='lat' dir='ltr'><strong>se</strong></span> <span class='ocrx_word' id='word_1_381' title='bbox 1181 648 1342 682; x_wconf 71' lang='lat' dir='ltr'><strong>prtestolati,</strong></span> <span class='ocrx_word' id='word_1_382' title='bbox 1365 647 1480 676; x_wconf 87' lang='lat' dir='ltr'><strong>solerter</strong></span> <span class='ocrx_word' id='word_1_383' title='bbox 1495 648 1672 679; x_wconf 82' lang='lat' dir='ltr'><strong>exciderunt;</strong></span> <span class='ocrx_word' id='word_1_384' title='bbox 1693 649 1802 683; x_wconf 86' lang='lat' dir='ltr'><strong>puellus</strong></span> 
     </span>
    </p>
   </div>
   <div class='ocr_carea' id='block_1_58' title="bbox 1011 691 1798 728">
    <p class='ocr_par' dir='ltr' id='par_1_58' title="bbox 1011 691 1798 728">
     <span class='ocr_line' id='line_1_58' title="bbox 1011 691 1798 728; baseline 0.004 -10"><span class='ocrx_word' id='word_1_385' title='bbox 1011 691 1063 719; x_wconf 87' lang='lat' dir='ltr'><strong>iste</strong></span> <span class='ocrx_word' id='word_1_386' title='bbox 1075 692 1172 720; x_wconf 82' lang='lat' dir='ltr'><strong>diebus</strong></span> <span class='ocrx_word' id='word_1_387' title='bbox 1183 693 1269 720; x_wconf 88' lang='lat' dir='ltr'><strong>tribus</strong></span> <span class='ocrx_word' id='word_1_388' title='bbox 1283 699 1422 728; x_wconf 81' lang='lat' dir='ltr'><strong>superStes</strong></span> <span class='ocrx_word' id='word_1_389' title='bbox 1433 700 1557 721; x_wconf 86' lang='lat' dir='ltr'><strong>mortuus</strong></span> <span class='ocrx_word' id='word_1_390' title='bbox 1573 698 1624 721; x_wconf 88' lang='lat' dir='ltr'><strong>est.</strong></span> <span class='ocrx_word' id='word_1_391' title='bbox 1649 693 1681 720; x_wconf 87' lang='lat' dir='ltr'><strong>Et</strong></span> <span class='ocrx_word' id='word_1_392' title='bbox 1695 695 1721 721; x_wconf 92' lang='lat' dir='ltr'><strong>in</strong></span> <span class='ocrx_word' id='word_1_393' title='bbox 1739 703 1798 722; x_wconf 88' lang='lat' dir='ltr'><strong>om-</strong></span> 
     </span>
    </p>
   </div>
   <div class='ocr_carea' id='block_1_59' title="bbox 1011 731 1799 774">
    <p class='ocr_par' dir='ltr' id='par_1_59' title="bbox 1011 731 1799 774">
     <span class='ocr_line' id='line_1_59' title="bbox 1011 731 1799 774; baseline 0.005 -11"><span class='ocrx_word' id='word_1_394' title='bbox 1011 738 1092 764; x_wconf 83' lang='lat' dir='ltr'><strong>nibus</strong></span> <span class='ocrx_word' id='word_1_395' title='bbox 1105 739 1226 773; x_wconf 79' lang='lat' dir='ltr'><strong>quidem,</strong></span> <span class='ocrx_word' id='word_1_396' title='bbox 1241 743 1271 766; x_wconf 93' lang='lat' dir='ltr'><strong>ut</strong></span> <span class='ocrx_word' id='word_1_397' title='bbox 1283 743 1438 766; x_wconf 79' lang='lat' dir='ltr'><strong>enarratum</strong></span> <span class='ocrx_word' id='word_1_398' title='bbox 1452 747 1544 774; x_wconf 87' lang='lat' dir='ltr'><strong>supra,</strong></span> <span class='ocrx_word' id='word_1_399' title='bbox 1561 740 1703 767; x_wconf 80' lang='lat' dir='ltr'><strong>monachis</strong></span> <span class='ocrx_word' id='word_1_400' title='bbox 1718 740 1734 767; x_wconf 85' lang='lat' dir='ltr'><strong>fi</strong></span> <span class='ocrx_word' id='word_1_401' title='bbox 1745 731 1799 767; x_wconf 72' lang='lat' dir='ltr'><strong>lein</strong></span> 
     </span>
    </p>
   </div>
   <div class='ocr_carea' id='block_1_60' title="bbox 1011 784 1800 822">
    <p class='ocr_par' dir='ltr' id='par_1_60' title="bbox 1011 784 1800 822">
     <span class='ocr_line' id='line_1_60' title="bbox 1011 784 1800 822; baseline 0.005 -11"><span class='ocrx_word' id='word_1_402' title='bbox 1011 784 1128 812; x_wconf 88' lang='lat' dir='ltr'><strong>habebat</strong></span> <span class='ocrx_word' id='word_1_403' title='bbox 1152 785 1317 820; x_wconf 81' lang='lat' dir='ltr'><strong>imperator:</strong></span> <span class='ocrx_word' id='word_1_404' title='bbox 1345 786 1475 821; x_wconf 78' lang='lat' dir='ltr'><strong>privatim</strong></span> <span class='ocrx_word' id='word_1_405' title='bbox 1498 794 1562 814; x_wconf 82' lang='lat' dir='ltr'><strong>vero</strong></span> <span class='ocrx_word' id='word_1_406' title='bbox 1586 794 1642 822; x_wconf 77' lang='lat' dir='ltr'><strong>prae</strong></span> <span class='ocrx_word' id='word_1_407' title='bbox 1671 787 1800 815; x_wconf 88' lang='lat' dir='ltr'><strong>omnibus</strong></span> 
     </span>
    </p>
   </div>
   <div class='ocr_carea' id='block_1_61' title="bbox 1012 829 1802 868">
    <p class='ocr_par' dir='ltr' id='par_1_61' title="bbox 1012 829 1802 868">
     <span class='ocr_line' id='line_1_61' title="bbox 1012 829 1802 868; baseline 0.006 -12"><span class='ocrx_word' id='word_1_408' title='bbox 1012 829 1138 865; x_wconf 78' lang='lat' dir='ltr'><strong>Sergium</strong></span> <span class='ocrx_word' id='word_1_409' title='bbox 1160 831 1320 861; x_wconf 75' lang='lat' dir='ltr'><strong>monasticis</strong></span> <span class='ocrx_word' id='word_1_410' title='bbox 1343 832 1468 860; x_wconf 92' lang='lat' dir='ltr'><strong>moribus</strong></span> <span class='ocrx_word' id='word_1_411' title='bbox 1496 837 1671 868; x_wconf 63' lang='lat' dir='ltr'><strong>praestantem</strong></span> <span class='ocrx_word' id='word_1_412' title='bbox 1693 833 1802 861; x_wconf 90' lang='lat' dir='ltr'><strong>colebat</strong></span> 
     </span>
    </p>
   </div>
   <div class='ocr_carea' id='block_1_62' title="bbox 1011 876 1801 913">
    <p class='ocr_par' dir='ltr' id='par_1_62' title="bbox 1011 876 1801 913">
     <span class='ocr_line' id='line_1_62' title="bbox 1011 876 1801 913; baseline 0.005 -11"><span class='ocrx_word' id='word_1_413' title='bbox 1011 880 1038 902; x_wconf 86' lang='lat' dir='ltr'><strong>et</strong></span> <span class='ocrx_word' id='word_1_414' title='bbox 1049 876 1240 905; x_wconf 80' lang='lat' dir='ltr'><strong>venerabatur.</strong></span> <span class='ocrx_word' id='word_1_415' title='bbox 1265 876 1314 905; x_wconf 90' lang='lat' dir='ltr'><strong>llic</strong></span> <span class='ocrx_word' id='word_1_416' title='bbox 1332 877 1452 912; x_wconf 81' lang='lat' dir='ltr'><strong>magistri</strong></span> <span class='ocrx_word' id='word_1_417' title='bbox 1466 877 1573 905; x_wconf 69' lang='lat' dir='ltr'><strong>Cosmte</strong></span> <span class='ocrx_word' id='word_1_418' title='bbox 1600 877 1694 910; x_wconf 83' lang='lat' dir='ltr'><strong>frater,</strong></span> <span class='ocrx_word' id='word_1_419' title='bbox 1715 886 1801 913; x_wconf 81' lang='lat' dir='ltr'><strong>nepos</strong></span> 
     </span>
    </p>
   </div>
   <div class='ocr_carea' id='block_1_63' title="bbox 1010 921 1801 959">
    <p class='ocr_par' dir='ltr' id='par_1_63' title="bbox 1010 921 1801 959">
     <span class='ocr_line' id='line_1_63' title="bbox 1010 921 1801 959; baseline 0.004 -11"><span class='ocrx_word' id='word_1_420' title='bbox 1010 929 1074 948; x_wconf 87' lang='lat' dir='ltr'><strong>vero</strong></span> <span class='ocrx_word' id='word_1_421' title='bbox 1093 921 1181 949; x_wconf 84' lang='lat' dir='ltr'><strong>Photii</strong></span> <span class='ocrx_word' id='word_1_422' title='bbox 1196 923 1357 957; x_wconf 74' lang='lat' dir='ltr'><strong>patriarcha:</strong></span> <span class='ocrx_word' id='word_1_423' title='bbox 1376 923 1473 956; x_wconf 87' lang='lat' dir='ltr'><strong>fuerat,</strong></span> <span class='ocrx_word' id='word_1_424' title='bbox 1494 931 1574 959; x_wconf 86' lang='lat' dir='ltr'><strong>quem</strong></span> <span class='ocrx_word' id='word_1_425' title='bbox 1599 924 1697 951; x_wconf 58' lang='lat' dir='ltr'><strong>animai</strong></span> <span class='ocrx_word' id='word_1_426' title='bbox 1721 924 1801 952; x_wconf 90' lang='lat' dir='ltr'><strong>nobi-</strong></span> 
     </span>
    </p>
   </div>
   <div class='ocr_carea' id='block_1_64' title="bbox 1010 967 1800 1004">
    <p class='ocr_par' dir='ltr' id='par_1_64' title="bbox 1010 967 1800 1004">
     <span class='ocr_line' id='line_1_64' title="bbox 1010 967 1800 1004; baseline 0.003 -10"><span class='ocrx_word' id='word_1_427' title='bbox 1010 967 1172 1003; x_wconf 83' lang='lat' dir='ltr'><strong>litas,qucm</strong></span> <span class='ocrx_word' id='word_1_428' title='bbox 1182 968 1272 996; x_wconf 88' lang='lat' dir='ltr'><strong>carnis</strong></span> <span class='ocrx_word' id='word_1_429' title='bbox 1290 969 1442 1004; x_wconf 70' lang='lat' dir='ltr'><strong>ingenuitas</strong></span> <span class='ocrx_word' id='word_1_430' title='bbox 1462 970 1592 997; x_wconf 81' lang='lat' dir='ltr'><strong>reddebat</strong></span> <span class='ocrx_word' id='word_1_431' title='bbox 1611 969 1800 1000; x_wconf 88' lang='lat' dir='ltr'><strong>illustriorem.</strong></span> 
     </span>
    </p>
   </div>
   <div class='ocr_carea' id='block_1_65' title="bbox 1011 1013 1801 1051">
    <p class='ocr_par' dir='ltr' id='par_1_65' title="bbox 1011 1013 1801 1051">
     <span class='ocr_line' id='line_1_65' title="bbox 1011 1013 1801 1051; baseline 0.005 -11"><span class='ocrx_word' id='word_1_432' title='bbox 1011 1013 1094 1041; x_wconf 89' lang='lat' dir='ltr'><strong>Istum</strong></span> <span class='ocrx_word' id='word_1_433' title='bbox 1120 1014 1212 1050; x_wconf 81' lang='lat' dir='ltr'><strong>itaque</strong></span> <span class='ocrx_word' id='word_1_434' title='bbox 1228 1016 1407 1043; x_wconf 75' lang='lat' dir='ltr'><strong>revereudum</strong></span> <span class='ocrx_word' id='word_1_435' title='bbox 1432 1016 1522 1051; x_wconf 83' lang='lat' dir='ltr'><strong>iugem</strong></span> <span class='ocrx_word' id='word_1_436' title='bbox 1552 1017 1682 1044; x_wconf 91' lang='lat' dir='ltr'><strong>comitem</strong></span> <span class='ocrx_word' id='word_1_437' title='bbox 1708 1025 1801 1045; x_wconf 88' lang='lat' dir='ltr'><strong>secum</strong></span> 
     </span>
    </p>
   </div>
   <div class='ocr_carea' id='block_1_66' title="bbox 1011 1059 1801 1098">
    <p class='ocr_par' dir='ltr' id='par_1_66' title="bbox 1011 1059 1801 1098">
     <span class='ocr_line' id='line_1_66' title="bbox 1011 1059 1801 1098; baseline 0.005 -12"><span class='ocrx_word' id='word_1_438' title='bbox 1011 1059 1127 1087; x_wconf 76' lang='lat' dir='ltr'><strong>ducebat</strong></span> <span class='ocrx_word' id='word_1_439' title='bbox 1145 1061 1303 1096; x_wconf 84' lang='lat' dir='ltr'><strong>imperator,</strong></span> <span class='ocrx_word' id='word_1_440' title='bbox 1321 1062 1399 1095; x_wconf 87' lang='lat' dir='ltr'><strong>quasi</strong></span> <span class='ocrx_word' id='word_1_441' title='bbox 1413 1070 1504 1089; x_wconf 78' lang='lat' dir='ltr'><strong>veram</strong></span> <span class='ocrx_word' id='word_1_442' title='bbox 1523 1063 1643 1098; x_wconf 81' lang='lat' dir='ltr'><strong>regulam</strong></span> <span class='ocrx_word' id='word_1_443' title='bbox 1661 1067 1688 1090; x_wconf 88' lang='lat' dir='ltr'><strong>et</strong></span> <span class='ocrx_word' id='word_1_444' title='bbox 1705 1070 1801 1091; x_wconf 84' lang='lat' dir='ltr'><strong>amus-</strong></span> 
     </span>
    </p>
   </div>
   <div class='ocr_carea' id='block_1_67' title="bbox 1011 1105 1804 1143">
    <p class='ocr_par' dir='ltr' id='par_1_67' title="bbox 1011 1105 1804 1143">
     <span class='ocr_line' id='line_1_67' title="bbox 1011 1105 1804 1143; baseline 0.005 -11"><span class='ocrx_word' id='word_1_445' title='bbox 1011 1105 1062 1132; x_wconf 87' lang='lat' dir='ltr'><strong>sim</strong></span> <span class='ocrx_word' id='word_1_446' title='bbox 1085 1105 1172 1141; x_wconf 89' lang='lat' dir='ltr'><strong>ipsius</strong></span> <span class='ocrx_word' id='word_1_447' title='bbox 1190 1106 1272 1134; x_wconf 88' lang='lat' dir='ltr'><strong>vitam</strong></span> <span class='ocrx_word' id='word_1_448' title='bbox 1290 1107 1460 1143; x_wconf 75' lang='lat' dir='ltr'><strong>dirigentem.</strong></span> <span class='ocrx_word' id='word_1_449' title='bbox 1487 1107 1538 1135; x_wconf 89' lang='lat' dir='ltr'><strong>llic</strong></span> <span class='ocrx_word' id='word_1_450' title='bbox 1550 1108 1697 1143; x_wconf 86' lang='lat' dir='ltr'><strong>plurimum</strong></span> <span class='ocrx_word' id='word_1_451' title='bbox 1709 1108 1804 1136; x_wconf 83' lang='lat' dir='ltr'><strong>horta—</strong></span> 
     </span>
    </p>
   </div>
   <div class='ocr_carea' id='block_1_68' title="bbox 1012 1152 1803 1190">
    <p class='ocr_par' dir='ltr' id='par_1_68' title="bbox 1012 1152 1803 1190">
     <span class='ocr_line' id='line_1_68' title="bbox 1012 1152 1803 1190; baseline 0.004 -11"><span class='ocrx_word' id='word_1_452' title='bbox 1012 1152 1093 1181; x_wconf 81' lang='lat' dir='ltr'><strong>batur</strong></span> <span class='ocrx_word' id='word_1_453' title='bbox 1114 1153 1309 1188; x_wconf 75' lang='lat' dir='ltr'><strong>imperatorem</strong></span> <span class='ocrx_word' id='word_1_454' title='bbox 1335 1153 1452 1181; x_wconf 85' lang='lat' dir='ltr'><strong>filiorum</strong></span> <span class='ocrx_word' id='word_1_455' title='bbox 1471 1162 1564 1182; x_wconf 84' lang='lat' dir='ltr'><strong>curam</strong></span> <span class='ocrx_word' id='word_1_456' title='bbox 1585 1159 1689 1190; x_wconf 76' lang='lat' dir='ltr'><strong>ageret,</strong></span> <span class='ocrx_word' id='word_1_457' title='bbox 1713 1163 1803 1189; x_wconf 86' lang='lat' dir='ltr'><strong>neque</strong></span> 
     </span>
    </p>
   </div>
   <div class='ocr_carea' id='block_1_69' title="bbox 1012 1199 1802 1236">
    <p class='ocr_par' dir='ltr' id='par_1_69' title="bbox 1012 1199 1802 1236">
     <span class='ocr_line' id='line_1_69' title="bbox 1012 1199 1802 1236; baseline 0.005 -11"><span class='ocrx_word' id='word_1_458' title='bbox 1012 1199 1073 1227; x_wconf 83' lang='lat' dir='ltr'><strong>illus</strong></span> <span class='ocrx_word' id='word_1_459' title='bbox 1087 1200 1113 1231; x_wconf 82' lang='lat' dir='ltr'><strong>in</strong></span> <span class='ocrx_word' id='word_1_460' title='bbox 1131 1200 1232 1227; x_wconf 86' lang='lat' dir='ltr'><strong>malum</strong></span> <span class='ocrx_word' id='word_1_461' title='bbox 1247 1200 1351 1235; x_wconf 86' lang='lat' dir='ltr'><strong>absque</strong></span> <span class='ocrx_word' id='word_1_462' title='bbox 1370 1201 1514 1236; x_wconf 75' lang='lat' dir='ltr'><strong>disciplina</strong></span> <span class='ocrx_word' id='word_1_463' title='bbox 1529 1208 1659 1236; x_wconf 82' lang='lat' dir='ltr'><strong>proruere</strong></span> <span class='ocrx_word' id='word_1_464' title='bbox 1677 1201 1779 1229; x_wconf 83' lang='lat' dir='ltr'><strong>sineret</strong></span> <span class='ocrx_word' id='word_1_465' title='bbox 1793 1209 1802 1229; x_wconf 89' lang='lat'><strong>:</strong></span> 
     </span>
    </p>
   </div>
   <div class='ocr_carea' id='block_1_70' title="bbox 1013 1246 1803 1281">
    <p class='ocr_par' dir='ltr' id='par_1_70' title="bbox 1013 1246 1803 1281">
     <span class='ocr_line' id='line_1_70' title="bbox 1013 1246 1803 1281; baseline 0.001 -8"><span class='ocrx_word' id='word_1_466' title='bbox 1013 1254 1046 1273; x_wconf 83' lang='lat' dir='ltr'><strong>ne</strong></span> <span class='ocrx_word' id='word_1_467' title='bbox 1064 1246 1185 1280; x_wconf 76' lang='lat' dir='ltr'><strong>quanio,</strong></span> <span class='ocrx_word' id='word_1_468' title='bbox 1199 1253 1260 1281; x_wconf 69' lang='lat' dir='ltr'><strong>qua:</strong></span> <span class='ocrx_word' id='word_1_469' title='bbox 1278 1246 1347 1275; x_wconf 88' lang='lat' dir='ltr'><strong>lleli.</strong></span> <span class='ocrx_word' id='word_1_470' title='bbox 1363 1252 1512 1281; x_wconf 79' lang='lat' dir='ltr'><strong>pateretur.</strong></span> <span class='ocrx_word' id='word_1_471' title='bbox 1535 1247 1572 1275; x_wconf 90' lang='lat' dir='ltr'><strong>Ut</strong></span> <span class='ocrx_word' id='word_1_472' title='bbox 1588 1254 1652 1275; x_wconf 83' lang='lat' dir='ltr'><strong>vero</strong></span> <span class='ocrx_word' id='word_1_473' title='bbox 1670 1255 1685 1274; x_wconf 91' lang='lat' dir='ltr'><strong>a</strong></span> <span class='ocrx_word' id='word_1_474' title='bbox 1708 1246 1771 1278; x_wconf 80' lang='lat' dir='ltr'><strong>ﬁliis</strong></span> <span class='ocrx_word' id='word_1_475' title='bbox 1787 1255 1803 1275; x_wconf 89' lang='lat' dir='ltr'><strong>e</strong></span> 
     </span>
    </p>
   </div>
   <div class='ocr_carea' id='block_1_71' title="bbox 1013 1291 1803 1327">
    <p class='ocr_par' dir='ltr' id='par_1_71' title="bbox 1013 1291 1803 1327">
     <span class='ocr_line' id='line_1_71' title="bbox 1013 1291 1803 1327; baseline 0.003 -11"><span class='ocrx_word' id='word_1_476' title='bbox 1013 1291 1114 1325; x_wconf 70' lang='lat' dir='ltr'><strong>palatio</strong></span> <span class='ocrx_word' id='word_1_477' title='bbox 1132 1291 1254 1325; x_wconf 77' lang='lat' dir='ltr'><strong>deiectus</strong></span> <span class='ocrx_word' id='word_1_478' title='bbox 1274 1296 1315 1322; x_wconf 79' lang='lat' dir='ltr'><strong>est.</strong></span> <span class='ocrx_word' id='word_1_479' title='bbox 1327 1312 1334 1324; x_wconf 85' lang='lat'><strong>,</strong></span> <span class='ocrx_word' id='word_1_480' title='bbox 1352 1296 1379 1318; x_wconf 90' lang='lat' dir='ltr'><strong>et</strong></span> <span class='ocrx_word' id='word_1_481' title='bbox 1397 1291 1424 1318; x_wconf 90' lang='lat' dir='ltr'><strong>in</strong></span> <span class='ocrx_word' id='word_1_482' title='bbox 1440 1291 1541 1322; x_wconf 81' lang='lat' dir='ltr'><strong>Proteu</strong></span> <span class='ocrx_word' id='word_1_483' title='bbox 1565 1291 1682 1319; x_wconf 86' lang='lat' dir='ltr'><strong>insulam</strong></span> <span class='ocrx_word' id='word_1_484' title='bbox 1699 1292 1803 1327; x_wconf 78' lang='lat' dir='ltr'><strong>relega-</strong></span> 
     </span>
    </p>
   </div>
   <div class='ocr_carea' id='block_1_72' title="bbox 1013 1335 1802 1375">
    <p class='ocr_par' dir='ltr' id='par_1_72' title="bbox 1013 1335 1802 1375">
     <span class='ocr_line' id='line_1_72' title="bbox 1013 1335 1802 1375; baseline 0.003 -13"><span class='ocrx_word' id='word_1_485' title='bbox 1013 1340 1066 1368; x_wconf 78' lang='lat' dir='ltr'><strong>tus,</strong></span> <span class='ocrx_word' id='word_1_486' title='bbox 1088 1335 1170 1375; x_wconf 78' lang='lat'><strong>509</strong></span> <span class='ocrx_word' id='word_1_487' title='bbox 1196 1335 1271 1363; x_wconf 91' lang='lat' dir='ltr'><strong>hunc</strong></span> <span class='ocrx_word' id='word_1_488' title='bbox 1292 1344 1390 1364; x_wconf 88' lang='lat' dir='ltr'><strong>rursus</strong></span> <span class='ocrx_word' id='word_1_489' title='bbox 1409 1336 1505 1363; x_wconf 83' lang='lat' dir='ltr'><strong>habuit</strong></span> <span class='ocrx_word' id='word_1_490' title='bbox 1518 1337 1705 1364; x_wconf 80' lang='lat' dir='ltr'><strong>calamitatum</strong></span> <span class='ocrx_word' id='word_1_491' title='bbox 1729 1337 1802 1364; x_wconf 84' lang='lat' dir='ltr'><strong>sola-</strong></span> 
     </span>
    </p>
   </div>
   <div class='ocr_carea' id='block_1_73' title="bbox 1013 1381 1804 1418">
    <p class='ocr_par' dir='ltr' id='par_1_73' title="bbox 1013 1381 1804 1418">
     <span class='ocr_line' id='line_1_73' title="bbox 1013 1381 1804 1418; baseline 0.001 -10"><span class='ocrx_word' id='word_1_492' title='bbox 1013 1381 1091 1414; x_wconf 91' lang='lat' dir='ltr'><strong>tium,</strong></span> <span class='ocrx_word' id='word_1_493' title='bbox 1114 1387 1139 1409; x_wconf 91' lang='lat' dir='ltr'><strong>et</strong></span> <span class='ocrx_word' id='word_1_494' title='bbox 1154 1383 1288 1418; x_wconf 64' lang='lat' dir='ltr'><strong>angustia:</strong></span> <span class='ocrx_word' id='word_1_495' title='bbox 1304 1383 1454 1414; x_wconf 88' lang='lat' dir='ltr'><strong>remedium</strong></span> <span class='ocrx_word' id='word_1_496' title='bbox 1476 1383 1638 1415; x_wconf 86' lang='lat' dir='ltr'><strong>lenitivum:</strong></span> <span class='ocrx_word' id='word_1_497' title='bbox 1660 1383 1804 1418; x_wconf 87' lang='lat' dir='ltr'><strong>eidemque</strong></span> 
     </span>
    </p>
   </div>
   <div class='ocr_carea' id='block_1_74' title="bbox 1014 1429 1801 1469">
    <p class='ocr_par' dir='ltr' id='par_1_74' title="bbox 1014 1429 1801 1469">
     <span class='ocr_line' id='line_1_74' title="bbox 1014 1429 1801 1469; baseline -0.001 -13"><span class='ocrx_word' id='word_1_498' title='bbox 1014 1432 1079 1459; x_wconf 79' lang='lat' dir='ltr'><strong>tunc</strong></span> <span class='ocrx_word' id='word_1_499' title='bbox 1093 1429 1224 1467; x_wconf 78' lang='lat' dir='ltr'><strong>temporis</strong></span> <span class='ocrx_word' id='word_1_500' title='bbox 1239 1429 1402 1465; x_wconf 75' lang='lat' dir='ltr'><strong>Polyeuclus</strong></span> <span class='ocrx_word' id='word_1_501' title='bbox 1418 1429 1568 1457; x_wconf 87' lang='lat' dir='ltr'><strong>monachus</strong></span> <span class='ocrx_word' id='word_1_502' title='bbox 1583 1429 1723 1469; x_wconf 89' lang='lat' dir='ltr'><strong>piissimus</strong></span> <span class='ocrx_word' id='word_1_503' title='bbox 1739 1429 1801 1456; x_wconf 89' lang='lat' dir='ltr'><strong>ade-</strong></span> 
     </span>
    </p>
   </div>
   <div class='ocr_carea' id='block_1_75' title="bbox 1013 1473 1804 1506">
    <p class='ocr_par' dir='ltr' id='par_1_75' title="bbox 1013 1473 1804 1506">
     <span class='ocr_line' id='line_1_75' title="bbox 1013 1473 1804 1506; baseline 0.001 -6"><span class='ocrx_word' id='word_1_504' title='bbox 1013 1477 1066 1506; x_wconf 87' lang='lat' dir='ltr'><strong>rat,</strong></span> <span class='ocrx_word' id='word_1_505' title='bbox 1084 1475 1188 1502; x_wconf 90' lang='lat' dir='ltr'><strong>crebris</strong></span> <span class='ocrx_word' id='word_1_506' title='bbox 1201 1482 1263 1502; x_wconf 87' lang='lat' dir='ltr'><strong>cum</strong></span> <span class='ocrx_word' id='word_1_507' title='bbox 1283 1474 1470 1506; x_wconf 84' lang='lat' dir='ltr'><strong>hortamentis,</strong></span> <span class='ocrx_word' id='word_1_508' title='bbox 1492 1478 1522 1501; x_wconf 92' lang='lat' dir='ltr'><strong>ut</strong></span> <span class='ocrx_word' id='word_1_509' title='bbox 1536 1474 1658 1505; x_wconf 81' lang='lat' dir='ltr'><strong>decebat.</strong></span> <span class='ocrx_word' id='word_1_510' title='bbox 1677 1473 1804 1502; x_wconf 89' lang='lat' dir='ltr'><strong>consola-</strong></span> 
     </span>
    </p>
   </div>
   <div class='ocr_carea' id='block_1_76' title="bbox 1014 1516 1801 1552">
    <p class='ocr_par' dir='ltr' id='par_1_76' title="bbox 1014 1516 1801 1552">
     <span class='ocr_line' id='line_1_76' title="bbox 1014 1516 1801 1552; baseline 0 -9"><span class='ocrx_word' id='word_1_511' title='bbox 1014 1521 1110 1544; x_wconf 89' lang='lat' dir='ltr'><strong>turus:</strong></span> <span class='ocrx_word' id='word_1_512' title='bbox 1129 1517 1183 1549; x_wconf 90' lang='lat' dir='ltr'><strong>hic,</strong></span> <span class='ocrx_word' id='word_1_513' title='bbox 1207 1517 1363 1552; x_wconf 80' lang='lat' dir='ltr'><strong>patriarcha</strong></span> <span class='ocrx_word' id='word_1_514' title='bbox 1376 1516 1581 1552; x_wconf 87' lang='lat' dir='ltr'><strong>Thcophylacto</strong></span> <span class='ocrx_word' id='word_1_515' title='bbox 1596 1516 1666 1544; x_wconf 88' lang='lat' dir='ltr'><strong>vivis</strong></span> <span class='ocrx_word' id='word_1_516' title='bbox 1679 1516 1801 1550; x_wconf 85' lang='lat' dir='ltr'><strong>sublato,</strong></span> 
     </span>
    </p>
   </div>
   <div class='ocr_carea' id='block_1_77' title="bbox 1015 1560 1802 1597">
    <p class='ocr_par' dir='ltr' id='par_1_77' title="bbox 1015 1560 1802 1597">
     <span class='ocr_line' id='line_1_77' title="bbox 1015 1560 1802 1597; baseline 0.001 -10"><span class='ocrx_word' id='word_1_517' title='bbox 1015 1569 1028 1587; x_wconf 77' lang='grc' dir='ltr'><strong>τι</strong></span> <span class='ocrx_word' id='word_1_518' title='bbox 1043 1560 1223 1589; x_wconf 86' lang='lat' dir='ltr'><strong>Constantino</strong></span> <span class='ocrx_word' id='word_1_519' title='bbox 1238 1561 1404 1596; x_wconf 88' lang='lat' dir='ltr'><strong>imperatore</strong></span> <span class='ocrx_word' id='word_1_520' title='bbox 1420 1561 1577 1597; x_wconf 81' lang='lat' dir='ltr'><strong>patriarcha</strong></span> <span class='ocrx_word' id='word_1_521' title='bbox 1591 1566 1733 1596; x_wconf 84' lang='lat' dir='ltr'><strong>promotus</strong></span> <span class='ocrx_word' id='word_1_522' title='bbox 1750 1567 1802 1589; x_wconf 88' lang='lat' dir='ltr'><strong>est.</strong></span> 
     </span>
    </p>
   </div>
   <div class='ocr_carea' id='block_1_78' title="bbox 976 1591 1805 1635">
    <p class='ocr_par' dir='ltr' id='par_1_78' title="bbox 976 1591 1805 1635">
     <span class='ocr_line' id='line_1_78' title="bbox 976 1591 1805 1635; baseline 0.002 -2"><span class='ocrx_word' id='word_1_523' title='bbox 976 1591 999 1622; x_wconf 61' lang='grc' dir='ltr'><strong><em>ε</em></strong></span> <span class='ocrx_word' id='word_1_524' title='bbox 1017 1605 1050 1633; x_wconf 91' lang='lat' dir='ltr'><strong>Ut</strong></span> <span class='ocrx_word' id='word_1_525' title='bbox 1061 1613 1125 1633; x_wconf 82' lang='lat' dir='ltr'><strong>vero</strong></span> <span class='ocrx_word' id='word_1_526' title='bbox 1141 1605 1212 1634; x_wconf 76' lang='lat' dir='ltr'><strong>Deus</strong></span> <span class='ocrx_word' id='word_1_527' title='bbox 1223 1607 1300 1635; x_wconf 75' lang='lat' dir='ltr'><strong>miris</strong></span> <span class='ocrx_word' id='word_1_528' title='bbox 1312 1607 1401 1634; x_wconf 80' lang='lat' dir='ltr'><strong>modis</strong></span> <span class='ocrx_word' id='word_1_529' title='bbox 1417 1606 1553 1634; x_wconf 88' lang='lat' dir='ltr'><strong>hominem</strong></span> <span class='ocrx_word' id='word_1_530' title='bbox 1567 1615 1677 1634; x_wconf 81' lang='lat' dir='ltr'><strong>servare</strong></span> <span class='ocrx_word' id='word_1_531' title='bbox 1687 1614 1805 1635; x_wconf 86' lang='lat' dir='ltr'><strong>consue-</strong></span> 
     </span>
    </p>
   </div>
   <div class='ocr_carea' id='block_1_79' title="bbox 1016 1652 1804 1687">
    <p class='ocr_par' dir='ltr' id='par_1_79' title="bbox 1016 1652 1804 1687">
     <span class='ocr_line' id='line_1_79' title="bbox 1016 1652 1804 1687; baseline 0.001 -9"><span class='ocrx_word' id='word_1_532' title='bbox 1016 1652 1063 1682; x_wconf 88' lang='lat' dir='ltr'><strong>vit.</strong></span> <span class='ocrx_word' id='word_1_533' title='bbox 1081 1653 1273 1687; x_wconf 88' lang='lat' dir='ltr'><strong>imperatorem</strong></span> <span class='ocrx_word' id='word_1_534' title='bbox 1285 1652 1438 1680; x_wconf 68' lang='lat' dir='ltr'><strong>liomanum</strong></span> <span class='ocrx_word' id='word_1_535' title='bbox 1455 1652 1482 1679; x_wconf 94' lang='lat' dir='ltr'><strong>in</strong></span> <span class='ocrx_word' id='word_1_536' title='bbox 1493 1653 1678 1680; x_wconf 89' lang='lat' dir='ltr'><strong>calamitatem</strong></span> <span class='ocrx_word' id='word_1_537' title='bbox 1688 1660 1743 1679; x_wconf 87' lang='lat' dir='ltr'><strong>non</strong></span> <span class='ocrx_word' id='word_1_538' title='bbox 1757 1660 1804 1679; x_wconf 74' lang='lat' dir='ltr'><strong>cx—</strong></span> 
     </span>
    </p>
   </div>
   <div class='ocr_carea' id='block_1_80' title="bbox 1015 1698 1804 1733">
    <p class='ocr_par' dir='ltr' id='par_1_80' title="bbox 1015 1698 1804 1733">
     <span class='ocr_line' id='line_1_80' title="bbox 1015 1698 1804 1733; baseline 0 -8"><span class='ocrx_word' id='word_1_539' title='bbox 1015 1703 1165 1733; x_wconf 86' lang='lat' dir='ltr'><strong>spcctatam</strong></span> <span class='ocrx_word' id='word_1_540' title='bbox 1182 1698 1302 1726; x_wconf 85' lang='lat' dir='ltr'><strong>incidere</strong></span> <span class='ocrx_word' id='word_1_541' title='bbox 1314 1698 1457 1733; x_wconf 88' lang='lat' dir='ltr'><strong>permisit:</strong></span> <span class='ocrx_word' id='word_1_542' title='bbox 1481 1703 1511 1725; x_wconf 90' lang='lat' dir='ltr'><strong>ut</strong></span> <span class='ocrx_word' id='word_1_543' title='bbox 1527 1706 1574 1733; x_wconf 89' lang='lat' dir='ltr'><strong>per</strong></span> <span class='ocrx_word' id='word_1_544' title='bbox 1591 1706 1650 1725; x_wconf 82' lang='lat' dir='ltr'><strong>eain</strong></span> <span class='ocrx_word' id='word_1_545' title='bbox 1667 1698 1804 1731; x_wconf 88' lang='lat' dir='ltr'><strong>erudilus,</strong></span> 
     </span>
    </p>
   </div>
   <div class='ocr_carea' id='block_1_81' title="bbox 1014 1743 1804 1779">
    <p class='ocr_par' dir='ltr' id='par_1_81' title="bbox 1014 1743 1804 1779">
     <span class='ocr_line' id='line_1_81' title="bbox 1014 1743 1804 1779; baseline 0 -9"><span class='ocrx_word' id='word_1_546' title='bbox 1014 1749 1041 1770; x_wconf 84' lang='lat' dir='ltr'><strong>et</strong></span> <span class='ocrx_word' id='word_1_547' title='bbox 1060 1744 1094 1771; x_wconf 84' lang='lat' dir='ltr'><strong>de</strong></span> <span class='ocrx_word' id='word_1_548' title='bbox 1115 1745 1232 1779; x_wconf 89' lang='lat' dir='ltr'><strong>propriis</strong></span> <span class='ocrx_word' id='word_1_549' title='bbox 1245 1744 1353 1772; x_wconf 83' lang='lat' dir='ltr'><strong>delictis</strong></span> <span class='ocrx_word' id='word_1_550' title='bbox 1378 1743 1546 1774; x_wconf 87' lang='lat' dir='ltr'><strong>admonitus,</strong></span> <span class='ocrx_word' id='word_1_551' title='bbox 1573 1743 1688 1770; x_wconf 89' lang='lat' dir='ltr'><strong>salutem</strong></span> <span class='ocrx_word' id='word_1_552' title='bbox 1704 1749 1804 1770; x_wconf 83' lang='lat' dir='ltr'><strong>conse-</strong></span> 
     </span>
    </p>
   </div>
   <div class='ocr_carea' id='block_1_82' title="bbox 1014 1789 1803 1825">
    <p class='ocr_par' dir='ltr' id='par_1_82' title="bbox 1014 1789 1803 1825">
     <span class='ocr_line' id='line_1_82' title="bbox 1014 1789 1803 1825; baseline -0.003 -9"><span class='ocrx_word' id='word_1_553' title='bbox 1014 1790 1062 1824; x_wconf 89' lang='lat' dir='ltr'><strong>qui</strong></span> <span class='ocrx_word' id='word_1_554' title='bbox 1080 1790 1179 1825; x_wconf 74' lang='lat' dir='ltr'><strong>tlignus</strong></span> <span class='ocrx_word' id='word_1_555' title='bbox 1195 1790 1372 1817; x_wconf 85' lang='lat' dir='ltr'><strong>inveniretur.</strong></span> <span class='ocrx_word' id='word_1_556' title='bbox 1394 1789 1531 1817; x_wconf 83' lang='lat' dir='ltr'><strong>Toleravit</strong></span> <span class='ocrx_word' id='word_1_557' title='bbox 1549 1789 1622 1815; x_wconf 89' lang='lat' dir='ltr'><strong>enim</strong></span> <span class='ocrx_word' id='word_1_558' title='bbox 1638 1789 1722 1815; x_wconf 83' lang='lat' dir='ltr'><strong>filium</strong></span> <span class='ocrx_word' id='word_1_559' title='bbox 1743 1789 1803 1823; x_wconf 84' lang='lat' dir='ltr'><strong>ejus</strong></span> 
     </span>
    </p>
   </div>
   <div class='ocr_carea' id='block_1_83' title="bbox 1016 1833 1803 1874">
    <p class='ocr_par' dir='ltr' id='par_1_83' title="bbox 1016 1833 1803 1874">
     <span class='ocr_line' id='line_1_83' title="bbox 1016 1833 1803 1874; baseline -0.001 -11"><span class='ocrx_word' id='word_1_560' title='bbox 1016 1836 1196 1871; x_wconf 77' lang='lat' dir='ltr'><strong>Stephanum,</strong></span> <span class='ocrx_word' id='word_1_561' title='bbox 1225 1836 1298 1867; x_wconf 83' lang='lat' dir='ltr'><strong>velut</strong></span> <span class='ocrx_word' id='word_1_562' title='bbox 1320 1836 1460 1874; x_wconf 89' lang='lat' dir='ltr'><strong>quondam</strong></span> <span class='ocrx_word' id='word_1_563' title='bbox 1485 1834 1636 1862; x_wconf 85' lang='lat' dir='ltr'><strong>Abessalon</strong></span> <span class='ocrx_word' id='word_1_564' title='bbox 1663 1834 1690 1866; x_wconf 89' lang='lat' dir='ltr'><strong>in</strong></span> <span class='ocrx_word' id='word_1_565' title='bbox 1719 1833 1803 1862; x_wconf 83' lang='lat' dir='ltr'><strong>David</strong></span> 
     </span>
    </p>
   </div>
   <div class='ocr_carea' id='block_1_84' title="bbox 1014 1881 1803 1918">
    <p class='ocr_par' dir='ltr' id='par_1_84' title="bbox 1014 1881 1803 1918">
     <span class='ocr_line' id='line_1_84' title="bbox 1014 1881 1803 1918; baseline -0.003 -9"><span class='ocrx_word' id='word_1_566' title='bbox 1014 1883 1156 1918; x_wconf 89' lang='lat' dir='ltr'><strong>proprium</strong></span> <span class='ocrx_word' id='word_1_567' title='bbox 1172 1887 1278 1917; x_wconf 86' lang='lat' dir='ltr'><strong>patrem</strong></span> <span class='ocrx_word' id='word_1_568' title='bbox 1295 1882 1404 1910; x_wconf 87' lang='lat' dir='ltr'><strong>rebellis</strong></span> <span class='ocrx_word' id='word_1_569' title='bbox 1432 1881 1493 1913; x_wconf 82' lang='lat' dir='ltr'><strong>fuit,</strong></span> <span class='ocrx_word' id='word_1_570' title='bbox 1524 1881 1561 1908; x_wconf 85' lang='lat' dir='ltr'><strong>ita</strong></span> <span class='ocrx_word' id='word_1_571' title='bbox 1588 1881 1614 1908; x_wconf 89' lang='lat' dir='ltr'><strong>in</strong></span> <span class='ocrx_word' id='word_1_572' title='bbox 1634 1888 1696 1908; x_wconf 84' lang='lat' dir='ltr'><strong>eunt</strong></span> <span class='ocrx_word' id='word_1_573' title='bbox 1710 1881 1803 1908; x_wconf 81' lang='lat' dir='ltr'><strong>insur—</strong></span> 
     </span>
    </p>
   </div>
   <div class='ocr_carea' id='block_1_85' title="bbox 1013 1926 1804 1966">
    <p class='ocr_par' dir='ltr' id='par_1_85' title="bbox 1013 1926 1804 1966">
     <span class='ocr_line' id='line_1_85' title="bbox 1013 1926 1804 1966; baseline -0.004 -10"><span class='ocrx_word' id='word_1_574' title='bbox 1013 1937 1086 1965; x_wconf 83' lang='lat' dir='ltr'><strong>gere.</strong></span> <span class='ocrx_word' id='word_1_575' title='bbox 1117 1928 1315 1956; x_wconf 85' lang='lat' dir='ltr'><strong>Constantinus</strong></span> <span class='ocrx_word' id='word_1_576' title='bbox 1330 1928 1440 1966; x_wconf 86' lang='lat' dir='ltr'><strong>quippe,</strong></span> <span class='ocrx_word' id='word_1_577' title='bbox 1458 1926 1580 1953; x_wconf 78' lang='lat' dir='ltr'><strong>Mariauo</strong></span> <span class='ocrx_word' id='word_1_578' title='bbox 1592 1926 1762 1953; x_wconf 83' lang='lat' dir='ltr'><strong>exmonaclm</strong></span> <span class='ocrx_word' id='word_1_579' title='bbox 1777 1931 1804 1953; x_wconf 88' lang='lat' dir='ltr'><strong>et</strong></span> 
     </span>
    </p>
   </div>
   <div class='ocr_carea' id='block_1_86' title="bbox 1013 1973 1803 2007">
    <p class='ocr_par' dir='ltr' id='par_1_86' title="bbox 1013 1973 1803 2007">
     <span class='ocr_line' id='line_1_86' title="bbox 1013 1973 1803 2007; baseline -0.004 -5"><span class='ocrx_word' id='word_1_580' title='bbox 1013 1975 1116 2006; x_wconf 86' lang='lat' dir='ltr'><strong>Basilio</strong></span> <span class='ocrx_word' id='word_1_581' title='bbox 1141 1973 1238 2002; x_wconf 86' lang='lat' dir='ltr'><strong>Petino</strong></span> <span class='ocrx_word' id='word_1_582' title='bbox 1263 1979 1290 2002; x_wconf 89' lang='lat' dir='ltr'><strong>et</strong></span> <span class='ocrx_word' id='word_1_583' title='bbox 1308 1973 1433 2001; x_wconf 85' lang='lat' dir='ltr'><strong>Manuelc</strong></span> <span class='ocrx_word' id='word_1_584' title='bbox 1456 1973 1565 2001; x_wconf 85' lang='lat' dir='ltr'><strong>Curtice</strong></span> <span class='ocrx_word' id='word_1_585' title='bbox 1582 1973 1713 2007; x_wconf 87' lang='lat' dir='ltr'><strong>propositi</strong></span> <span class='ocrx_word' id='word_1_586' title='bbox 1737 1980 1803 2000; x_wconf 84' lang='lat' dir='ltr'><strong>con-</strong></span> 
     </span>
    </p>
   </div>
   <div class='ocr_carea' id='block_1_87' title="bbox 1012 2019 1803 2055">
    <p class='ocr_par' dir='ltr' id='par_1_87' title="bbox 1012 2019 1803 2055">
     <span class='ocr_line' id='line_1_87' title="bbox 1012 2019 1803 2055; baseline -0.005 -6"><span class='ocrx_word' id='word_1_587' title='bbox 1012 2022 1090 2054; x_wconf 84' lang='lat' dir='ltr'><strong>sciis,</strong></span> <span class='ocrx_word' id='word_1_588' title='bbox 1116 2029 1222 2050; x_wconf 86' lang='lat' dir='ltr'><strong>necnon</strong></span> <span class='ocrx_word' id='word_1_589' title='bbox 1240 2021 1302 2053; x_wconf 80' lang='lat' dir='ltr'><strong>aliis</strong></span> <span class='ocrx_word' id='word_1_590' title='bbox 1328 2020 1542 2055; x_wconf 83' lang='lat' dir='ltr'><strong>imperatoribus</strong></span> <span class='ocrx_word' id='word_1_591' title='bbox 1567 2019 1675 2046; x_wconf 88' lang='lat' dir='ltr'><strong>facinus</strong></span> <span class='ocrx_word' id='word_1_592' title='bbox 1691 2027 1803 2054; x_wconf 84' lang='lat' dir='ltr'><strong>promo-</strong></span> 
     </span>
    </p>
   </div>
   <div class='ocr_carea' id='block_1_88' title="bbox 1012 2065 1804 2104">
    <p class='ocr_par' dir='ltr' id='par_1_88' title="bbox 1012 2065 1804 2104">
     <span class='ocr_line' id='line_1_88' title="bbox 1012 2065 1804 2104; baseline -0.003 -10"><span class='ocrx_word' id='word_1_593' title='bbox 1012 2068 1138 2096; x_wconf 86' lang='lat' dir='ltr'><strong>vcutibus</strong></span> <span class='ocrx_word' id='word_1_594' title='bbox 1153 2075 1230 2099; x_wconf 86' lang='lat' dir='ltr'><strong>usus,</strong></span> <span class='ocrx_word' id='word_1_595' title='bbox 1248 2071 1353 2103; x_wconf 84' lang='lat' dir='ltr'><strong>patrem</strong></span> <span class='ocrx_word' id='word_1_596' title='bbox 1376 2074 1391 2093; x_wconf 90' lang='lat' dir='ltr'><strong>e</strong></span> <span class='ocrx_word' id='word_1_597' title='bbox 1409 2066 1509 2101; x_wconf 85' lang='lat' dir='ltr'><strong>palatio</strong></span> <span class='ocrx_word' id='word_1_598' title='bbox 1529 2065 1652 2104; x_wconf 88' lang='lat' dir='ltr'><strong>improbe</strong></span> <span class='ocrx_word' id='word_1_599' title='bbox 1672 2065 1804 2092; x_wconf 82' lang='lat' dir='ltr'><strong>deturba-</strong></span> 
     </span>
    </p>
   </div>
   <div class='ocr_carea' id='block_1_89' title="bbox 1012 2111 1804 2148">
    <p class='ocr_par' dir='ltr' id='par_1_89' title="bbox 1012 2111 1804 2148">
     <span class='ocr_line' id='line_1_89' title="bbox 1012 2111 1804 2148; baseline -0.003 -6"><span class='ocrx_word' id='word_1_600' title='bbox 1012 2114 1062 2146; x_wconf 89' lang='lat' dir='ltr'><strong>vit,</strong></span> <span class='ocrx_word' id='word_1_601' title='bbox 1077 2119 1104 2142; x_wconf 86' lang='lat' dir='ltr'><strong>et</strong></span> <span class='ocrx_word' id='word_1_602' title='bbox 1113 2113 1147 2142; x_wconf 88' lang='lat' dir='ltr'><strong>ad</strong></span> <span class='ocrx_word' id='word_1_603' title='bbox 1163 2114 1262 2141; x_wconf 83' lang='lat' dir='ltr'><strong>Proteu</strong></span> <span class='ocrx_word' id='word_1_604' title='bbox 1281 2113 1398 2142; x_wconf 90' lang='lat' dir='ltr'><strong>insulam</strong></span> <span class='ocrx_word' id='word_1_605' title='bbox 1416 2112 1566 2148; x_wconf 80' lang='lat' dir='ltr'><strong>relegatum</strong></span> <span class='ocrx_word' id='word_1_606' title='bbox 1580 2112 1746 2140; x_wconf 87' lang='lat' dir='ltr'><strong>monachum</strong></span> <span class='ocrx_word' id='word_1_607' title='bbox 1758 2111 1804 2140; x_wconf 77' lang='lat' dir='ltr'><strong>de-</strong></span> 
     </span>
    </p>
   </div>
   <div class='ocr_carea' id='block_1_90' title="bbox 1014 2160 1226 2195">
    <p class='ocr_par' dir='ltr' id='par_1_90' title="bbox 1014 2160 1226 2195">
     <span class='ocr_line' id='line_1_90' title="bbox 1014 2160 1226 2195; baseline 0 -8"><span class='ocrx_word' id='word_1_608' title='bbox 1014 2161 1117 2190; x_wconf 88' lang='lat' dir='ltr'><strong>tonderi</strong></span> <span class='ocrx_word' id='word_1_609' title='bbox 1132 2160 1226 2195; x_wconf 88' lang='lat' dir='ltr'><strong>iussit.</strong></span> 
     </span>
    </p>
   </div>
   <div class='ocr_carea' id='block_1_91' title="bbox 1154 2203 1670 2243">
    <p class='ocr_par' dir='ltr' id='par_1_91' title="bbox 1154 2203 1670 2243">
     <span class='ocr_line' id='line_1_91' title="bbox 1154 2203 1670 2243; baseline -0.008 -9"><span class='ocrx_word' id='word_1_610' title='bbox 1154 2207 1311 2243; x_wconf 83' lang='lat' dir='ltr'><strong>Supremum</strong></span> <span class='ocrx_word' id='word_1_611' title='bbox 1330 2204 1500 2232; x_wconf 81' lang='lat' dir='ltr'><strong>Conslantiui</strong></span> <span class='ocrx_word' id='word_1_612' title='bbox 1519 2203 1670 2238; x_wconf 78' lang='lat' dir='ltr'><strong>imperium.</strong></span> 
     </span>
    </p>
   </div>
   <div class='ocr_carea' id='block_1_92' title="bbox 210 2248 960 2299">
    <p class='ocr_par' dir='ltr' id='par_1_92' title="bbox 210 2255 960 2297">
     <span class='ocr_line' id='line_1_92' title="bbox 210 2255 960 2297; baseline -0.009 -8"><span class='ocrx_word' id='word_1_613' title='bbox 210 2261 378 2297; x_wconf 62' lang='grc' dir='ltr'>’Υπελείψθη</span> <span class='ocrx_word' id='word_1_614' title='bbox 392 2259 440 2287; x_wconf 71' lang='grc' dir='ltr'>οὖν</span> <span class='ocrx_word' id='word_1_615' title='bbox 455 2259 636 2295; x_wconf 77' lang='grc' dir='ltr'>αὐτοκράτωρ</span> <span class='ocrx_word' id='word_1_616' title='bbox 650 2258 857 2288; x_wconf 75' lang='grc' dir='ltr'>Κωνσταντῖνος</span> <span class='ocrx_word' id='word_1_617' title='bbox 870 2257 884 2283; x_wconf 85' lang='grc' dir='ltr'>ὁ</span> <span class='ocrx_word' id='word_1_618' title='bbox 900 2255 960 2282; x_wconf 87' lang='grc' dir='ltr'>τού-</span> 
     </span>
    </p>
   </div>
   <div class='ocr_carea' id='block_1_93' title="bbox 1012 2248 1806 2299">
    <p class='ocr_par' dir='ltr' id='par_1_93' title="bbox 1049 2248 1806 2290">
     <span class='ocr_line' id='line_1_93' title="bbox 1049 2248 1806 2290; baseline -0.009 -8"><span class='ocrx_word' id='word_1_619' title='bbox 1049 2255 1199 2290; x_wconf 86' lang='lat' dir='ltr'><strong>lmperator</strong></span> <span class='ocrx_word' id='word_1_620' title='bbox 1213 2253 1303 2287; x_wconf 86' lang='lat' dir='ltr'><strong>itaque</strong></span> <span class='ocrx_word' id='word_1_621' title='bbox 1324 2250 1437 2278; x_wconf 81' lang='lat' dir='ltr'><strong>lloruani</strong></span> <span class='ocrx_word' id='word_1_622' title='bbox 1453 2257 1535 2286; x_wconf 75' lang='lat' dir='ltr'><strong>gener</strong></span> <span class='ocrx_word' id='word_1_623' title='bbox 1550 2248 1748 2276; x_wconf 87' lang='lat' dir='ltr'><strong>Constantinus</strong></span> <span class='ocrx_word' id='word_1_624' title='bbox 1761 2256 1806 2276; x_wconf 84' lang='lat' dir='ltr'><strong>re-</strong></span> 
     </span>
    </p>
   </div>
   <div class='ocr_carea' id='block_1_94' title="bbox 171 2302 961 2345">
    <p class='ocr_par' dir='ltr' id='par_1_94' title="bbox 171 2302 961 2345">
     <span class='ocr_line' id='line_1_94' title="bbox 171 2302 961 2345; baseline -0.011 -7"><span class='ocrx_word' id='word_1_625' title='bbox 171 2319 219 2338; x_wconf 82' lang='grc' dir='ltr'><strong>του</strong></span> <span class='ocrx_word' id='word_1_626' title='bbox 238 2309 374 2345; x_wconf 74' lang='grc' dir='ltr'>γαμϐρὸς,</span> <span class='ocrx_word' id='word_1_627' title='bbox 393 2308 423 2339; x_wconf 79' lang='grc' dir='ltr'>ὃς</span> <span class='ocrx_word' id='word_1_628' title='bbox 438 2307 596 2343; x_wconf 86' lang='grc' dir='ltr'>παραυτίκα</span> <span class='ocrx_word' id='word_1_629' title='bbox 623 2305 730 2341; x_wconf 74' lang='grc' dir='ltr'>Βάρδαν</span> <span class='ocrx_word' id='word_1_630' title='bbox 745 2304 792 2331; x_wconf 78' lang='grc' dir='ltr'><strong>τὸν</strong></span> <span class='ocrx_word' id='word_1_631' title='bbox 814 2302 862 2330; x_wconf 82' lang='grc' dir='ltr'><strong>τοῦ</strong></span> <span class='ocrx_word' id='word_1_632' title='bbox 879 2303 961 2330; x_wconf 76' lang='grc' dir='ltr'>Φωκᾶ</span> 
     </span>
    </p>
   </div>
   <div class='ocr_carea' id='block_1_95' title="bbox 171 2347 963 2391">
    <p class='ocr_par' dir='ltr' id='par_1_95' title="bbox 171 2347 963 2391">
     <span class='ocr_line' id='line_1_95' title="bbox 171 2347 963 2391; baseline -0.01 -10"><span class='ocrx_word' id='word_1_633' title='bbox 171 2356 206 2391; x_wconf 79' lang='grc' dir='ltr'><strong>τῇ</strong></span> <span class='ocrx_word' id='word_1_634' title='bbox 221 2354 269 2381; x_wconf 81' lang='grc' dir='ltr'>τοῦ</span> <span class='ocrx_word' id='word_1_635' title='bbox 286 2353 437 2390; x_wconf 74' lang='grc' dir='ltr'>μαγίστρου</span> <span class='ocrx_word' id='word_1_636' title='bbox 459 2351 524 2390; x_wconf 70' lang='grc' dir='ltr'>ἀξίᾳ</span> <span class='ocrx_word' id='word_1_637' title='bbox 545 2350 683 2386; x_wconf 80' lang='grc' dir='ltr'>τιμήσας,</span> <span class='ocrx_word' id='word_1_638' title='bbox 710 2349 740 2380; x_wconf 81' lang='grc' dir='ltr'>ὃς</span> <span class='ocrx_word' id='word_1_639' title='bbox 759 2349 849 2386; x_wconf 81' lang='grc' dir='ltr'>χρόνῳ</span> <span class='ocrx_word' id='word_1_640' title='bbox 872 2347 963 2383; x_wconf 80' lang='grc' dir='ltr'>πολλῷ</span> 
     </span>
    </p>
   </div>
   <div class='ocr_carea' id='block_1_96' title="bbox 170 2395 962 2437">
    <p class='ocr_par' dir='ltr' id='par_1_96' title="bbox 170 2395 962 2437">
     <span class='ocr_line' id='line_1_96' title="bbox 170 2395 962 2437; baseline -0.01 -9"><span class='ocrx_word' id='word_1_641' title='bbox 170 2403 222 2437; x_wconf 73' lang='grc' dir='ltr'>τὴν</span> <span class='ocrx_word' id='word_1_642' title='bbox 239 2402 269 2428; x_wconf 83' lang='grc' dir='ltr'>ἐν</span> <span class='ocrx_word' id='word_1_643' title='bbox 282 2401 338 2431; x_wconf 85' lang='grc' dir='ltr'>τοῖς</span> <span class='ocrx_word' id='word_1_644' title='bbox 351 2399 480 2435; x_wconf 78' lang='grc' dir='ltr'>πολέμοις</span> <span class='ocrx_word' id='word_1_645' title='bbox 503 2396 689 2432; x_wconf 76' lang='grc' dir='ltr'>ἀνδραγαθίαν</span> <span class='ocrx_word' id='word_1_646' title='bbox 707 2395 839 2427; x_wconf 83' lang='grc' dir='ltr'><strong>πολλάκις</strong></span> <span class='ocrx_word' id='word_1_647' title='bbox 860 2395 962 2421; x_wconf 73' lang='grc' dir='ltr'>ἐπιδει-</span> 
     </span>
    </p>
   </div>
   <div class='ocr_carea' id='block_1_97' title="bbox 172 2440 961 2483">
    <p class='ocr_par' dir='ltr' id='par_1_97' title="bbox 172 2440 961 2483">
     <span class='ocr_line' id='line_1_97' title="bbox 172 2440 961 2483; baseline -0.011 -8"><span class='ocrx_word' id='word_1_648' title='bbox 172 2448 300 2483; x_wconf 78' lang='grc' dir='ltr'>ξάμενος,</span> <span class='ocrx_word' id='word_1_649' title='bbox 329 2446 489 2481; x_wconf 84' lang='grc' dir='ltr'>δομὲστικον</span> <span class='ocrx_word' id='word_1_650' title='bbox 513 2444 568 2470; x_wconf 83' lang='grc' dir='ltr'><strong>τῶν</strong></span> <span class='ocrx_word' id='word_1_651' title='bbox 601 2442 706 2477; x_wconf 77' lang='grc' dir='ltr'>σχολῶν</span> <span class='ocrx_word' id='word_1_652' title='bbox 745 2440 961 2476; x_wconf 77' lang='grc' dir='ltr'>προχειρίςεται.</span> 
     </span>
    </p>
   </div>
   <div class='ocr_carea' id='block_1_98' title="bbox 173 2486 963 2524">
    <p class='ocr_par' dir='ltr' id='par_1_98' title="bbox 173 2486 963 2524">
     <span class='ocr_line' id='line_1_98' title="bbox 173 2486 963 2524; baseline -0.013 -3"><span class='ocrx_word' id='word_1_653' title='bbox 173 2492 241 2521; x_wconf 77' lang='grc' dir='ltr'>Εἶτα</span> <span class='ocrx_word' id='word_1_654' title='bbox 255 2493 300 2519; x_wconf 62' lang='grc' dir='ltr'>τὸν</span> <span class='ocrx_word' id='word_1_655' title='bbox 315 2492 466 2523; x_wconf 71' lang='grc' dir='ltr'>Βασίλειον,</span> <span class='ocrx_word' id='word_1_656' title='bbox 481 2487 503 2524; x_wconf 82' lang='grc' dir='ltr'><em>ᾧ</em></span> <span class='ocrx_word' id='word_1_657' title='bbox 529 2489 646 2524; x_wconf 79' lang='grc' dir='ltr'>ἐπίκλην</span> <span class='ocrx_word' id='word_1_658' title='bbox 663 2487 799 2519; x_wconf 79' lang='grc' dir='ltr'>ΙΙετεινδν,</span> <span class='ocrx_word' id='word_1_659' title='bbox 817 2486 963 2522; x_wconf 81' lang='grc' dir='ltr'>πατρίκιον</span> 
     </span>
    </p>
   </div>
   <div class='ocr_carea' id='block_1_99' title="bbox 172 2532 962 2576">
    <p class='ocr_par' dir='ltr' id='par_1_99' title="bbox 172 2532 962 2576">
     <span class='ocr_line' id='line_1_99' title="bbox 172 2532 962 2576; baseline -0.013 -8"><span class='ocrx_word' id='word_1_660' title='bbox 172 2542 220 2569; x_wconf 69' lang='grc' dir='ltr'>καὶ</span> <span class='ocrx_word' id='word_1_661' title='bbox 236 2540 322 2576; x_wconf 84' lang='grc' dir='ltr'>μέγαν</span> <span class='ocrx_word' id='word_1_662' title='bbox 340 2539 530 2574; x_wconf 76' lang='grc' dir='ltr'>ὲταιριάρχην,</span> <span class='ocrx_word' id='word_1_663' title='bbox 548 2535 594 2562; x_wconf 72' lang='grc' dir='ltr'><strong>τὸν</strong></span> <span class='ocrx_word' id='word_1_664' title='bbox 612 2534 640 2561; x_wconf 75' lang='grc' dir='ltr'><strong>δὲ</strong></span> <span class='ocrx_word' id='word_1_665' title='bbox 650 2534 698 2561; x_wconf 82' lang='grc' dir='ltr'><strong>τοῦ</strong></span> <span class='ocrx_word' id='word_1_666' title='bbox 713 2534 808 2568; x_wconf 80' lang='grc' dir='ltr'>γένους</span> <span class='ocrx_word' id='word_1_667' title='bbox 822 2532 876 2559; x_wconf 85' lang='grc' dir='ltr'>τῶν</span> <span class='ocrx_word' id='word_1_668' title='bbox 899 2532 962 2568; x_wconf 52' lang='lat' dir='ltr'><strong>‘Ap.</strong></span> 
     </span>
    </p>
   </div>
   <div class='ocr_carea' id='block_1_100' title="bbox 171 2579 963 2623">
    <p class='ocr_par' dir='ltr' id='par_1_100' title="bbox 171 2579 963 2623">
     <span class='ocr_line' id='line_1_100' title="bbox 171 2579 963 2623; baseline -0.013 -9"><span class='ocrx_word' id='word_1_669' title='bbox 171 2587 264 2623; x_wconf 81' lang='grc' dir='ltr'>γυρῶν</span> <span class='ocrx_word' id='word_1_670' title='bbox 275 2585 417 2621; x_wconf 83' lang='grc' dir='ltr'>Μαριανδν</span> <span class='ocrx_word' id='word_1_671' title='bbox 442 2584 477 2610; x_wconf 78' lang='grc' dir='ltr'>τΞι</span> <span class='ocrx_word' id='word_1_672' title='bbox 501 2581 640 2618; x_wconf 71' lang='grc' dir='ltr'>μοναχικὰ</span> <span class='ocrx_word' id='word_1_673' title='bbox 659 2580 797 2611; x_wconf 81' lang='grc' dir='ltr'><strong>ἀποδύσας</strong></span> <span class='ocrx_word' id='word_1_674' title='bbox 817 2579 963 2614; x_wconf 82' lang='grc' dir='ltr'>πατρίκιον</span> 
     </span>
    </p>
   </div>
   <div class='ocr_carea' id='block_1_101' title="bbox 172 2624 964 2668">
    <p class='ocr_par' dir='ltr' id='par_1_101' title="bbox 172 2624 964 2668">
     <span class='ocr_line' id='line_1_101' title="bbox 172 2624 964 2668; baseline -0.013 -8"><span class='ocrx_word' id='word_1_675' title='bbox 172 2634 220 2660; x_wconf 76' lang='grc' dir='ltr'><strong>καὶ</strong></span> <span class='ocrx_word' id='word_1_676' title='bbox 242 2634 350 2668; x_wconf 79' lang='grc' dir='ltr'>κόμητα</span> <span class='ocrx_word' id='word_1_677' title='bbox 376 2630 422 2658; x_wconf 84' lang='grc' dir='ltr'>τοῦ</span> <span class='ocrx_word' id='word_1_678' title='bbox 452 2629 569 2656; x_wconf 80' lang='grc' dir='ltr'>σταὺλου</span> <span class='ocrx_word' id='word_1_679' title='bbox 583 2627 746 2663; x_wconf 77' lang='grc' dir='ltr'>πεποίηκεν,</span> <span class='ocrx_word' id='word_1_680' title='bbox 763 2626 896 2657; x_wconf 78' lang='grc' dir='ltr'>ὡσαύτως</span> <span class='ocrx_word' id='word_1_681' title='bbox 915 2624 964 2651; x_wconf 65' lang='grc' dir='ltr'>καὶ</span> 
     </span>
    </p>
   </div>
   <div class='ocr_carea' id='block_1_102' title="bbox 173 2671 963 2715">
    <p class='ocr_par' dir='ltr' id='par_1_102' title="bbox 173 2671 963 2715">
     <span class='ocr_line' id='line_1_102' title="bbox 173 2671 963 2715; baseline -0.014 -7"><span class='ocrx_word' id='word_1_682' title='bbox 173 2680 301 2715; x_wconf 74' lang='grc' dir='ltr'>Μανουὴλ</span> <span class='ocrx_word' id='word_1_683' title='bbox 325 2679 371 2706; x_wconf 66' lang='grc' dir='ltr'><strong>τὸν</strong></span> <span class='ocrx_word' id='word_1_684' title='bbox 401 2677 597 2712; x_wconf 79' lang='grc' dir='ltr'>ἐπιλεγόμενον</span> <span class='ocrx_word' id='word_1_685' title='bbox 625 2673 784 2710; x_wconf 82' lang='grc' dir='ltr'>Κουρτίκην</span> <span class='ocrx_word' id='word_1_686' title='bbox 817 2671 963 2708; x_wconf 86' lang='grc' dir='ltr'>πατρίκιον</span> 
     </span>
    </p>
   </div>
   <div class='ocr_carea' id='block_1_103' title="bbox 174 2719 963 2765">
    <p class='ocr_par' dir='ltr' id='par_1_103' title="bbox 174 2719 963 2765">
     <span class='ocr_line' id='line_1_103' title="bbox 174 2719 963 2765; baseline -0.015 -8"><span class='ocrx_word' id='word_1_687' title='bbox 174 2729 220 2757; x_wconf 70' lang='grc' dir='ltr'>καὶ</span> <span class='ocrx_word' id='word_1_688' title='bbox 232 2728 413 2765; x_wconf 79' lang='grc' dir='ltr'>δρουγγάριον</span> <span class='ocrx_word' id='word_1_689' title='bbox 429 2728 477 2762; x_wconf 78' lang='grc' dir='ltr'>τῆς</span> <span class='ocrx_word' id='word_1_690' title='bbox 491 2726 598 2761; x_wconf 81' lang='grc' dir='ltr'>βίγλας·</span> <span class='ocrx_word' id='word_1_691' title='bbox 623 2723 751 2753; x_wconf 77' lang='grc' dir='ltr'>οὕστινας</span> <span class='ocrx_word' id='word_1_692' title='bbox 766 2722 841 2758; x_wconf 81' lang='grc' dir='ltr'>τρεῖς</span> <span class='ocrx_word' id='word_1_693' title='bbox 858 2720 916 2756; x_wconf 78' lang='grc' dir='ltr'>μετ’</span> <span class='ocrx_word' id='word_1_694' title='bbox 931 2719 963 2746; x_wconf 82' lang='grc' dir='ltr'>οὐ</span> 
     </span>
    </p>
   </div>
   <div class='ocr_carea' id='block_1_104' title="bbox 172 2767 964 2811">
    <p class='ocr_par' dir='ltr' id='par_1_104' title="bbox 172 2767 964 2811">
     <span class='ocr_line' id='line_1_104' title="bbox 172 2767 964 2811; baseline -0.015 -8"><span class='ocrx_word' id='word_1_695' title='bbox 172 2775 257 2803; x_wconf 77' lang='grc' dir='ltr'>πολὺν</span> <span class='ocrx_word' id='word_1_696' title='bbox 279 2774 375 2811; x_wconf 77' lang='grc' dir='ltr'>χρόνον</span> <span class='ocrx_word' id='word_1_697' title='bbox 396 2774 413 2809; x_wconf 80' lang='grc' dir='ltr'>ὴ</span> <span class='ocrx_word' id='word_1_698' title='bbox 430 2772 477 2799; x_wconf 77' lang='grc' dir='ltr'>τοῦ</span> <span class='ocrx_word' id='word_1_699' title='bbox 498 2770 567 2798; x_wconf 83' lang='grc' dir='ltr'>Θεοῦ</span> <span class='ocrx_word' id='word_1_700' title='bbox 583 2769 676 2797; x_wconf 78' lang='grc' dir='ltr'>δικαία</span> <span class='ocrx_word' id='word_1_701' title='bbox 692 2770 783 2804; x_wconf 82' lang='grc' dir='ltr'>κρίσις</span> <span class='ocrx_word' id='word_1_702' title='bbox 799 2767 838 2798; x_wconf 76' lang='grc' dir='ltr'>ὡς</span> <span class='ocrx_word' id='word_1_703' title='bbox 849 2767 890 2798; x_wconf 82' lang='grc' dir='ltr'><strong>εἰς</strong></span> <span class='ocrx_word' id='word_1_704' title='bbox 904 2773 964 2801; x_wconf 82' lang='grc' dir='ltr'>χρι-</span> 
     </span>
    </p>
   </div>
   <div class='ocr_carea' id='block_1_105' title="bbox 173 2812 962 2857">
    <p class='ocr_par' dir='ltr' id='par_1_105' title="bbox 173 2812 962 2857">
     <span class='ocr_line' id='line_1_105' title="bbox 173 2812 962 2857; baseline -0.015 -7"><span class='ocrx_word' id='word_1_705' title='bbox 173 2822 237 2849; x_wconf 67' lang='grc' dir='ltr'>στὸν</span> <span class='ocrx_word' id='word_1_706' title='bbox 248 2821 353 2857; x_wconf 78' lang='grc' dir='ltr'>Κυρίου</span> <span class='ocrx_word' id='word_1_707' title='bbox 381 2820 612 2856; x_wconf 80' lang='grc' dir='ltr'>παροινήσαντας,</span> <span class='ocrx_word' id='word_1_708' title='bbox 638 2816 686 2842; x_wconf 72' lang='grc' dir='ltr'><strong>καὶ</strong></span> <span class='ocrx_word' id='word_1_709' title='bbox 700 2816 795 2851; x_wconf 83' lang='grc' dir='ltr'>χεῖρας</span> <span class='ocrx_word' id='word_1_710' title='bbox 819 2812 962 2840; x_wconf 57' lang='lat' dir='ltr'><strong>£236an-</strong></span> 
     </span>
    </p>
   </div>
   <div class='ocr_carea' id='block_1_106' title="bbox 172 2858 964 2904">
    <p class='ocr_par' dir='ltr' id='par_1_106' title="bbox 172 2858 964 2904">
     <span class='ocr_line' id='line_1_106' title="bbox 172 2858 964 2904; baseline -0.015 -7"><span class='ocrx_word' id='word_1_711' title='bbox 172 2877 232 2900; x_wconf 78' lang='grc' dir='ltr'>τας,</span> <span class='ocrx_word' id='word_1_712' title='bbox 262 2870 313 2904; x_wconf 77' lang='grc' dir='ltr'>τῆς</span> <span class='ocrx_word' id='word_1_713' title='bbox 347 2865 486 2903; x_wconf 74' lang='grc' dir='ltr'>βασιλείας</span> <span class='ocrx_word' id='word_1_714' title='bbox 514 2863 695 2900; x_wconf 82' lang='grc' dir='ltr'>ὀρεγομένους</span> <span class='ocrx_word' id='word_1_715' title='bbox 726 2860 870 2896; x_wconf 73' lang='grc' dir='ltr'>μετῆλθεν.</span> <span class='ocrx_word' id='word_1_716' title='bbox 902 2858 964 2886; x_wconf 81' lang='grc' dir='ltr'>Ἐπὶ</span> 
     </span>
    </p>
   </div>
   <div class='ocr_carea' id='block_1_107' title="bbox 173 2904 964 2948">
    <p class='ocr_par' dir='ltr' id='par_1_107' title="bbox 173 2904 964 2948">
     <span class='ocr_line' id='line_1_107' title="bbox 173 2904 964 2948; baseline -0.015 -5"><span class='ocrx_word' id='word_1_717' title='bbox 173 2913 336 2943; x_wconf 77' lang='grc' dir='ltr'>καθοσιώσει</span> <span class='ocrx_word' id='word_1_718' title='bbox 366 2913 421 2948; x_wconf 74' lang='grc' dir='ltr'><strong>γὰρ</strong></span> <span class='ocrx_word' id='word_1_719' title='bbox 442 2910 681 2946; x_wconf 74' lang='grc' dir='ltr'>καταληφθέντες,</span> <span class='ocrx_word' id='word_1_720' title='bbox 712 2908 842 2943; x_wconf 73' lang='grc' dir='ltr'>ἑκάτερος</span> <span class='ocrx_word' id='word_1_721' title='bbox 873 2904 964 2932; x_wconf 73' lang='grc' dir='ltr'>αὐτῶν</span> 
     </span>
    </p>
   </div>
   <div class='ocr_carea' id='block_1_108' title="bbox 336 2957 686 2992">
    <p class='ocr_par' dir='ltr' id='par_1_108' title="bbox 336 2957 686 2992">
     <span class='ocr_line' id='line_1_108' title="bbox 336 2957 686 2992; baseline -0.017 0"><span class='ocrx_word' id='word_1_722' title='bbox 336 2963 471 2992; x_wconf 69' lang='grc' dir='ltr'>ΡΑτιιοι.</span> <span class='ocrx_word' id='word_1_723' title='bbox 495 2959 553 2988; x_wconf 80' lang='lat' dir='ltr'><strong>Gn.</strong></span> <span class='ocrx_word' id='word_1_724' title='bbox 576 2957 686 2989; x_wconf 75' lang='lat' dir='ltr'><strong>Ci&#39;lll.</strong></span> 
     </span>
    </p>
   </div>
   <div class='ocr_carea' id='block_1_109' title="bbox 1016 2295 1807 2330">
    <p class='ocr_par' dir='ltr' id='par_1_109' title="bbox 1016 2295 1807 2330">
     <span class='ocr_line' id='line_1_109' title="bbox 1016 2295 1807 2330; baseline -0.01 -1"><span class='ocrx_word' id='word_1_725' title='bbox 1016 2302 1095 2330; x_wconf 90' lang='lat' dir='ltr'><strong>lictus</strong></span> <span class='ocrx_word' id='word_1_726' title='bbox 1108 2305 1161 2328; x_wconf 85' lang='lat' dir='ltr'><strong>est.</strong></span> <span class='ocrx_word' id='word_1_727' title='bbox 1183 2299 1231 2326; x_wconf 83' lang='lat' dir='ltr'><strong>llic</strong></span> <span class='ocrx_word' id='word_1_728' title='bbox 1260 2298 1351 2326; x_wconf 85' lang='lat' dir='ltr'><strong>statim</strong></span> <span class='ocrx_word' id='word_1_729' title='bbox 1379 2297 1493 2324; x_wconf 78' lang='lat' dir='ltr'><strong>Dardani</strong></span> <span class='ocrx_word' id='word_1_730' title='bbox 1519 2296 1616 2323; x_wconf 71' lang='lat' dir='ltr'><strong>l‘hocae</strong></span> <span class='ocrx_word' id='word_1_731' title='bbox 1641 2295 1726 2322; x_wconf 85' lang='lat' dir='ltr'><strong>ﬁlium</strong></span> <span class='ocrx_word' id='word_1_732' title='bbox 1747 2303 1807 2322; x_wconf 82' lang='lat' dir='ltr'><strong>ma—</strong></span> 
     </span>
    </p>
   </div>
   <div class='ocr_carea' id='block_1_110' title="bbox 1015 2341 1805 2383">
    <p class='ocr_par' dir='ltr' id='par_1_110' title="bbox 1015 2341 1805 2383">
     <span class='ocr_line' id='line_1_110' title="bbox 1015 2341 1805 2383; baseline -0.011 -7"><span class='ocrx_word' id='word_1_733' title='bbox 1015 2348 1091 2383; x_wconf 76' lang='lat' dir='ltr'><strong>gistri</strong></span> <span class='ocrx_word' id='word_1_734' title='bbox 1114 2347 1243 2382; x_wconf 81' lang='lat' dir='ltr'><strong>dignitate</strong></span> <span class='ocrx_word' id='word_1_735' title='bbox 1266 2343 1384 2372; x_wconf 78' lang='lat' dir='ltr'><strong>ornavit.</strong></span> <span class='ocrx_word' id='word_1_736' title='bbox 1407 2342 1459 2375; x_wconf 84' lang='lat' dir='ltr'><strong>Qui</strong></span> <span class='ocrx_word' id='word_1_737' title='bbox 1485 2350 1548 2369; x_wconf 88' lang='lat' dir='ltr'><strong>cum</strong></span> <span class='ocrx_word' id='word_1_738' title='bbox 1575 2341 1663 2368; x_wconf 90' lang='lat' dir='ltr'><strong>multo</strong></span> <span class='ocrx_word' id='word_1_739' title='bbox 1684 2345 1805 2376; x_wconf 89' lang='lat' dir='ltr'><strong>tempore</strong></span> 
     </span>
    </p>
   </div>
   <div class='ocr_carea' id='block_1_111' title="bbox 1014 2386 1806 2424">
    <p class='ocr_par' dir='ltr' id='par_1_111' title="bbox 1014 2386 1806 2424">
     <span class='ocr_line' id='line_1_111' title="bbox 1014 2386 1806 2424; baseline -0.011 -2"><span class='ocrx_word' id='word_1_740' title='bbox 1014 2394 1119 2422; x_wconf 79' lang='lat' dir='ltr'><strong>bellica:</strong></span> <span class='ocrx_word' id='word_1_741' title='bbox 1143 2391 1253 2419; x_wconf 87' lang='lat' dir='ltr'><strong>virtutis</strong></span> <span class='ocrx_word' id='word_1_742' title='bbox 1278 2391 1304 2418; x_wconf 96' lang='lat' dir='ltr'><strong>in</strong></span> <span class='ocrx_word' id='word_1_743' title='bbox 1332 2388 1432 2424; x_wconf 72' lang='lat' dir='ltr'><strong>praeliis</strong></span> <span class='ocrx_word' id='word_1_744' title='bbox 1456 2388 1606 2422; x_wconf 83' lang='lat' dir='ltr'><strong>specimina</strong></span> <span class='ocrx_word' id='word_1_745' title='bbox 1632 2386 1806 2422; x_wconf 83' lang='lat' dir='ltr'><strong>frequentius</strong></span> 
     </span>
    </p>
   </div>
   <div class='ocr_carea' id='block_1_112' title="bbox 1014 2432 1806 2470">
    <p class='ocr_par' dir='ltr' id='par_1_112' title="bbox 1014 2432 1806 2470">
     <span class='ocr_line' id='line_1_112' title="bbox 1014 2432 1806 2470; baseline -0.009 -3"><span class='ocrx_word' id='word_1_746' title='bbox 1014 2439 1195 2470; x_wconf 74' lang='lat' dir='ltr'><strong>exhibuisset,</strong></span> <span class='ocrx_word' id='word_1_747' title='bbox 1213 2436 1370 2464; x_wconf 85' lang='lat' dir='ltr'><strong>scholarum</strong></span> <span class='ocrx_word' id='word_1_748' title='bbox 1387 2433 1557 2462; x_wconf 86' lang='lat' dir='ltr'><strong>domesticus</strong></span> <span class='ocrx_word' id='word_1_749' title='bbox 1583 2432 1726 2460; x_wconf 75' lang='lat' dir='ltr'><strong>institutus</strong></span> <span class='ocrx_word' id='word_1_750' title='bbox 1752 2436 1806 2460; x_wconf 86' lang='lat' dir='ltr'><strong>est.</strong></span> 
     </span>
    </p>
   </div>
   <div class='ocr_carea' id='block_1_113' title="bbox 1014 2478 1807 2518">
    <p class='ocr_par' dir='ltr' id='par_1_113' title="bbox 1014 2478 1807 2518">
     <span class='ocr_line' id='line_1_113' title="bbox 1014 2478 1807 2518; baseline -0.009 -5"><span class='ocrx_word' id='word_1_751' title='bbox 1014 2485 1131 2514; x_wconf 86' lang='lat' dir='ltr'><strong>Basilius</strong></span> <span class='ocrx_word' id='word_1_752' title='bbox 1152 2484 1245 2516; x_wconf 76' lang='lat' dir='ltr'><strong>etiam,</strong></span> <span class='ocrx_word' id='word_1_753' title='bbox 1271 2486 1453 2518; x_wconf 76' lang='lat' dir='ltr'><strong>cognomento</strong></span> <span class='ocrx_word' id='word_1_754' title='bbox 1470 2480 1598 2511; x_wconf 86' lang='lat' dir='ltr'><strong>Petinus,</strong></span> <span class='ocrx_word' id='word_1_755' title='bbox 1623 2478 1756 2514; x_wconf 84' lang='lat' dir='ltr'><strong>patricius</strong></span> <span class='ocrx_word' id='word_1_756' title='bbox 1779 2483 1807 2506; x_wconf 88' lang='lat' dir='ltr'><strong>et</strong></span> 
     </span>
    </p>
   </div>
   <div class='ocr_carea' id='block_1_114' title="bbox 1014 2523 1804 2566">
    <p class='ocr_par' dir='ltr' id='par_1_114' title="bbox 1014 2523 1804 2566">
     <span class='ocr_line' id='line_1_114' title="bbox 1014 2523 1804 2566; baseline -0.009 -8"><span class='ocrx_word' id='word_1_757' title='bbox 1014 2538 1130 2566; x_wconf 77' lang='lat' dir='ltr'><strong>magnus</strong></span> <span class='ocrx_word' id='word_1_758' title='bbox 1147 2527 1326 2556; x_wconf 63' lang='lat' dir='ltr'><strong>hctazriarcha</strong></span> <span class='ocrx_word' id='word_1_759' title='bbox 1341 2529 1487 2561; x_wconf 84' lang='lat' dir='ltr'><strong>provectus</strong></span> <span class='ocrx_word' id='word_1_760' title='bbox 1498 2529 1548 2551; x_wconf 88' lang='lat' dir='ltr'><strong>est.</strong></span> <span class='ocrx_word' id='word_1_761' title='bbox 1560 2524 1711 2559; x_wconf 85' lang='lat' dir='ltr'><strong>Imperator</strong></span> <span class='ocrx_word' id='word_1_762' title='bbox 1721 2523 1804 2551; x_wconf 85' lang='lat' dir='ltr'><strong>etiam</strong></span> 
     </span>
    </p>
   </div>
   <div class='ocr_carea' id='block_1_115' title="bbox 1016 2568 1806 2609">
    <p class='ocr_par' dir='ltr' id='par_1_115' title="bbox 1016 2568 1806 2609">
     <span class='ocr_line' id='line_1_115' title="bbox 1016 2568 1806 2609; baseline -0.011 -5"><span class='ocrx_word' id='word_1_763' title='bbox 1016 2576 1166 2608; x_wconf 79' lang='lat' dir='ltr'><strong>Marianum</strong></span> <span class='ocrx_word' id='word_1_764' title='bbox 1191 2574 1361 2609; x_wconf 72' lang='lat' dir='ltr'><strong>Argyrorum</strong></span> <span class='ocrx_word' id='word_1_765' title='bbox 1386 2571 1519 2607; x_wconf 75' lang='lat' dir='ltr'><strong>sanguine</strong></span> <span class='ocrx_word' id='word_1_766' title='bbox 1542 2573 1633 2597; x_wconf 88' lang='lat' dir='ltr'><strong>ortum</strong></span> <span class='ocrx_word' id='word_1_767' title='bbox 1654 2568 1806 2596; x_wconf 85' lang='lat' dir='ltr'><strong>monastico</strong></span> 
     </span>
    </p>
   </div>
   <div class='ocr_carea' id='block_1_116' title="bbox 1016 2614 1804 2653">
    <p class='ocr_par' dir='ltr' id='par_1_116' title="bbox 1016 2614 1804 2653">
     <span class='ocr_line' id='line_1_116' title="bbox 1016 2614 1804 2653; baseline -0.013 -2"><span class='ocrx_word' id='word_1_768' title='bbox 1016 2623 1109 2651; x_wconf 87' lang='lat' dir='ltr'><strong>habitu</strong></span> <span class='ocrx_word' id='word_1_769' title='bbox 1126 2625 1237 2649; x_wconf 80' lang='lat' dir='ltr'><strong>exutum</strong></span> <span class='ocrx_word' id='word_1_770' title='bbox 1259 2619 1362 2648; x_wconf 82' lang='lat' dir='ltr'><strong>creavit</strong></span> <span class='ocrx_word' id='word_1_771' title='bbox 1381 2617 1527 2653; x_wconf 82' lang='lat' dir='ltr'><strong>patricium</strong></span> <span class='ocrx_word' id='word_1_772' title='bbox 1550 2620 1577 2643; x_wconf 89' lang='lat' dir='ltr'><strong>et</strong></span> <span class='ocrx_word' id='word_1_773' title='bbox 1597 2614 1697 2643; x_wconf 86' lang='lat' dir='ltr'><strong>stabuli</strong></span> <span class='ocrx_word' id='word_1_774' title='bbox 1717 2614 1804 2642; x_wconf 91' lang='lat' dir='ltr'><strong>comi-</strong></span> 
     </span>
    </p>
   </div>
   <div class='ocr_carea' id='block_1_117' title="bbox 1015 2660 1806 2700">
    <p class='ocr_par' dir='ltr' id='par_1_117' title="bbox 1015 2660 1806 2700">
     <span class='ocr_line' id='line_1_117' title="bbox 1015 2660 1806 2700; baseline -0.011 -4"><span class='ocrx_word' id='word_1_775' title='bbox 1015 2675 1069 2697; x_wconf 89' lang='lat' dir='ltr'><strong>tem</strong></span> <span class='ocrx_word' id='word_1_776' title='bbox 1086 2677 1093 2696; x_wconf 87' lang='lat'><strong>:</strong></span> <span class='ocrx_word' id='word_1_777' title='bbox 1112 2667 1261 2695; x_wconf 79' lang='lat' dir='ltr'><strong>Manuelcm</strong></span> <span class='ocrx_word' id='word_1_778' title='bbox 1280 2666 1403 2700; x_wconf 86' lang='lat' dir='ltr'><strong>insuper,</strong></span> <span class='ocrx_word' id='word_1_779' title='bbox 1420 2664 1557 2691; x_wconf 87' lang='lat' dir='ltr'><strong>Curticem</strong></span> <span class='ocrx_word' id='word_1_780' title='bbox 1579 2662 1694 2693; x_wconf 85' lang='lat' dir='ltr'><strong>dictum,</strong></span> <span class='ocrx_word' id='word_1_781' title='bbox 1719 2660 1806 2696; x_wconf 87' lang='lat' dir='ltr'><strong>patri-</strong></span> 
     </span>
    </p>
   </div>
   <div class='ocr_carea' id='block_1_118' title="bbox 1015 2708 1805 2746">
    <p class='ocr_par' dir='ltr' id='par_1_118' title="bbox 1015 2708 1805 2746">
     <span class='ocr_line' id='line_1_118' title="bbox 1015 2708 1805 2746; baseline -0.013 -2"><span class='ocrx_word' id='word_1_782' title='bbox 1015 2717 1087 2745; x_wconf 88' lang='lat' dir='ltr'><strong>cium</strong></span> <span class='ocrx_word' id='word_1_783' title='bbox 1119 2720 1145 2742; x_wconf 85' lang='lat' dir='ltr'><strong>et</strong></span> <span class='ocrx_word' id='word_1_784' title='bbox 1165 2713 1343 2741; x_wconf 78' lang='lat' dir='ltr'><strong>cxcubiarum</strong></span> <span class='ocrx_word' id='word_1_785' title='bbox 1363 2710 1543 2746; x_wconf 75' lang='lat' dir='ltr'><strong>drungarium</strong></span> <span class='ocrx_word' id='word_1_786' title='bbox 1559 2708 1714 2744; x_wconf 82' lang='lat' dir='ltr'><strong>promovit:</strong></span> <span class='ocrx_word' id='word_1_787' title='bbox 1735 2715 1805 2743; x_wconf 89' lang='lat' dir='ltr'><strong>quos</strong></span> 
     </span>
    </p>
   </div>
   <div class='ocr_carea' id='block_1_119' title="bbox 1016 2754 1806 2798">
    <p class='ocr_par' dir='ltr' id='par_1_119' title="bbox 1016 2754 1806 2798">
     <span class='ocr_line' id='line_1_119' title="bbox 1016 2754 1806 2798; baseline -0.013 -8"><span class='ocrx_word' id='word_1_788' title='bbox 1016 2763 1126 2798; x_wconf 90' lang='lat' dir='ltr'><strong>quidem</strong></span> <span class='ocrx_word' id='word_1_789' title='bbox 1141 2765 1198 2788; x_wconf 87' lang='lat' dir='ltr'><strong>tres</strong></span> <span class='ocrx_word' id='word_1_790' title='bbox 1212 2760 1356 2794; x_wconf 89' lang='lat' dir='ltr'><strong>interiecto</strong></span> <span class='ocrx_word' id='word_1_791' title='bbox 1377 2758 1451 2785; x_wconf 80' lang='lat' dir='ltr'><strong>brevi</strong></span> <span class='ocrx_word' id='word_1_792' title='bbox 1468 2757 1557 2791; x_wconf 84' lang='lat' dir='ltr'><strong>spatio</strong></span> <span class='ocrx_word' id='word_1_793' title='bbox 1569 2756 1673 2791; x_wconf 87' lang='lat' dir='ltr'><strong>iustum</strong></span> <span class='ocrx_word' id='word_1_794' title='bbox 1695 2754 1743 2782; x_wconf 88' lang='lat' dir='ltr'><strong>Dei</strong></span> <span class='ocrx_word' id='word_1_795' title='bbox 1761 2754 1806 2789; x_wconf 87' lang='lat' dir='ltr'><strong>iu-</strong></span> 
     </span>
    </p>
   </div>
   <div class='ocr_carea' id='block_1_120' title="bbox 1015 2800 1807 2843">
    <p class='ocr_par' dir='ltr' id='par_1_120' title="bbox 1015 2800 1807 2843">
     <span class='ocr_line' id='line_1_120' title="bbox 1015 2800 1807 2843; baseline -0.011 -7"><span class='ocrx_word' id='word_1_796' title='bbox 1015 2809 1117 2837; x_wconf 80' lang='lat' dir='ltr'><strong>dicium</strong></span> <span class='ocrx_word' id='word_1_797' title='bbox 1134 2807 1231 2843; x_wconf 76' lang='lat' dir='ltr'><strong>(velut</strong></span> <span class='ocrx_word' id='word_1_798' title='bbox 1252 2812 1300 2833; x_wconf 80' lang='lat' dir='ltr'><strong>eos</strong></span> <span class='ocrx_word' id='word_1_799' title='bbox 1336 2803 1382 2840; x_wconf 84' lang='lat' dir='ltr'><strong>qui</strong></span> <span class='ocrx_word' id='word_1_800' title='bbox 1406 2803 1433 2831; x_wconf 93' lang='lat' dir='ltr'><strong>iu</strong></span> <span class='ocrx_word' id='word_1_801' title='bbox 1460 2807 1575 2830; x_wconf 88' lang='lat' dir='ltr'><strong>unctum</strong></span> <span class='ocrx_word' id='word_1_802' title='bbox 1606 2800 1714 2829; x_wconf 89' lang='lat' dir='ltr'><strong>Domini</strong></span> <span class='ocrx_word' id='word_1_803' title='bbox 1742 2807 1807 2835; x_wconf 80' lang='lat' dir='ltr'><strong>pet:-</strong></span> 
     </span>
    </p>
   </div>
   <div class='ocr_carea' id='block_1_121' title="bbox 1015 2846 1806 2886">
    <p class='ocr_par' dir='ltr' id='par_1_121' title="bbox 1015 2846 1806 2886">
     <span class='ocr_line' id='line_1_121' title="bbox 1015 2846 1806 2886; baseline -0.011 -4"><span class='ocrx_word' id='word_1_804' title='bbox 1015 2858 1135 2886; x_wconf 83' lang='lat' dir='ltr'><strong>cassent,</strong></span> <span class='ocrx_word' id='word_1_805' title='bbox 1166 2856 1193 2880; x_wconf 89' lang='lat' dir='ltr'><strong>ct</strong></span> <span class='ocrx_word' id='word_1_806' title='bbox 1221 2853 1248 2879; x_wconf 92' lang='lat' dir='ltr'><strong>in</strong></span> <span class='ocrx_word' id='word_1_807' title='bbox 1277 2859 1340 2879; x_wconf 89' lang='lat' dir='ltr'><strong>eum</strong></span> <span class='ocrx_word' id='word_1_808' title='bbox 1360 2858 1457 2878; x_wconf 89' lang='lat' dir='ltr'><strong>manus</strong></span> <span class='ocrx_word' id='word_1_809' title='bbox 1484 2848 1643 2884; x_wconf 81' lang='lat' dir='ltr'><strong>iniecissent</strong></span> <span class='ocrx_word' id='word_1_810' title='bbox 1661 2846 1806 2877; x_wconf 79' lang='lat' dir='ltr'><strong>violentas)</strong></span> 
     </span>
    </p>
   </div>
   <div class='ocr_carea' id='block_1_122' title="bbox 1016 2892 1806 2936">
    <p class='ocr_par' dir='ltr' id='par_1_122' title="bbox 1016 2892 1806 2936">
     <span class='ocr_line' id='line_1_122' title="bbox 1016 2892 1806 2936; baseline -0.011 -8"><span class='ocrx_word' id='word_1_811' title='bbox 1016 2900 1123 2936; x_wconf 85' lang='lat' dir='ltr'><strong>imperii</strong></span> <span class='ocrx_word' id='word_1_812' title='bbox 1139 2898 1288 2934; x_wconf 83' lang='lat' dir='ltr'><strong>cupiditate</strong></span> <span class='ocrx_word' id='word_1_813' title='bbox 1302 2900 1391 2925; x_wconf 83' lang='lat' dir='ltr'><strong>motos</strong></span> <span class='ocrx_word' id='word_1_814' title='bbox 1406 2895 1529 2924; x_wconf 80' lang='lat' dir='ltr'><strong>incessit.</strong></span> <span class='ocrx_word' id='word_1_815' title='bbox 1544 2893 1694 2928; x_wconf 73' lang='lat' dir='ltr'><strong>Maiestatis</strong></span> <span class='ocrx_word' id='word_1_816' title='bbox 1705 2892 1806 2928; x_wconf 85' lang='lat' dir='ltr'><strong>quippe</strong></span> 
     </span>
    </p>
   </div>
  </div>
