2035 3153
185 211 1818 229 WM

400 302 930 381 GODEFRIDI
984 302 1604 399 HENSCHENII,

647 446 868 469 HAGIOGRAI’HI
887 445 1150 474 ANTWERPIENSIS,
1167 446 1185 468 E
1198 445 1262 468 50C.
1279 445 1362 474 JESU,

309 528 399 586 DE
452 527 1067 588 CHRONOGBAPHIA
1126 529 1185 586 S.
1245 528 1702 588 THEOPHANIS

817 647 1231 693 DISSERTATIO.

697 746 766 774 (Acta
779 747 915 769 sanctorum
928 742 1040 769 Bollimd.
1056 742 1145 771 Martii,
1156 746 1175 770 ι.
1190 742 1234 773 ill,
1246 750 1269 774 p.
1285 746 1318 775 ν.)

509 939 625 970 CAPUT
643 941 665 970 l.

195 999 377 1036 Repudiantur
391 998 488 1026 tabula:
500 999 649 1036 chronicw,
667 998 763 1036 saltent
783 998 870 1033 quoad
900 1005 984 1025 annos

323 1039 348 1063 et
361 1035 455 1062 seriem
477 1035 591 1070 quinque
614 1034 857 1070 patriarchatuum.

195 1126 265 1152 Ante
290 1124 382 1152 omnia
409 1122 528 1152 dicimus
556 1123 675 1151 dubitari
706 1131 762 1151 non
793 1130 893 1158 posse,
918 1123 985 1158 quin

195 1171 230 1202 is,
253 1170 301 1206 qui
318 1170 344 1198 in
367 1169 459 1205 operis
481 1169 524 1198 sui
548 1168 660 1197 exordio
683 1169 767 1196 alium
792 1169 903 1196 titulum
931 1176 985 1196 null

196 1215 326 1250 sumpsit,
337 1221 419 1249 quam
429 1213 584 1249 Θεοφάνους
598 1212 647 1240 τσῦ
665 1212 827 1249 ἁμαρτωλοῦ
836 1213 877 1248 (ιιι
887 1213 987 1241 fatetur

196 1261 324 1297 egregius
349 1261 503 1289 illustrator
529 1260 590 1296 ejus
610 1264 693 1295 atque
720 1259 987 1296 interprchacobus

198 1306 273 1335 Goar
285 1307 345 1335 ord.
361 1307 578 1335 Przedicatorum
600 1306 826 1342 congregationis
834 1306 988 1334 reformatae

198 1353 287 1382 sancti
297 1352 427 1380 Ludovici
443 1353 563 1380 vicarius
579 1353 716 1388 generalis
733 1352 761 1379 iu
774 1353 833 1380 suis
849 1353 882 1379 ad
900 1353 985 1388 pag.l

198 1399 305 1434 notis),
317 1399 388 1426 idem
413 1403 490 1426 certo
508 1398 544 1426 sit
559 1405 641 1434 quem
659 1397 818 1433 MaguLagri
843 1397 869 1424 in
887 1396 989 1433 Sigria—

200 1452 235 1473 na
257 1445 440 1480 hegumenum
466 1444 662 1479 egregiumque
686 1443 738 1471 sub
753 1443 844 1471 Leone
870 1443 989 1473 Armcuo

199 1491 387 1520 confessorem
405 1491 504 1518 festive
519 1490 671 1525 quotannis
684 1490 781 1518 colunt
794 1490 882 1518 Graeci
897 1490 942 1517 die
956 1490 989 1521 12

199 1537 301 1565 Martii.
317 1537 405 1573 Hujus
421 1538 494 1564 enim
508 1537 634 1565 veritatis
651 1537 785 1565 habemus
800 1541 897 1565 testem
913 1536 989 1565 omni

200 1584 364 1620 exceptione
391 1584 535 1618 majorem,
556 1584 645 1619 ipsum
660 1583 837 1619 Theophanis
853 1583 990 1619 antiquis-

200 1631 300 1659 simum
315 1631 494 1665 interpretem
518 1638 550 1657 ac
568 1637 636 1665 pene
654 1636 787 1662 coaevum,
815 1630 989 1658 Anastasium

201 1675 455 1706 Bibliothecarlum,
483 1675 682 1710 interpretem,
712 1675 823 1710 inquam
842 1685 848 1702 ε
865 1675 928 1710 quia
956 1683 990 1703 ex

200 1722 426 1759 Chronographia
445 1723 562 1758 primum
585 1721 706 1758 Georgii,
732 1721 831 1750 deinde
845 1721 992 1757 Theopha-

202 1770 246 1797 nis
267 1769 460 1803 deccrpturum
478 1776 508 1796 se
525 1768 680 1804 profitetur,
705 1772 733 1795 et
750 1776 815 1795 vero
830 1768 991 1803 plerumque

203 1815 342 1850 decerpsit
362 1815 447 1843 verbo
465 1818 557 1848 tenus,
573 1814 706 1850 quidquid
724 1814 758 1842 ad
776 1814 920 1842 historiam
945 1822 991 1842 ec-

203 1861 386 1890 clesiasticam
411 1860 508 1888 Latine
526 1861 699 1888 condendam
721 1860 842 1889 Joannes
856 1860 992 1888 diaconus

203 1906 346 1935 videbatur
364 1913 445 1941 posse
465 1905 624 1934 desiderare
638 1913 672 1934 ex
695 1904 798 1934 Graecis
819 1906 990 1939 auctoribus,

203 1961 274 1988 quos
296 1953 509 1982 nominavimus.
534 1952 683 1988 Postquam
698 1957 788 1979 autem
807 1951 917 1988 Georgii
933 1952 977 1978 lau

203 1999 253 2027 des
268 1999 398 2027 brevibus
424 1999 525 2034 attigit,
558 2007 567 2024 ι
584 1998 623 2026 De
647 1998 744 2029 altero,
765 1998 864 2033 inquit,
889 1998 994 2025 scilicet

205 2045 382 2081 Theophane,
406 2045 471 2080 quid
495 2045 605 2072 dicam?
632 2049 737 2072 cumet
756 2045 818 2079 ejus
836 2045 993 2080 conscripta

206 2092 271 2124 vita,
289 2091 409 2127 qualiter
423 2091 552 2119 videlicet
567 2090 668 2125 amplis
685 2091 858 2125 patrimoniis
875 2090 994 2119 venditis

204 2145 315 2166 crucem
330 2146 408 2167 suam
425 2137 536 2171 tulerit;
553 2137 705 2173 qualiterve
719 2141 831 2165 secutus
842 2136 993 2169 Christum,

207 2185 314 2213 abbatis
328 2185 356 2212 in
367 2185 536 2212 monasterio
551 2184 616 2220 Agri
633 2184 745 2212 functus
767 2184 865 2216 cilicio,
881 2183 995 2211 virtuti-

206 2232 259 2262 bus
285 2232 406 2264 fulserit,
432 2232 573 2260 miraculis
591 2231 790 2265 coruscaverit,
806 2235 833 2259 et
849 2231 994 2259 confessor

998 944 1023 971 Α
1044 939 1100 967 suit
1115 948 1122 966 :
1140 939 1294 975 priscorum
1311 941 1424 976 insuper
1443 949 1538 978 regum
1553 950 1586 970 ac
1602 943 1742 973 nationum
1766 946 1826 974 uni-

1035 995 1179 1016 versarum
1196 992 1270 1017 statu
1286 993 1313 1017 et
1327 990 1460 1025 regimine
1472 995 1616 1024 annotato,
1635 993 1823 1029 singulorum-

1037 1041 1090 1069 que
1106 1040 1240 1071 quantum
1257 1036 1321 1063 licet
1341 1036 1494 1064 observatis
1518 1038 1658 1070 tetatibus.
1684 1048 1826 1075 supremae

1036 1087 1097 1107 rum
1109 1085 1136 1108 et
1149 1081 1346 1109 universalium
1366 1081 1485 1115 sedium,
1502 1081 1595 1110 Romae
1612 1082 1687 1116 dico,
1706 1085 1826 1114 Alexan-

1037 1126 1125 1160 driae,
1154 1127 1307 1155 Antiochia
1338 1131 1365 1155 et
1394 1127 1649 1164 Hierosolymorum
1682 1132 1827 1167 pontiﬁces

1036 1174 1220 1206 enumeravit,
1249 1181 1402 1209 eorumque
1428 1183 1515 1204 annos
1532 1183 1564 1203 ac
1577 1180 1701 1211 tempora
1717 1179 1828 1214 egregio

1037 1219 1153 1255 digessit
1178 1220 1285 1248 ordine.
1314 1219 1366 1249 Sed
1390 1223 1519 1256 quoniam
1539 1224 1721 1258 pragveniente
1737 1225 1827 1260 ipsum

1039 1269 1136 1296 morte,
1155 1271 1238 1300 opus,
1265 1266 1339 1299 quod
1355 1266 1389 1293 ad
1406 1265 1568 1295 Diocletiani
1593 1276 1679 1304 usque
1706 1273 1829 1304 tempora

1039 1309 1200 1342 scribendo,
1219 1313 1249 1336 ut
1264 1317 1360 1338 sumus
1375 1311 1491 1346 prafati,
1511 1312 1694 1347 perduxerat;
1711 1322 1764 1342 non
1780 1323 1829 1350 po-

1039 1357 1111 1381 terat
1138 1354 1172 1381 ad
1195 1355 1368 1390 propositum
1392 1356 1445 1384 sihl
1472 1355 1552 1384 linem
1575 1359 1723 1394 prosequi;
1749 1361 1829 1388 nobis

1039 1400 1113 1428 velut
1128 1400 1328 1430 sincerioribus
1340 1402 1437 1430 amicis
1459 1403 1527 1430 illud
1543 1404 1664 1439 reliquit,
1685 1405 1768 1433 multa
1780 1414 1830 1434 cx-

1040 1450 1169 1474 cusantes
1192 1446 1319 1482 pluribus
1346 1446 1490 1482 bortatus,
1523 1453 1552 1476 ut
1581 1457 1614 1477 ne
1638 1450 1829 1485 imperfectum

1041 1491 1259 1526 relinqueremus
1276 1491 1399 1520 laborem
1429 1500 1521 1526 suum,
1550 1498 1634 1529 atque
1649 1495 1682 1522 ad
1701 1495 1829 1524 eumdem

1042 1536 1248 1573 suscipiendum
1264 1538 1364 1574 coegit.
1379 1537 1517 1572 Quocirca
1532 1540 1644 1568 monitis
1653 1540 1714 1576 ejus
1728 1550 1830 1570 morem

1042 1590 1136 1618 gerere
1159 1584 1305 1620 compulsi,
1329 1585 1429 1613 molem
1444 1585 1542 1614 robore
1558 1592 1653 1615 nostro
1670 1588 1748 1624 longe
1770 1597 1831 1625 gra-

1042 1630 1147 1658 viorem
1164 1631 1343 1666 suscipimus.
1369 1632 1464 1659 Multis
1491 1633 1626 1667 siquidem
1646 1634 1832 1664 voluminibus

1043 1676 1201 1711 diligentius
1220 1677 1366 1712 exquisitis
1381 1681 1408 1704 et
1428 1682 1561 1713 quantum
1577 1677 1692 1707 facultas
1707 1682 1735 1707 et
1755 1680 1833 1716 inge-

1043 1722 1120 1749 nium
1134 1722 1209 1749 dedit
1218 1722 1393 1754 examinatis,
1405 1728 1566 1758 praesentem
1582 1724 1831 1760 cbronographiam

1044 1776 1058 1795 a
1076 1768 1237 1797 Diocletiani
1249 1769 1420 1803 temporibus
1435 1769 1467 1796 ad
1487 1769 1628 1797 Michaelis
1643 1775 1670 1797 et
1684 1770 1831 1808 Theopby-

1043 1814 1106 1842 lacti
1117 1815 1177 1849 ejus
1190 1814 1237 1842 lilii
1254 1815 1398 1850 imperium
1413 1815 1610 1851 eampilamus;
1626 1824 1705 1851 reges
1717 1816 1832 1852 insuper

1043 1863 1070 1886 et
1088 1859 1271 1894 patriarchas,
1287 1867 1394 1887 necnon
1417 1867 1514 1888 eorum
1532 1864 1607 1896 gesta
1619 1865 1648 1888 et
1659 1866 1763 1895 aetates,
1778 1870 1833 1898 qua

1045 1912 1094 1941 par
1115 1909 1158 1933 est
1178 1905 1334 1938 sedulitate,
1359 1905 1553 1938 describimus.
1581 1906 1649 1934 nihil
1673 1914 1707 1934 ex
1722 1909 1834 1943 proprio

1045 1952 1241 1985 aduectentes;
1270 1951 1318 1980 sed
1335 1952 1429 1988 potius
1445 1959 1478 1980 ex
1505 1951 1627 1988 antiquis
1643 1952 1784 1982 historicis
1807 1957 1835 1981 et

1045 1998 1202 2026 oratoribus
1217 1998 1389 2032 colligentes
1421 1998 1532 2032 omnia,
1567 1998 1689 2034 propriis
1718 2007 1835 2036 quaeque

1043 2044 1113 2072 locis
1138 2044 1312 2079 digessimus,
1338 2044 1488 2072 secundum
1515 2048 1669 2080 temporum
1696 2046 1833 2074 rationem

1045 2098 1090 2118 res
1108 2094 1199 2126 gestas
1222 2090 1393 2124 ordinantes,
1412 2096 1441 2118 ut
1459 2094 1544 2126 quoto
1562 2098 1634 2119 anno
1649 2091 1715 2126 quid
1730 2091 1833 2120 factum

1045 2137 1081 2165 sit
1099 2137 1126 2164 in
1144 2136 1215 2165 bello
1225 2136 1265 2165 vel
1279 2135 1401 2165 Ecclesia
1412 2157 1419 2170 ,
1430 2136 1456 2164 in
1474 2143 1599 2173 promptu
1616 2137 1733 2169 habeant
1746 2138 1836 2177 legere

1046 2183 1183 2211 volentes.
1203 2193 1212 2209 ι

1082 2229 1109 2257 ι.
1131 2229 1195 2257 Haec
1208 2230 1257 2262 ibi,
1270 2230 1411 2265 inquibus
1429 2229 1549 2257 aoristos
1565 2229 1798 2265 συνεγραψάμεθα
1811 2234 1838 2257 et

206 2279 318 2311 abierit,
340 2279 410 2307 satis
433 2287 572 2314 superque
596 2287 645 2315 per
661 2278 825 2314 Byzantium
847 2283 874 2306 et
889 2278 993 2307 circum
1008 2287 1029 2316 ρ
1047 2276 1214 2311 τετάχαμεν,
1232 2275 1381 2303 maluimus
1397 2283 1446 2310 per
1462 2274 1574 2304 verbum
1592 2277 1735 2309 praesentis
1754 2285 1836 2313 quam

207 2332 330 2360 quasque
351 2325 488 2361 regiones,
513 2325 557 2353 his
580 2326 627 2361 qui
644 2332 730 2361 prope
750 2329 777 2354 et
793 2326 837 2353 his
852 2326 899 2361 qui
914 2325 994 2361 longe

207 2376 282 2405 sunt,
298 2371 405 2400 clamet.
421 2382 430 2398 ι

244 2420 303 2447 2-5.
311 2419 372 2453 Quo
384 2426 466 2455 porro
477 2419 503 2446 in
516 2422 590 2447 statu
604 2417 763 2446 inchoatum
773 2417 912 2452 aGeorgio
925 2424 995 2452 opus

208 2466 390 2502 Theophanes
404 2465 551 2495 invenerit.
568 2471 623 2500 qua
640 2463 748 2491 ratione
763 2466 927 2498 prosecutus
938 2463 996 2498 ipse

209 2513 255 2546 sit,
276 2513 354 2549 juvat
367 2520 402 2540 ex
422 2512 483 2548 ipso
505 2511 640 2546 prommio
659 2517 837 2545 cognoscere,
862 2508 936 2544 quod
955 2514 997 2537 est

210 2560 391 2596 huiusmodi:
426 2569 434 2585 ι
455 2557 631 2586 Sanctissimi
651 2556 929 2591 Constantinopoleos
949 2563 996 2591 p.1-

211 2607 338 2635 triarchaa
351 2606 457 2635 Tarasii
471 2606 537 2634 olim
563 2603 716 2641 Syncellus,
738 2603 871 2638 Georgius
900 2601 996 2634 abbas,

210 2654 253 2682 vir
279 2653 397 2682 eximius
422 2657 451 2680 et
477 2651 692 2683 eruditissimus,
720 2649 815 2677 multis
827 2649 997 2684 chronogra-

210 2701 328 2737 phorum
349 2704 377 2728 et
405 2699 601 2727 historicorum
624 2697 702 2726 libris
718 2696 847 2728 evolutis,
866 2702 997 2730 compen.

210 2746 326 2774 diariam
341 2746 375 2774 ab
385 2745 490 2773 Adamo
508 2743 541 2772 ad
557 2743 717 2772 Diocletiani
738 2747 860 2778 tempora
879 2742 999 2770 chrono-

211 2792 312 2828 logiam
339 2791 467 2827 scripsit,
484 2790 674 2826 discussisque
700 2789 824 2818 studiose
844 2792 997 2823 temporum

211 2838 365 2866 rationibus
383 2838 417 2866 ad
444 2837 562 2865 invicem
578 2837 761 2872 comparavit,
782 2834 950 2867 emendavit,
965 2841 998 2862 ac

212 2883 404 2918 solertissime,
425 2887 456 2912 ut
475 2887 538 2911 ante
557 2882 617 2917 ejus
631 2886 737 2909 relatam
753 2882 855 2913 nullus,
884 2887 997 2914 compo-

1049 2322 1179 2356 prteteriti
1194 2321 1326 2356 temporis
1342 2321 1498 2356 explicare:
1515 2321 1580 2357 quia
1591 2321 1756 2356 prommium
1769 2322 1836 2349 illud

1049 2368 1126 2403 operi
1152 2375 1207 2394 non
1234 2366 1308 2393 facto
1335 2366 1383 2394 sed
1410 2365 1535 2393 faciendo
1557 2366 1685 2400 praemitti
1710 2374 1725 2394 a
1748 2366 1839 2395 Theo-

1028 2444 1031 2448 Ι
1049 2414 1148 2450 phane,
1164 2413 1198 2441 iis
1213 2411 1410 2447 persuademur
1420 2411 1601 2447 argumentis,
1613 2412 1713 2447 quibus
1725 2413 1839 2440 credere

1050 2459 1175 2494 cogimur
1201 2466 1256 2486 non
1285 2457 1377 2484 omnia
1409 2465 1470 2493 qua!
1502 2463 1723 2492 praconceperat
1747 2458 1839 2487 animo

1052 2505 1138 2533 fuisse
1153 2505 1187 2532 ab
1203 2512 1236 2533 eo
1249 2503 1358 2533 eﬂ'eetui
1375 2504 1530 2540 mancipata
1543 2512 1551 2531 :
1570 2511 1687 2539 quorum
1702 2503 1838 2532 defectum

1051 2560 1113 2581 cum
1132 2552 1236 2580 scioius
1258 2551 1358 2586 aliquis
1373 2550 1598 2587 praesumpsisset
1615 2550 1753 2585 supplere,
1770 2558 1840 2586 pne-

1049 2597 1209 2627 elarissimo
1229 2596 1335 2625 auctori
1352 2596 1425 2624 haud
1447 2594 1620 2623 mediocriter
1644 2594 1764 2630 injurius
1776 2594 1838 2623 fuit.

1051 2642 1158 2672 Etenim
1182 2642 1403 2678 chronographia
1429 2641 1618 2676 Theophanis,
1634 2640 1745 2677 qualem
1766 2649 1840 2670 nunc

1052 2690 1195 2723 habemus,
1205 2697 1237 2718 ex
1252 2688 1399 2717 collatione
1412 2689 1534 2724 quinque
1545 2687 1670 2715 codicum
1681 2694 1750 2715 mss.
1763 2685 1840 2723 Regii

1051 2737 1170 2770 scilicet,
1192 2735 1363 2772 l‘cyreaiani,
1386 2734 1540 2769 Barberini,
1557 2734 1683 2762 Vaticani
1709 2737 1737 2761 et
1761 2732 1840 2761 Pala-

1052 2784 1115 2816 tini,
1133 2783 1240 2811 duabus
1252 2787 1360 2810 constat
1377 2781 1502 2818 partibus
1519 2790 1526 2809 :
1541 2786 1658 2817 quarum
1675 2787 1736 2816 qu:
1751 2779 1842 2816 potior

1053 2835 1096 2859 est
1108 2835 1136 2858 et
1153 2837 1217 2858 vere
1233 2836 1317 2857 aurea
1333 2829 1464 2865 omnique
1489 2828 1650 2864 acceptione
1667 2827 1840 2864 dignissima,

1055 2877 1200 2907 historiam
1215 2875 1324 2905 exhibet
1339 2883 1388 2912 per
1411 2882 1498 2904 annos
1517 2875 1652 2910 digestam
1670 2883 1677 2902 :
1698 2874 1782 2901 altera
1797 2872 1842 2899 vis
