2035 3153
250 142 317 175 1167

711 147 757 176 DE
769 148 800 177 S.
822 147 1069 178 THEOPIIANIS
1086 147 1413 179 CHRONOGRAPHIA

1797 151 1858 186 1163

248 201 374 237 plumbea
389 199 442 228 diei
458 201 782 238 ttterctur,consistitque
798 203 825 229 in
842 203 941 230 tabulis
954 202 1036 229 chro-
1050 209 1077 239 Α
1090 203 1225 236 tttinatim,
1257 211 1312 231 non
1342 204 1443 240 cogitet
1469 204 1552 231 alium
1575 204 1654 233 hunc
1679 213 1736 235 esse
1755 207 1786 235 ab
1809 208 1857 242 illo,

246 247 382 282 nologicis
400 247 533 283 (Canonia
550 251 631 275 vocat
645 247 729 283 Goar)
745 248 847 284 quibus
863 256 910 283 per
930 248 1035 276 loculos

246 294 352 327 divisis,
370 296 487 329 primunt
509 302 598 321 annus
617 295 721 328 tttundi,
741 300 797 322 tum
819 295 921 323 Christi
945 296 1035 322 incar-

246 342 314 373 nati,
333 340 396 368 deitt
413 341 586 376 imperatoris
602 342 719 374 romani,
744 342 868 376 proxime
882 342 953 377 regis
970 341 1036 369 Per-

245 382 340 413 §arunt
363 391 409 414 aut
425 386 504 413 ducis
525 387 658 420 Arabum,
683 395 776 415 rerum
807 392 869 423 post
890 388 987 416 Persas
1006 388 1033 415 in

246 433 391 461 Palaestina
408 434 582 469 potientium.
600 434 718 469 denique
736 442 768 461 cx
789 435 886 462 ordine
913 435 1034 470 quinque

246 480 437 516 episcoporum
454 481 655 516 pracipuorum
672 488 719 507 seu
737 481 968 515 patriarcharum,
982 480 1034 507 lto-

245 524 644 560 matti,Constantinopolitani,
655 523 905 560 llierosolymitaui,
915 525 1035 551 Alexan-

244 571 318 599 dritti
345 576 372 599 et
397 570 561 598 Antiocltcni
590 570 658 598 ordo
692 575 720 598 et
747 570 812 597 attni
843 570 1031 599 continentur.

244 619 364 647 Tabulas
381 622 472 645 autent
497 618 564 645 istas
580 624 677 652 magna
702 625 764 644 cum
788 616 950 644 diversitate
978 624 1032 644 non

243 668 350 691 tantuut
379 663 504 699 praeﬁxas
528 663 608 690 annis
624 670 679 690 non
698 663 768 695 suis,
786 663 833 691 sed
849 664 931 690 etiam
955 671 1033 690 mett-

243 710 389 738 dosissiute
413 709 586 744 conscriptas
611 716 684 741 esse,
708 713 735 736 et
752 709 878 744 plurimis
899 710 977 736 ltiare
991 709 1032 736 lo—

243 757 325 788 culis,
347 763 380 783 ac
395 756 563 791 portentosis
583 763 697 791 prorsus
713 762 861 787 annorum,
879 755 1030 791 praesertim

242 802 479 839 patriareltalium,
493 801 737 838 supputatiouibus
753 806 870 835 scatere,
882 809 943 829 cuin
955 801 1030 837 ipse-

243 853 298 877 met
315 848 388 876 Goar
412 852 544 883 agnoscat
575 847 766 883 fateaturqtte;
794 849 894 875 mirttnt
918 852 959 876 est
982 852 1030 875 aut

242 893 340 927 ipsum.
362 895 409 919 aut
434 892 480 926 qui
496 891 617 919 defttttcti
639 891 737 919 Goaris
757 892 876 920 laborem
893 893 987 920 eduxit
1001 894 1028 919 itt

241 939 330 966 lucem
345 937 552 971 Combellsium,
570 937 696 973 potuisse
719 938 772 966 sibi
797 939 975 974 persuadere,
996 939 1030 966 ab

241 990 353 1012 auctore
379 983 546 1019 Theophane
569 990 640 1012 esse.
673 993 682 1010 ι
697 983 749 1017 Qui
768 984 906 1012 variorum
931 989 1027 1012 aucto-

240 1036 301 1057 rum
333 1028 485 1056 sententias
513 1032 540 1055 et
567 1035 698 1056 numeros
726 1032 839 1056 secutus
864 1029 900 1056 sit
925 1030 1029 1063 varios,

239 1083 364 1112 opusque
391 1076 530 1111 propriuut
557 1080 670 1111 urgente
685 1077 890 1111 persecutionis
910 1077 1031 1105 necessi-

240 1127 296 1150 tate
310 1130 364 1149 non
383 1122 563 1155 recensucrit,
585 1122 754 1158 proindeque
773 1122 883 1158 exigere
896 1130 910 1151 a
927 1123 1029 1151 lectore

240 1178 291 1198 suo
305 1171 402 1206 possit,
426 1175 454 1196 ιιι
476 1170 521 1203 qtti
540 1170 735 1197 dormitantem
751 1171 899 1198 Homerum
914 1170 1027 1205 patitur,

240 1217 435 1252 Theophanem
459 1224 570 1252 quoque
588 1217 695 1251 lapsunt
721 1216 808 1252 erigat
830 1217 1027 1252 corrigatque:

238 1272 301 1292 cum
319 1265 448 1291 nimirum
463 1264 640 1291 succedentes
657 1269 683 1291 et
701 1262 735 1289 ad
751 1263 867 1290 invicem
885 1263 1028 1290 cohaeren-

239 1316 280 1339 tes
307 1318 438 1338 nuuteros
465 1310 492 1337 itt
519 1310 661 1345 sequiores
680 1309 838 1343 transponit
855 1316 955 1341 annos,
979 1316 1028 1336 seu

237 1357 320 1385 etiam
336 1356 500 1391 corijunctos
516 1363 604 1383 annos
622 1356 649 1382 in
667 1355 890 1382 dissitacanonia
902 1352 1034 1382 desulto4

237 1402 279 1430 rie
305 1401 458 1429 transfert:
492 1404 540 1427 aut
569 1400 657 1428 eident
685 1399 746 1426 .viro
776 1407 849 1427 nunc
869 1399 1027 1434 pauciores,

238 1448 409 1483 moxplures
424 1447 541 1475 diversis
561 1446 685 1473 canouiis
702 1445 825 1481 assignat
841 1452 929 1472 annos
946 1453 954 1472 :
984 1444 1028 1472 vel

237 1501 300 1522 cum
313 1493 434 1529 ejusdem
455 1493 507 1520 viri
535 1492 681 1528 pauciores
700 1492 765 1519 anni
791 1491 868 1526 plura
891 1494 1028 1526 occupant

237 1539 353 1567 canonia
366 1547 373 1565 :
398 1543 444 1565 aut
458 1545 520 1565 cum
537 1545 644 1564 summa
658 1537 787 1572 quapiam
803 1537 893 1565 relatis
907 1537 1026 1572 aequales

237 1585 342 1612 loculos
359 1585 416 1611 sive.
431 1583 548 1610 canouia
562 1583 725 1618 quibusdam
741 1583 852 1610 omissis
869 1589 924 1609 non
945 1589 1023 1610 acce-

235 1632 276 1667 pit
291 1639 299 1658 :
325 1631 367 1658 vel
382 1630 499 1665 dettiqtte
517 1637 579 1656 cum
594 1636 711 1656 nuntero
727 1628 850 1664 ejusdem
867 1629 933 1656 anui
948 1636 1026 1664 repe-

236 1678 287 1707 tito
305 1677 433 1707 confusio
447 1676 564 1704 infertur
583 1683 638 1703 non
656 1675 812 1713 mediocris.
834 1684 844 1702 ι

271 1724 299 1752 5.
320 1723 420 1752 Verum
447 1723 470 1750 si
489 1722 547 1750 haec
566 1727 620 1750 tant
638 1722 735 1755 multa,
756 1725 811 1749 tam
831 1722 924 1757 gravia
948 1721 1025 1749 volu-

235 1778 297 1798 tuus
315 1768 477 1804 Theophani
491 1769 637 1804 imputare,
663 1767 812 1796 verendum
825 1772 878 1801 est,
897 1775 931 1795 ne
945 1767 1025 1803 plura

235 1824 267 1844 ac
281 1817 407 1854 graviora
430 1818 576 1843 occurrant
587 1822 669 1850 qttaut
682 1813 783 1850 quibus
798 1815 921 1848 lectoris,
936 1821 1023 1850 quan-

235 1864 335 1892 tumvis
354 1862 483 1898 benigni,
502 1862 601 1890 leuilas
616 1862 704 1897 possit
724 1862 876 1897 ignoscere.
905 1861 973 1889 Nam
996 1867 1024 1889 ut

234 1910 359 1937 omittam
377 1916 439 1944 quae
462 1909 536 1936 circa
557 1907 646 1935 sancti
660 1907 757 1943 Cyrilli
780 1907 1023 1943 llierosolymitaui

234 1955 466 1990 decessorumque
482 1954 542 1990 ejus
562 1961 594 1981 ac
624 1961 817 1982 successorum
839 1954 1023 1981 cltronotaxin

234 2001 386 2029 foedissime
405 2005 496 2028 errata
522 2000 786 2032 demonstravimus,
819 2009 829 2027 ‹
846 2000 1024 2028 Emendatio-

233 2055 296 2074 netu
313 2050 427 2082 supcrat
448 2053 568 2078 omnem,
595 2045 684 2080 inquit
701 2045 759 2080 ipse
776 2044 859 2078 Goar,
880 2045 1022 2073 Romano-

234 2101 294 2119 rum
310 2092 503 2126 episcoporunt
528 2098 627 2118 nomen
648 2090 821 2125 frequentius
835 2091 981 2125 omissum,
996 2096 1023 2119 et

232 2143 299 2165 mtas
320 2144 381 2172 pag.
397 2135 450 2162 208
472 2135 577 2162 auctori
594 2135 712 2170 penitus
732 2135 840 2170 ignota:
860 2144 869 2160 ι
884 2135 958 2170 quod
982 2136 1021 2163 uti

232 2193 264 2211 ex
294 2181 457 2210 indubitatis
484 2181 644 2216 pontilicunt
663 2181 743 2209 annis
771 2181 916 2209 manifeSIe
942 2182 1021 2210 ttobis

1087 258 1167 285 quem
1192 252 1219 278 itt
1238 250 1328 279 fronte
1345 252 1545 286 expresserat?
1565 252 1612 280 Sic
1628 252 1664 280 ad
1681 260 1776 280 annum
1792 255 1822 282 l0
1834 259 1858 283 et

1087 296 1117 323 ll
1147 297 1301 325 Constantii
1335 302 1483 325 narrantur
1509 302 1568 326 aeta
1593 299 1664 326 inter
1690 299 1852 327 Athanasium

1086 348 1112 369 et
1129 342 1231 369 Julium
1260 343 1359 379 Papam
1372 364 1380 377 ,
1410 344 1457 378 qui
1484 345 1511 372 in
1531 352 1603 372 anno
1626 344 1770 372 Constantii
1787 345 1818 373 l5
1833 352 1856 374 et

1086 387 1145 423 ipse
1163 389 1342 422 poutilicatus
1374 390 1417 417 sui
1436 390 1469 417 l5
1493 398 1596 418 annum
1618 389 1792 425 ultimumque
1814 399 1856 419 ex-

1086 434 1170 468 plevit
1188 444 1194 462 :
1211 442 1273 462 cuin
1293 435 1402 463 interittt
1424 436 1451 463 in
1467 436 1569 463 tabulis
1595 439 1668 463 lotus
1684 436 1742 471 ejtts
1758 438 1857 471 pontifi-

1085 485 1164 508 catus
1182 480 1214 507 ad
1227 481 1391 509 sexennium
1406 487 1570 515 retroactus,
1590 483 1650 518 ipso
1663 491 1740 519 quem
1751 484 1857 513 diximus

1086 527 1119 554 10
1148 534 1221 555 anno
1249 528 1417 563 Constantii,
1443 528 1584 558 Liberium
1616 530 1698 558 faciat
1723 531 1858 561 succedere

1084 571 1168 601 Julio.

1083 621 1098 645 ὲ
1119 620 1145 647 6.
1168 619 1238 653 Quid
1262 625 1352 649 autem
1366 622 1490 651 dicemus
1505 624 1538 651 de
1559 632 1652 660 regum
1666 624 1805 654 Persarum
1818 633 1858 653 se-

1083 666 1146 694 rie?
1180 666 1331 695 Exorditur
1363 676 1423 696 eaut
1458 669 1591 705 Georgius
1625 671 1763 706 Syncellus
1794 679 1858 699 anno

1083 715 1182 746 quarto
1194 712 1341 740 Alexandri
1358 713 1509 748 Mammete,
1533 715 1580 750 qui
1601 715 1653 743 fuit
1670 717 1785 752 vulgaris
1806 724 1859 744 :rra‘.

1082 758 1275 787 Alexandrina:
1289 759 1353 793 218,
1373 764 1401 788 et
1415 761 1550 797 expositis
1563 762 1734 798 singulorum
1753 763 1858 790 nomini-

1082 804 1145 838 bus,
1170 809 1197 833 et
1219 810 1287 841 quot
1306 807 1409 842 quique
1426 809 1602 844 regttaverint
1625 809 1715 841 attnis,
1733 817 1814 844 usque
1827 809 1856 837 ad

1082 850 1185 879 Persici
1210 852 1318 887 imperii
1334 855 1415 881 linem
1431 854 1482 881 sub
1502 854 1659 888 Saracenis,
1681 855 1800 889 quintum
1819 864 1858 882 re-

1082 905 1141 932 gem
1158 897 1272 926 Uraeem
1291 900 1489 933 (Arareuchem
1507 901 1608 928 dictum
1623 901 1651 929 in
1671 902 1767 929 tabulis
1779 901 1858 928 'l'hco-

1081 941 1166 976 phani
1195 942 1305 980 ametis)
1332 945 1437 972 inducit
1460 945 1488 973 in
1504 945 1651 981 imperium
1668 953 1738 973 anno
1752 945 1857 973 Alexan-

1080 988 1167 1016 drina:
1199 997 1261 1017 serae
1290 990 1344 1018 264
1367 991 1549 1026 εοιιΐοιηιίιει
1570 991 1606 1019 ad
1630 999 1760 1020 annorum
1782 993 1857 1027 spatia

1081 1034 1198 1069 singulis
1214 1036 1275 1071 ejus
1298 1036 1494 1066 decessoribus
1511 1038 1539 1066 in
1563 1039 1690 1074 catalogo
1716 1038 1855 1073 assignata;

1080 1088 1200 1116 eumque
1213 1089 1301 1110 annos
1316 1083 1350 1110 l7
1370 1083 1530 1118 regnavisse
1554 1084 1666 1112 scribit.
1698 1083 1802 1112 Tabula
1813 1091 1856 1109 au-

1081 1130 1134 1154 tem
1153 1127 1225 1162 (quae
1251 1136 1321 1163 pene
1351 1129 1452 1165 ubique
1473 1130 1563 1165 quoad
1584 1138 1719 1159 numeros
1736 1137 1855 1157 annorum

1080 1174 1302 1210 uniuscujusque
1327 1184 1413 1212 regno
1437 1177 1637 1205 attributorum
1663 1185 1724 1205 cuttt
1751 1175 1856 1210 Georgio

1079 1221 1268 1254 consentiunt,
1296 1222 1343 1250 sed
1372 1223 1497 1251 ordinem
1526 1223 1696 1259 quandoque
1711 1226 1738 1250 et
1758 1221 1857 1249 nomina

1079 1266 1262 1303 commutant)
1279 1275 1342 1296 cum
1360 1269 1473 1296 totidem
1492 1269 1573 1298 annis
1595 1276 1730 1305 regnasse
1749 1268 1856 1295 Ararett-

1079 1313 1157 1341 cbent
1173 1313 1331 1348 admittant,
1348 1316 1475 1343 ultintuut
1494 1316 1567 1344 illius
1583 1324 1689 1343 annum
1704 1317 1857 1349 componunt

1078 1366 1142 1387 cum
1169 1360 1259 1395 pritno
1291 1361 1480 1395 Diocletiani,
1511 1360 1709 1389 Alexandrina:
1736 1367 1793 1388 tera
1811 1359 1856 1386 ΞΠ

1079 1408 1162 1440 atque
1188 1406 1224 1432 ita
1253 1411 1375 1441 quatuor
1400 1414 1489 1434 annos
1520 1407 1663 1435 auferunt.
1689 1406 1754 1439 Quis
1777 1409 1856 1431 autem

1079 1451 1174 1479 credat
1190 1452 1387 1488 Theophanem
1408 1453 1634 1481 continttatorem
1651 1452 1768 1487 Georgii,
1791 1450 1856 1478 nulla

1078 1503 1227 1533 apparente
1241 1507 1273 1527 ex
1290 1507 1372 1527 causa
1395 1499 1433 1526 ita
1455 1500 1490 1528 ab
1506 1503 1623 1527 auctore
1646 1507 1696 1527 suo
1714 1499 1794 1526 fuisse
1805 1497 1856 1523 dis-

1078 1540 1240 1576 cessurum,
1267 1544 1290 1571 si
1319 1544 1425 1572 tabulas
1450 1545 1509 1580 ipse
1533 1545 1776 1580 conscripsisset?
1798 1542 1857 1575 Quis

1079 1596 1189 1617 rursum
1219 1589 1314 1617 credat
1337 1591 1506 1618 omissurum
1529 1591 1620 1619 fuisse
1652 1590 1785 1622 Varanis,
1813 1594 1856 1615 scu

1078 1634 1180 1663 Uranis
1195 1635 1212 1663 5
1237 1643 1338 1664 nomen
1366 1641 1392 1664 et
1419 1644 1509 1665 annos
1533 1637 1570 1669 4.
1596 1638 1623 1665 si
1642 1645 1698 1673 pra:
1714 1636 1797 1664 oculis
1812 1634 1857 1660 ha-

1077 1680 1183 1709 buisset
1211 1681 1339 1709 relictum
1367 1682 1420 1710 sibi
1445 1690 1460 1710 a
1483 1681 1601 1718 Georgio
1632 1682 1807 1717 Calalogum:
1830 1685 1858 1705 ac

1076 1727 1177 1756 deinde
1205 1735 1255 1763 pro
1286 1727 1438 1756 UraraneS
1457 1729 1624 1757 Arsabelum
1637 1749 1644 1762 ,
1664 1736 1712 1765 pro
1735 1727 1857 1760 Samaspo

1077 1773 1294 1810 Pecmasapltum
1320 1775 1407 1804 fuisse
1424 1776 1592 1811 scripturunt
1605 1796 1614 1810 ,
1644 1774 1797 1803 nominibus
1814 1771 1857 1801 tuti

1077 1819 1239 1857 Ceorgianm
1253 1822 1334 1850 seriei
1353 1822 1454 1858 ignotis
1466 1823 1477 1850 ?

1113 1866 1139 1894 7.
1171 1867 1259 1894 Simili
1276 1869 1383 1896 ratione
1399 1868 1491 1896 licebit
1508 1868 1542 1897 ab
1561 1868 1595 1896 iis
1616 1868 1797 1905 argumentari
1813 1874 1856 1904 pa-

1076 1913 1217 1947 triarcltis,
1239 1922 1311 1950 quos
1332 1915 1430 1942 ultittto
1446 1916 1540 1950 operis
1556 1916 1600 1943 sui
1618 1924 1692 1944 anno
1707 1917 1746 1944 sic
1762 1915 1855 1944 subne-

1076 1960 1126 1987 ctit
1154 1959 1308 1996 Georgius;
1333 1966 1363 1988 ut
1390 1962 1425 1989 ab
1453 1961 1551 1989 iisdem
1581 1962 1705 1990 exordiri
1736 1961 1856 1989 deberent

1075 2006 1252 2042 Theophanis
1282 2007 1400 2042 tabulae,
1435 2016 1449 2035 a
1477 2010 1567 2044 printo
1594 2009 1761 2037 Diocletiani
1790 2014 1856 2035 anno

1075 2054 1267 2088 exordientes;
1287 2055 1352 2082 licet
1366 2055 1400 2082 de
1425 2054 1473 2082 illo
1494 2062 1578 2088 anno,
1607 2060 1705 2091 utpote
1726 2057 1779 2090 jatn
1795 2053 1855 2080 satis

1075 2100 1224 2136 descripto,
1244 2101 1313 2128 nihil
1332 2101 1511 2129 scribendum
1527 2102 1582 2130 sibi
1603 2110 1668 2130 esse
1686 2101 1856 2136 Theophanes

1075 2148 1230 2183 putaverit:
1255 2147 1299 2175 vel
1315 2147 1369 2176 hoc
1392 2148 1452 2183 ipso
1472 2147 1600 2175 indicans
1616 2149 1696 2184 prius
1711 2155 1778 2182 opus
1793 2154 1807 2173 a
1829 2153 1856 2173 SB

1074 2193 1254 2227 continuari,
1287 2202 1342 2221 non
1370 2194 1510 2222 conscribi
1538 2202 1665 2227 novum,
1695 2194 1766 2230 quod
1794 2193 1855 2219 alias

233 2231 350 2260 constat,
371 2225 409 2253 ita
426 2226 552 2253 fortassis
573 2226 599 2253 iu
617 2226 856 2262 aliispatriarcltis
869 2227 1021 2262 deprelten-
1038 2240 1060 2267 ι)
1076 2238 1216 2274 auspicari
1244 2225 1387 2267 debuisse;
1419 2238 1453 2266 ab
1481 2239 1557 2268 illius
1586 2240 1621 2267 ad
1654 2225 1796 2275 {mimum
1819 2237 1855 2264 ίη.

232 2275 372 2307 ἀει-ειιιιιε,
395 2274 418 2302 si
436 2273 469 2302 de
484 2281 580 2302 eoruttt
597 2273 819 2302 successiouibus
839 2280 921 2310 atque
933 2276 1022 2302 astati-

233 2322 286 2350 bus
313 2321 371 2358 pari
399 2321 477 2349 nobis
502 2320 610 2349 ratione
631 2325 782 2349 constaret.
809 2321 902 2357 Neque
918 2321 1022 2350 dixeris

233 2368 349 2396 vitiosos
369 2367 510 2403 catalogos
535 2374 590 2402 prte
606 2367 695 2395 oculis
714 2366 859 2394 habentem
878 2366 1023 2402 Theopha-

232 2422 293 2442 ncnt
317 2418 399 2449 atque
419 2421 451 2441 ex
469 2414 503 2441 iis
527 2420 615 2441 annos
638 2417 835 2448 supputantem
858 2413 885 2440 in
903 2413 1020 2441 istorum

231 2465 356 2485 errorum
373 2461 486 2493 rpartettt
512 2464 567 2484 non
587 2457 729 2484 minimam
754 2457 859 2493 prolabi
875 2458 1020 2493 potuisse:

233 2504 399 2540 ubicumque
414 2503 487 2531 enim
506 2503 533 2530 itt
550 2503 608 2539 ipsa
622 2504 739 2531 historia
751 2504 889 2539 pontificis
903 2504 1021 2532 Romani

231 2550 355 2578 occurrit
375 2549 487 2583 tttcntio,
509 2557 562 2576 non
581 2549 663 2576 aliunt
679 2556 762 2585 quant
777 2557 832 2584 _par
855 2553 913 2577 erat
929 2549 1019 2576 nomi-

233 2597 308 2625 navit
337 2596 467 2631 uspiant:
500 2595 639 2631 quontodo
666 2595 750 2631 igitur
776 2596 896 2631 ignotam
931 2597 1020 2632 potuit

229 2649 324 2670 eorunt
342 2641 441 2670 seriem
457 2645 621 2677 aetatemque
637 2641 760 2669 habere?
783 2647 830 2670 aut
849 2650 910 2678 quae
928 2647 1020 2678 potest

228 2694 305 2716 tanta
321 2689 428 2724 concipi
444 2688 527 2716 ullius
543 2688 689 2723 scriptoris
704 2688 862 2722 oscitantis,
882 2693 911 2716 ut
933 2697 1018 2716 anna-

228 2737 267 2764 les
294 2736 442 2769 ordinans,
468 2743 570 2771 eosque
593 2735 620 2762 itt
645 2735 736 2771 capite
765 2735 961 2771 imperatorum
991 2741 1018 2763 et

227 2782 389 2818 pontificum
408 2781 488 2809 annis
500 2781 687 2817 ,prmsignans,
707 2789 808 2809 nomen
824 2781 935 2817 aliquod
952 2781 1017 2810 scri-

227 2831 273 2855 hut
296 2827 516 2856 diversissimum
532 2827 567 2855 ab
586 2835 632 2860 eo,
651 2828 685 2855 de
701 2835 755 2863 quo
773 2827 800 2854 in
826 2828 884 2863 ipsa
901 2828 1017 2855 historia

227 2879 339 2904 acturus
355 2879 396 2902 est
413 2884 420 2902 :
439 2879 486 2902 aut
502 2874 609 2908 saltem,
625 2882 687 2902 cttm
702 2874 736 2902 de
754 2874 848 2910 aliquo
863 2876 947 2916 egerit
967 2883 1017 2902 ιιο-

876 3000 885 3013 Ι

1075 2291 1183 2319 gressu,
1208 2285 1256 2320 qui
1276 2285 1381 2319 primus
1395 2284 1564 2313 offerebatur
1587 2285 1614 2313 in
1638 2286 1759 2313 historia:
1779 2290 1854 2318 argu-

1074 2334 1208 2358 ntentum.
1220 2331 1300 2359 Hunc
1316 2335 1408 2360 autem
1423 2339 1527 2360 annum
1536 2340 1599 2361 cum
1612 2332 1762 2368 descripsit
1773 2330 1853 2359 Geor-

1073 2376 1134 2412 gius
1151 2377 1193 2404 sic
1212 2377 1355 2405 concludit
1369 2387 1376 2405 :

1108 2444 1199 2472 Romi:
1214 2445 1350 2480 episcopus
1364 2445 1410 2477 28,
1427 2445 1521 2479 Caius,
1535 2447 1612 2473 annis
1632 2446 1675 2473 I5.

1108 2489 1255 2517 Antiochia:
1269 2490 1406 2524 episcopus
1421 2490 1465 2524 17,
1483 2490 1612 2526 Cyrillus,
1630 2490 1707 2517 armis
1723 2488 1765 2516 l5

1107 2534 1277 2563 Alexandrite
1291 2538 1428 2571 episcopus
1441 2536 1485 2569 16,
1503 2536 1632 2567 Tlieonaa,
1648 2536 1725 2562 annis
1741 2535 1783 2561 19.

1109 2580 1244 2609 Hierosol.
1260 2581 1398 2616 episcopus
1415 2581 1459 2613 58,
1481 2581 1654 2617 Hymenwus,
1670 2581 1747 2607 anni:
1762 2578 1804 2606 12.

1071 2647 1111 2674 Ex
1135 2647 1236 2684 quibus
1263 2647 1341 2682 juxta
1371 2647 1476 2682 priores
1497 2646 1606 2682 Georgii
1628 2646 1760 2677 calculos,
1777 2643 1852 2670 Cuius

1071 2694 1181 2728 quidem
1198 2697 1226 2720 et
1246 2693 1375 2721 Tlteonas
1396 2694 1515 2729 primum
1541 2694 1617 2720 illttttt
1645 2693 1802 2720 habuissent
1827 2689 1850 2714 itt

1070 2740 1229 2775 episcopatu
1250 2747 1353 2767 annum
1374 2748 1380 2766 :
1408 2739 1545 2775 Cyl-illus.
1567 2747 1640 2767 anno
1669 2736 1851 2766 Alexandrina:

1070 2793 1132 2813 aera:
1155 2785 1209 2813 261
1231 2792 1353 2819 creatus,
1378 2793 1481 2813 annum
1508 2786 1608 2822 egisset
1629 2785 1677 2818 14;
1698 2784 1849 2820 llytucnmul

1070 2840 1135 2859 vero
1151 2832 1288 2865 ultintuut,
1315 2832 1368 2860 nisi
1395 2831 1481 2867 (quod
1507 2837 1548 2860 est
1578 2829 1744 2865 verosintile)
1767 2829 1849 2857 dicas,

1070 2879 1245 2907 librariorum
1263 2878 1332 2906 vitio
1355 2878 1460 2906 factum
1477 2883 1506 2906 ιιι
1524 2877 1669 2906 duodecim
1689 2875 1766 2903 annis
1785 2871 1848 2902 ει*ῐὶ-
