2035 3153
174 169 244 203 1169

683 175 770 206 GOD.
783 176 1023 207 HENSCIIENII
1043 175 1306 206 DISSERTATIO.

1737 174 1804 207 1170

172 233 285 257 ειμι-θυιν-
306 228 423 263 sedisse,
451 231 495 259 cui
522 232 624 268 passim
649 232 713 260 alibi
734 233 799 261 anui
819 234 962 269 plusquam
977 235 1002 265 Α
1017 233 1183 269 Theophane
1206 233 1375 261 continuata:
1396 233 1519 269 praeﬁxa,
1542 232 1700 269 hujusmodi
1717 233 1808 262 Cano-

171 276 206 304 20
227 276 416 311 assignantur.

207 322 234 349 8.
268 321 382 350 Interim
418 323 530 357 tabula,
556 325 787 362 chronOgraphiae
819 326 919 354 exhinc
949 333 964 352 ξι

224 408 321 446 Annus
401 445 411 446 ί
424 409 519 436 Annus
587 409 667 446 Rom.
686 411 753 446 imp.
794 411 850 439 Rex
869 411 946 438 Pers.

215 444 317 470 eunditi
401 445 537 472 Ini-amat.
591 444 742 474 Diocletia-
830 447 898 474 Ara-

237 479 314 506 orbis
411 479 513 508 divitia:
595 489 648 509 nus
664 481 744 510 anuis
815 482 925 510 reuthes

648 515 694 543 20.
805 517 885 545 annis
897 517 942 544 Π.

223 575 293 602 5777
441 575 494 603 277
659 577 670 604 1
852 576 886 604 15

223 611 294 638 5778
438 611 492 638 278
655 612 674 639 2
849 612 883 639 16

225 644 296 673 5779
438 646 492 674 279
657 647 675 675 3
850 647 882 674 17

223 682 294 709 5780
440 681 493 710 280
660 683 677 710 ι
768 683 885 711 Varanis
891 682 953 710 an.l
960 702 967 708 .

171 749 231 776 Non
248 749 398 784 quaerimus
416 755 539 778 utrarutn
556 751 712 779 tabularum
726 752 824 780 calculi
839 752 873 780 ad
890 751 963 780 veri-

173 801 257 823 tatem
286 797 401 832 propius
426 798 570 830 accedant,
589 804 616 826 et
635 807 701 826 num
723 799 811 834 major
828 799 896 827 ﬁdes
917 798 965 826 ad-

173 840 291 868 hibenda
319 849 372 868 non
397 842 434 869 sit
461 842 600 875 Eusebio,
627 844 769 879 proximos
794 844 965 879 temporibus

173 888 232 914 suis
249 887 396 923 episcopos
410 889 450 916 sic
465 889 617 922 ordinanti,
639 895 670 917 ut
695 890 790 923 Caius,
818 890 965 926 imperium

174 935 346 970 suscipiente
372 934 553 969 Diocletiano,
578 937 666 971 egerit
688 937 715 964 in
734 937 894 972 episcopatu
917 944 967 964 suo

174 987 278 1007 annum
305 980 331 1012 5,
357 980 519 1016 Hymenaeus
548 981 591 1014 19,
620 981 748 1009 Theonas
768 982 796 1013 4.
822 981 967 1018 Tyrannus

175 1027 285 1054 nonnisi
304 1032 366 1062 post
391 1036 478 1056 annos
495 1033 558 1056 octo
576 1029 745 1057 successerit
759 1028 875 1065 Cyrillo,
893 1029 967 1056 circa

174 1071 337 1101 Diocletiani
365 1073 442 1101 initia
460 1075 550 1109 agenti
573 1082 674 1102 annum
691 1074 826 1103 duntaxat
839 1074 865 1102 6.
893 1074 966 1107 Hrcc,

176 1119 302 1153 inquam,
332 1127 387 1146 non
410 1121 583 1154 quaerimus:
615 1122 662 1149 sed
691 1122 765 1149 istud
793 1121 967 1157 potissimum

175 1165 287 1192 lectoris
300 1166 372 1200 aequi
383 1166 490 1200 judicio
506 1168 699 1195 aestimandum
717 1168 909 1203 relinquimus,
932 1176 966 1195 an

175 1219 238 1239 cum
252 1211 362 1247 Georgii
378 1213 542 1240 cln‘onotaxi
564 1217 618 1240 tam
638 1213 710 1240 male
720 1213 887 1241 cohaerentia
901 1220 968 1248 pos-

175 1259 211 1285 sit
227 1259 302 1286 credi
321 1260 466 1294 scripsisse
484 1259 558 1287 illius
574 1259 765 1291 continuator,
786 1263 834 1286 aut
854 1259 968 1287 omnino

177 1303 278 1338 aliquis
292 1304 338 1338 qui
353 1303 499 1339 Georgium
513 1304 609 1338 legerit
622 1304 633 1331 ’ὲ
650 1303 751 1330 nedum
765 1303 789 1330 is
803 1302 849 1338 qui
863 1303 967 1336 omnia,

176 1357 236 1383 quae
252 1349 305 1376 sibi
323 1350 369 1377 ille
383 1350 415 1377 ad
432 1349 577 1378 texendam
599 1349 808 1385 clironologiam
826 1349 968 1385 conquisi-

177 1400 253 1423 wrat
267 1396 461 1430 instrumenta,
481 1396 664 1425 litereditavit.

483 1463 599 1492 CAPUT
619 1463 652 1492 ll.

178 1520 316 1554 Quomodo
348 1521 446 1548 tribuite
480 1522 606 1556 confecta:
637 1522 787 1549 videantur.
829 1521 889 1554 Qua
913 1530 969 1550 (ora

215 1557 384 1590 Theophanes
403 1565 466 1583 usus
488 1559 533 1585 sit.
556 1557 642 1589 Quam
665 1563 734 1584 recte
749 1558 782 1584 ab
804 1565 874 1584 anno
897 1557 970 1592 ejus—

1025 280 1100 308 nium
1117 279 1229 308 exhibet
1242 279 1303 316 ipso
1318 279 1346 306 in
1362 278 1458 307 limine
1473 287 1482 307 :

1024 409 1118 436 Roma:
1204 407 1340 436 Hierosol.
1399 408 1547 436 Alcxandr.
1598 407 1750 436 Antiochia:

996 445 1142 485 episcopus
1194 444 1349 485 _episc0pus
1400 444 1548 485 episcopus
1601 444 1751 485 cpiscopus

1014 478 1111 507 'Caius
1194 478 1358 514 llymenmus
1410 478 1538 507 Theonas
1601 479 1750 514 Tyrannus

998 513 1135 543 annisl5.
1208 514 1344 541 annis‘zi.
1407 514 1487 542 annis
1500 513 1543 542 19.
1604 515 1742 542 annisl3.

1058 576 1074 601 7
1240 575 1275 602 15
1450 575 1480 602 11
1663 575 1682 601 2

1055 611 1072 638 8
1239 611 1275 638 1ι1ρ
1450 610 1484 636 12
1663 609 1680 637 3

1059 646 1075 672 .‘l
1241 645 1275 672 15
1454 646 1486 672 15
1664 645 1681 671 ι

1041 681 1076 709 10
1240 681 1274 708 16
1453 681 1487 708 14
1665 681 1686 708 5

1017 750 1112 778 xendae
1123 750 1280 778 accuratius
1294 750 1387 781 seriei,
1411 750 1438 778 in
1455 751 1514 785 ipso
1536 749 1703 785 quandoque
1725 749 1813 777 histo-

1019 798 1067 825 ria:
1093 801 1224 825 contextu
1241 797 1390 825 nonnullos
1406 797 1599 833 episcoporum
1621 804 1654 824 eo
1678 804 1752 824 anno
1768 804 1811 824 sc-

1020 843 1144 871 dentium
1172 843 1336 876 nominare,
1367 843 1534 878 quandoque
1567 850 1662 870 eorum
1698 843 1810 870 nomina

1021 890 1124 917 certius
1139 889 1192 917 sibi
1207 890 1316 926 cognita
1331 891 1485 918 inscribere
1501 890 1600 918 loculis
1614 889 1647 917 ad
1659 890 1685 918 id
1706 897 1812 926 praepa-

986 930 1005 957 Β
1019 937 1088 964 ratis
1104 945 1111 963 :
1131 936 1203 964 unde
1218 944 1267 964 eos
1283 941 1411 971 acceptos
1425 938 1451 964 In
1466 937 1604 965 Anastasii
1621 937 1748 964 versione
1759 937 1812 964 hoc

1019 981 1100 1008 modo
1116 982 1238 1016 reperias
1254 990 1262 1008 :
1291 991 1300 1008 ε
1320 981 1412 1009 Mundi
1438 990 1512 1010 anno
1530 991 1555 1010 ri
1571 991 1679 1010 ooxcrx.
1708 982 1812 1010 Divina:

1020 1028 1220 1057 incarnationis
1240 1036 1313 1056 anno
1327 1028 1389 1057 599.
1410 1028 1490 1056 Anno
1503 1037 1568 1057 vero
1585 1028 1694 1064 imperii
1716 1029 1813 1056 l’liocae

1019 1074 1168 1107 5;lsacins
1196 1074 1477 1111 Hierosolymitanns,
1504 1075 1665 1103 Theodorus
1695 1075 1813 1103 Alexan-

1019 1122 1127 1154 drinus,
1155 1126 1182 1149 et
1196 1121 1360 1151 Anastasius
1374 1122 1564 1150 Antiochenus
1585 1122 1720 1149 habentur
1740 1121 1812 1148 anti-

1019 1168 1108 1196 stites.
1131 1178 1140 1194 ι
1169 1167 1202 1195 Ει
1217 1169 1299 1204 paulo
1310 1173 1373 1203 post
1391 1176 1397 1197 :
1418 1178 1428 1194 ‹
1448 1169 1526 1196 Anno
1547 1168 1654 1203 imperii
1673 1168 1770 1196 Phocat
1784 1168 1812 1202 7,

1020 1213 1134 1250 Sergius
1150 1215 1488 1250 Constantinopolitanus,
1513 1214 1663 1243 Zacharias
1684 1214 1814 1242 llierosu—

1021 1259 1180 1295 lymitanus,
1193 1264 1220 1287 et
1231 1259 1351 1288 Joannes
1369 1260 1575 1288 Alexandrinus
1592 1260 1727 1288 habentur
1740 1261 1814 1288 anti-

1020 1305 1111 1333 stites.
1129 1315 1139 1332 ι
1168 1304 1232 1333 llaec
1255 1306 1327 1333 enim
1349 1306 1460 1340 aliaque
1479 1306 1591 1337 similia,
1617 1306 1645 1333 in
1664 1307 1813 1333 Anastasio

1020 1351 1132 1387 quidem
1159 1360 1214 1380 non
1234 1351 1381 1380 admodum
1412 1360 1484 1384 rara,
1510 1352 1538 1380 in
1553 1352 1728 1387 Theophanis
1748 1360 1814 1379 vero

1020 1402 1095 1425 textu
1126 1398 1170 1425 vix
1199 1406 1320 1433 unquam
1350 1398 1511 1432 reperienda
1528 1419 1535 1430 ,
1568 1398 1641 1425 unde
1660 1398 1814 1432 accopissct

1021 1443 1085 1477 iste,
1101 1444 1123 1471 si
1141 1443 1186 1471 hic
1204 1451 1234 1471 ea
1252 1444 1280 1471 in
1293 1444 1376 1472 dictis
1388 1443 1485 1471 loculis
1501 1451 1555 1471 non
1572 1444 1731 1479 signasset?
1757 1443 1812 1471 lloc

1021 1493 1113 1517 autem
1130 1498 1192 1518 eum
1207 1490 1351 1518 credimus
1368 1491 1394 1517 in
1410 1490 1509 1517 melius
1531 1489 1584 1518 sibi
1602 1490 1721 1526 cognitis
1736 1490 1812 1518 urbis

1021 1535 1336 1571 Constantinopolitana:
1368 1535 1538 1564 Patriarchis
1566 1535 1726 1571 diligentius
1754 1536 1812 1564 fre-

213 1582 472 1630 gestantes...
489 1582 535 1630 ξῑὶζ
558 1582 649 1630 bidui
673 1582 879 1621 ἐίῗεῖιὶοῆἐέὸὶι
898 1582 968 1628 ἷιῶά

1022 1583 1209 1618 quentiusquc
1241 1582 1352 1615 fecisse,
1380 1590 1443 1610 cum
1473 1582 1524 1618 ipsi
1548 1582 1672 1610 historia:
1684 1590 1740 1611 suae
1756 1587 1812 1611 tam

213 1627 332 1655 Raderus
351 1627 562 1655 Alexandrinum
578 1628 658 1655 dixit.

214 1685 241 1712 9.
259 1684 330 1718 Quid
349 1684 452 1720 igitur?
471 1685 591 1719 inquies.
606 1684 719 1712 Adeone
731 1685 876 1720 impudens
888 1685 970 1713 fuerit

178 1732 288 1767 aliquis.
307 1735 338 1759 ut
353 1731 514 1766 Theophani
529 1730 670 1766 allingeret
683 1731 803 1764 tabulas,
818 1731 852 1759 de
866 1731 970 1767 quibus

179 1779 341 1813 cogitaverit
357 1778 530 1813 numquam?
549 1777 607 1805 Non
625 1778 677 1805 hoc
691 1777 829 1805 dicimus:
847 1777 896 1806 sed
907 1779 968 1805 oat-

180 1825 247 1852 nino
263 1824 443 1856 arbitramur,
459 1823 596 1858 ejusmodi
613 1823 721 1851 tabulas
737 1823 773 1851 ab
789 1831 823 1851 eo
838 1831 891 1851 non
907 1827 970 1851 tan-

180 1875 239 1898 tum
258 1870 430 1906 excogitatas
453 1870 538 1898 fuisse
551 1870 592 1906 (ut
604 1869 808 1897 commodiores
829 1871 862 1896 ad
888 1877 968 1897 usum

179 1917 299 1949 lectoris.
317 1925 400 1953 quam
417 1917 515 1945 modus
542 1917 588 1944 ille
607 1924 689 1952 quem
716 1916 806 1944 tenuit
820 1916 967 1952 Georgius,

178 1972 266 1992 annos
295 1963 390 1991 mundi
418 1963 577 1999 Christique
600 1968 628 1991 et
654 1963 827 1998 imperatoris
851 1962 969 1990 Romani

180 2011 324 2046 prteﬁgens
338 2010 460 2038 historiae
474 2011 506 2037 ad
519 2010 606 2038 instar
624 2010 708 2042 tituli,
728 2009 762 2037 ad
783 2009 887 2037 calcem
906 2016 969 2036 vero

179 2055 316 2091 cujusque
330 2056 394 2083 anni
407 2055 555 2083 Persarum
570 2063 649 2090 reges
660 2059 687 2082 et
698 2060 818 2090 quatuor
830 2055 971 2091 episcopa-

180 2107 258 2130 tuum
273 2101 404 2137 praesules
421 2101 600 2137 subtexens),
614 2108 707 2128 verum
721 2101 801 2128 etiam
817 2101 913 2134 lineas,
927 2101 969 2128 in-

181 2155 223 2176 tra
248 2156 318 2183 quas
344 2152 439 2176 essent
462 2146 652 2176 describenda:
671 2155 719 2182 per
733 2147 839 2175 loculos
854 2147 968 2181 divisas,

181 2193 216 2220 ab
237 2193 334 2220 eodem
359 2191 526 2228 Theophane
543 2192 628 2220 fuisse
646 2191 788 2225 deductas,
817 2193 914 2220 saltem
941 2193 968 2220 in

181 2239 316 2275 principio
333 2239 442 2274 operis,
465 2242 493 2266 et
508 2238 553 2266 ubi
572 2238 598 2266 id
615 2246 668 2265 non
691 2238 766 2272 fecit,
782 2239 920 2267 similibus
937 2240 969 2267 li-

1022 1632 1151 1656 accurate
1163 1628 1312 1656 inseruerit
1330 1636 1438 1662 eorum,
1453 1628 1500 1663 qui
1514 1636 1566 1656 suo
1581 1636 1639 1656 aevo
1655 1628 1731 1656 fuere
1744 1629 1814 1656 vici.-

1021 1675 1125 1709 niores,
1142 1675 1220 1703 initia
1234 1676 1368 1710 ﬁnesque.
1396 1675 1469 1708 Quin
1483 1680 1511 1703 et
1524 1676 1712 1703 Romanorum
1727 1675 1816 1710 ponti-

1022 1719 1102 1748 ﬁcum
1116 1726 1238 1755 tempora
1255 1721 1307 1748 sibi
1324 1720 1523 1755 propinquiora
1539 1720 1566 1748 in
1587 1719 1682 1748 eadem
1697 1719 1814 1748 historia

1021 1765 1234 1801 diligentissime
1249 1766 1387 1800 expressit
1406 1775 1413 1793 :
1439 1771 1466 1794 et
1486 1767 1613 1801 quamvis
1631 1767 1657 1794 in
1675 1767 1814 1802 antiquio-

1021 1811 1099 1838 ribus
1125 1811 1261 1839 aberrarit
1278 1812 1394 1839 subinde
1409 1819 1424 1839 a
1443 1813 1570 1842 veritate.
1597 1821 1652 1840 non
1665 1813 1813 1841 admodum

1021 1863 1161 1886 correctos
1174 1862 1288 1886 secutus
1303 1858 1465 1894 catalogos;
1490 1866 1632 1894 nunquam
1656 1863 1749 1887 tamen
1773 1860 1815 1888 sic

1021 1909 1063 1932 est
1086 1903 1275 1932 halluciuatus
1293 1904 1463 1939 (incipiendo
1478 1912 1492 1932 a
1507 1904 1591 1937 Julio,
1615 1905 1694 1941 cujus
1710 1906 1743 1934 ad
1761 1914 1812 1934 an-

1021 1958 1086 1978 num
1108 1958 1170 1978 sane
1189 1950 1389 1985 Alexandrinae]
1399 1951 1452 1979 554
1470 1951 1700 1987 mcminit),.quin
1718 1960 1814 1980 revera

1021 2004 1055 2025 eo
1074 2001 1122 2024 aut
1144 1998 1271 2032 proximo
1288 2005 1362 2025 anno
1384 1997 1408 2026 is
1428 1997 1553 2033 pontifex
1572 1998 1702 2026 Romame
1714 1999 1814 2027 Cathe-

1021 2042 1078 2070 (ΙΙ-ω
1102 2043 1275 2078 praesederit,
1300 2043 1380 2079 cujus
1396 2043 1500 2072 factum
1515 2045 1628 2081 aliquod
1645 2045 1672 2073 in
1695 2045 1813 2074 historia

1022 2090 1188 2125 explicatur.

1058 2147 1102 2175 1ο.
1122 2146 1244 2175 Tabulas
1257 2152 1348 2175 autem
1367 2147 1404 2175 ita
1421 2153 1552 2176 vacantes
1570 2147 1713 2176 in-codice
1724 2148 1814 2177 adhuc

1022 2193 1156 2221 invariato
1172 2194 1308 2229 reperisse
1319 2194 1508 2226 Anastasium.
1526 2194 1640 2221 omnino
1654 2195 1792 2222 credimus
1804 2203 1812 2223 :

1022 2243 1118 2274 postea
1134 2245 1226 2268 autem
1241 2240 1343 2267 Pactum
1368 2247 1440 2272 esse,
1465 2244 1495 2267 nt
1515 2239 1618 2268 sciolus
1644 2240 1754 2274 aliquis,
1779 2249 1813 2268 ex

181 2287 241 2313 neis
261 2285 393 2313 ducendis
411 2284 530 2320 spatium
549 2285 576 2312 in
593 2284 690 2313 codice
704 2292 820 2313 vacuum
841 2286 968 2313 relictum
987 2281 1009 2308 Ι)
1023 2285 1156 2320 catalogis
1175 2285 1202 2312 in
1215 2285 1303 2312 sancti
1322 2283 1467 2319 Nicephori
1479 2284 1643 2319 patriarchae
1653 2285 1814 2313 Constanti-

181 2332 267 2359 I'uisse
294 2339 309 2358 tt
339 2331 489 2359 scribente.
516 2330 639 2359 Dicimus
659 2335 748 2359 tamen
778 2332 852 2367 quod
883 2339 970 2360 annos

180 2377 276 2405 mundi
294 2376 454 2411 Christique
465 2380 492 2404 et
502 2375 620 2403 Romani
631 2376 806 2411 imperatoris
821 2376 970 2412 scripsisse

180 2426 344 2454 contentus,
364 2425 392 2449 et
408 2421 615 2456 cpiscopatuum
643 2421 739 2448 titulos
759 2421 859 2456 cuique
879 2421 970 2449 loculo

181 2468 374 2504 praesignasse,
396 2466 501 2494 loculos
525 2466 600 2500 ipsos
624 2465 747 2493 omiserit
773 2467 906 2501 tantisper
926 2466 967 2493 in-

180 2515 292 2549 scriptis
299 2513 456 2542 nominibus
464 2513 655 2548 episcoporum
664 2516 691 2539 et
705 2511 876 2547 singulorum
889 2505 970 2540 annis

182 2561 306 2596 implere,
323 2561 386 2587 dum
399 2559 473 2595 quod
490 2559 517 2586 in
530 2566 611 2594 opere
622 2558 789 2594 praecipuum
803 2563 863 2586 erat
879 2559 969 2587 absol-

180 2609 289 2637 visset:
304 2607 405 2635 deinde
431 2610 521 2634 autem
539 2606 580 2633 vel
601 2605 705 2633 morbis
719 2605 762 2633 vel
779 2606 909 2633 utrumuis
924 2606 970 2632 im-

182 2654 317 2689 peditum,
328 2652 370 2680 vel
380 2652 463 2680 etiam
477 2652 515 2679 rei
530 2650 692 2679 diﬂicultate
703 2651 880 2679 absterritum
896 2652 968 2687 (cum

181 2698 286 2725 videret
314 2696 454 2732 quomodo
483 2696 657 2731 episcopales
687 2696 803 2730 catalogi
838 2696 866 2724 in
896 2697 970 2725 desi-

183 2743 295 2778 gnanda
310 2743 528 2778 uniuscujusque
542 2742 720 2778 pontiﬁcatus
736 2747 857 2778 tempore
870 2744 913 2771 vel
929 2744 971 2771 in-

182 2796 224 2819 ter
233 2799 263 2818 se
270 2791 311 2817 vel
322 2798 384 2818 cum
396 2791 468 2818 notis
477 2790 642 2818 certioribus
651 2794 817 2825 pugnarent,
825 2795 852 2818 et
861 2798 970 2818 summa

181 2843 320 2864 annorum
346 2836 415 2863 inita
446 2836 473 2862 in
499 2834 632 2863 descensu
651 2843 822 2870 ascensuque
845 2836 971 2865 faciendo

182 2890 324 2918 nunquam
339 2885 415 2909 recte
430 2880 565 2916 ﬁniretur)
590 2880 753 2916 desperasse
767 2882 801 2909 de
826 2889 969 2910 successu.

219 2930 292 2957 Satis
307 2937 371 2964 ergo
386 2928 480 2956 habuit
503 2927 606 2956 omissa
626 2927 760 2963 tantisper
786 2935 850 2955 cura
876 2933 969 2965 pertc-

1023 2329 1176 2364 nopolitaai
1203 2328 1407 2364 compendiaria
1438 2329 1659 2364 chronographia
1687 2330 1812 2365 repertis.

1022 2375 1170 2411 praedictos
1184 2374 1290 2402 loculos
1306 2373 1419 2409 implere
1437 2374 1594 2406 tentaverit,
1613 2373 1687 2408 inde,
1704 2375 1752 2402 ubi
1766 2375 1812 2404 isti

1021 2420 1048 2447 in
1064 2427 1115 2448 suo
1128 2419 1290 2448 desinebant
1306 2420 1505 2455 manuscripto.
1531 2428 1642 2448 sursum
1657 2421 1812 2450 ascendens

1024 2473 1071 2500 per
1090 2473 1225 2493 annorum
1238 2466 1338 2499 spatia,
1354 2469 1429 2494 recte
1450 2471 1497 2494 aut
1513 2474 1657 2502 perperam
1676 2467 1788 2494 deﬁnita
1802 2477 1810 2501 ;

1022 2511 1091 2538 nihil
1107 2512 1184 2546 pensi
1210 2511 1334 2539 habendo
1346 2516 1414 2547 quot
1429 2511 1534 2547 quique
1562 2519 1671 2541 menses
1697 2513 1813 2548 diesque

1022 2557 1115 2593 plures
1128 2562 1177 2585 aut
1192 2558 1339 2593 pauciores
1355 2558 1479 2586 sederint
1497 2566 1580 2594 quam
1606 2567 1742 2587 annorum
1768 2561 1813 2587 ln-

1021 2609 1159 2639 tegrorum
1185 2611 1318 2632 numerus
1345 2604 1493 2639 adjunctus
1518 2604 1666 2639 signiﬁcat.
1698 2605 1738 2633 Ita
1765 2614 1812 2633 ne-

1021 2652 1144 2679 cessario
1173 2651 1231 2679 ﬁeri
1254 2650 1361 2682 debuit,
1386 2654 1416 2678 ut
1439 2651 1575 2685 ejusmodi
1600 2653 1812 2687 su-pputationes

1021 2697 1159 2731 corruptis
1172 2697 1256 2724 etiam
1270 2696 1437 2732 quandoque
1449 2697 1475 2724 in
1491 2704 1543 2725 ms.
1560 2705 1737 2725 numerorum
1763 2707 1814 2726 no-

1022 2745 1059 2772 tis
1079 2743 1236 2771 vitiosiores
1253 2743 1363 2774 redditi,
1385 2750 1439 2770 non
1462 2743 1544 2770 modo
1564 2751 1579 2770 a
1601 2744 1718 2772 veritate
1734 2752 1812 2772 rece-

1023 2790 1120 2818 derent
1137 2789 1296 2824 plurimum.
1312 2789 1359 2816 sed
1374 2797 1424 2816 nec
1439 2797 1502 2816 cum
1528 2790 1706 2823 Theophanis
1724 2791 1813 2818 histo-

1023 2837 1063 2865 ria
1079 2840 1208 2871 sequente
1222 2843 1311 2869 neque
1325 2843 1388 2862 cum
1401 2835 1571 2868 praecedente
1585 2836 1694 2870 Georgii
1711 2845 1813 2871 suppu-

1024 2883 1126 2910 tatione
1151 2885 1264 2917 possent
1289 2881 1455 2909 coincidcre.
1483 2881 1518 2908 Ut
1548 2886 1639 2910 autem
1671 2883 1810 2911 Anastasii

1021 2929 1148 2959 versione
1156 2936 1297 2957 movemur
1307 2928 1340 2956 ad
1351 2927 1528 2962 credendum,
1538 2936 1710 2965 nequaquam
1721 2929 1811 2957 Theo-
