2035 3153
286 176 352 210 illi

744 176 792 206 DE
816 176 846 206 S.
864 172 1109 207 THEOPHAN‘IS
1132 172 1460 206 CHRONOGRAPHIA

1832 175 1842 207 1
1849 175 1891 209 1T2

285 235 402 270 phsnem
428 234 471 260 vel
499 241 610 268 semper
648 233 689 260 vel
719 234 754 260 ab
783 233 863 261 initio
892 232 1071 268 inscripsisse
1086 236 1274 268 Autrumquc
1302 233 1458 261 detractum
1473 232 1798 267 volunt,cxistlmanlque
1821 234 1891 263 etiam

283 280 387 307 tabulis
415 281 609 314 episcoporum
639 286 701 313 quae
728 278 849 306 diximus
878 279 989 306 nomina
1009 287 1016 305 :
1033 279 1074 306 sic.

283 325 378 353 eadem
393 325 459 352 moti
476 324 641 352 auctoritate
664 324 872 359 persuademur,
886 332 940 351 non
958 324 1074 359 singulis

283 371 364 398 annis
385 370 582 405 prtesiguatum
609 368 695 397 fuisse
713 377 729 396 a
744 368 910 404 Theophane
930 369 1074 396 mundana:

281 424 314 444 ac
337 416 502 444 Christiana:
524 423 586 443 atrae
608 423 773 448 numerum;
796 416 843 443 sed
863 416 928 443 item
953 420 980 442 ut
1000 415 1074 442 Ana-

282 462 385 490 stasius
409 462 486 494 facit,
502 463 535 488 ad
549 462 628 489 initia
654 461 790 489 duntaxat
811 461 1022 497 imperatorum,
1048 466 1075 489 et

282 507 449 543 quandoque
462 507 550 535 alias:
569 506 633 534 alibi
657 512 722 534 vero
739 506 829 534 solum
854 507 993 541 signatum
1020 505 1074 532 im-

282 552 351 588 perii
367 560 482 586 annum,
497 552 569 588 quod
585 560 619 581 eo
637 552 695 581 fere
719 553 778 581 solo
791 556 972 580 consuessent
988 552 1075 579 histo-

282 599 332 626 rici
348 599 458 635 publica
473 599 576 634 scripta
601 599 720 634 signare.
746 598 816 626 llinc
833 606 916 634 porro
941 599 999 626 ﬁeri
1016 606 1072 626 non

282 644 428 673 diﬂiculter
445 645 545 681 potuit,
563 649 594 672 ut
606 645 670 672 dum
690 645 723 672 ad
742 652 829 673 annos
846 646 939 672 nntndi
957 645 1074 673 subinde

281 696 448 718 revocantur
475 691 540 718 anni
569 691 777 726 imperatorum,
801 691 892 726 aliqua
914 690 1073 718 dillicultate

282 736 432 769 incidente,
447 744 502 764 non
517 744 625 772 semper
644 736 714 764 facta
732 735 816 765 fuerit
836 736 983 765 uniformis
1006 745 1072 773 pro-

282 783 398 818 gressio,
413 783 645 818 quemadmodum
673 782 743 810 inl'ra
771 783 878 810 docturi
895 791 1002 814 sumus,
1026 791 1073 811 os-

281 827 445 863 tensurique
461 835 514 854 non
530 832 584 855 tam
613 828 701 863 ipsius
727 826 906 863 Theophanis
923 835 1017 856 errore
1045 828 1072 855 id

282 874 396 907 factum,
423 883 504 910 quant
526 879 642 910 receptae
667 883 715 910 per
744 875 903 902 universum
929 875 1070 903 Orientem

280 928 313 947 ex
331 927 381 947 usu
401 920 594 948 Alexandrina:
611 920 742 948 Ecclesia:
759 921 948 954 chronotaxis,
966 922 1009 949 cui
1026 929 1073 956 ap-

280 969 341 994 tare
370 973 400 994 se
427 971 524 994 auctor
541 966 678 994 debuerit.
701 967 750 995 llic
778 971 869 995 tamen
888 975 922 995 nc
947 968 1075 1007 tenebras

281 1012 383 1040 multas
400 1012 536 1044 oil‘undat,
551 1012 727 1048 Theophanis
740 1013 945 1048 chronologiam
964 1014 998 1041 ad
1013 1022 1074 1042 aera:

281 1058 399 1092 vulgata:
413 1065 502 1085 annos
516 1058 664 1094 aptaturis,
683 1059 754 1086 hanc
770 1059 992 1087 dissertationem
1014 1060 1074 1087 vul-

281 1110 345 1139 gare
357 1103 471 1138 placuit.

317 1150 361 1177 11.
379 1150 572 1178 Alexandrinae
598 1156 680 1185 porro
709 1152 767 1180 sive
791 1152 988 1181 ecclesiasticae
1011 1159 1074 1180 aera:

280 1195 473 1229 diﬂ‘erentiam,
499 1205 553 1224 aera
579 1197 735 1226 Graecorum
761 1206 810 1226 seu
834 1199 1020 1226 Romanorum
1046 1199 1073 1227 id

279 1247 322 1270 est
337 1241 718 1278 Constantinopolitanoruin,
734 1245 791 1280 ipsc
803 1245 881 1272 nobis
894 1245 1074 1281 Theophanes

280 1287 401 1323 explicat
415 1287 448 1315 ad
465 1292 619 1316 extremum
635 1289 754 1318 Zenonis
776 1290 951 1325 imperatoris
966 1299 1070 1318 annum

279 1333 324 1360 his
339 1333 452 1361 verbis:
475 1342 484 1359 ι
503 1333 639 1361 Caeterum
663 1342 764 1367 annus,
781 1342 837 1370 quo
849 1334 922 1362 Zeno
946 1339 1073 1362 mortuus

279 1383 323 1406 est
352 1383 380 1407 et
414 1380 578 1408 Anastasius
613 1380 747 1416 imperare
776 1381 871 1417 cmpit,
905 1381 939 1409 ab
968 1381 1074 1408 Adamo

279 1433 296 1452 ν
309 1435 332 1452 ao
348 1433 490 1454 nccccxcrx
507 1426 578 1462 apud
592 1426 732 1455 liornanos
747 1429 911 1455 numera‘ur
922 1427 983 1462 ;qui
996 1427 1073 1461 juxta

279 1470 482 1505 diligentiorem
511 1477 538 1500 et
552 1473 688 1500 veriorem
715 1473 961 1500 Alexandrinorum
979 1474 1073 1500 calcu-

281 1517 337 1543 lum
354 1525 407 1542 voo
430 1521 624 1549 nccccuxxtn.
645 1526 659 1545 a
684 1518 847 1546 Diocletiani
872 1519 988 1554 imperio
1005 1519 1070 1552 207,

280 1571 295 1590 ει
318 1564 410 1591 diiina
436 1564 628 1592 incarnatione
642 1564 705 1597 483,
724 1565 873 1593 indictione
891 1566 934 1598 Η,
950 1571 1070 1593 notatur.
1085 1578 1107 1609 ρ

283 1609 336 1643 Qui
355 1617 446 1638 annus
476 1618 538 1637 cum
562 1611 632 1638 citra
646 1610 759 1638 dubium
775 1611 859 1638 ullutn
877 1611 957 1639 fuerit
975 1612 1072 1647 vulga-

280 1655 319 1682 ris
332 1663 393 1683 tera:
408 1655 470 1687 491,
484 1656 589 1691 liquido
602 1663 714 1692 apparet
727 1657 939 1689 Alexandrinos.
954 1658 981 1685 in
994 1666 1074 1685 nlllll-

280 1702 483 1738 danisquidcm
500 1703 619 1730 sedecim
638 1710 725 1730 annos
743 1703 888 1738 pauciores
900 1711 1071 1736 numerasse,

279 1756 342 1775 mra:
370 1752 462 1775 autem
493 1747 658 1776 Christianas
685 1756 775 1776 annos
802 1749 956 1777 detraxisse
985 1753 1070 1777 octo:

280 1793 364 1831 idque
380 1795 578 1822 commodioris
597 1795 803 1830 supputationis
819 1803 914 1827 causa,
936 1801 964 1823 ut
989 1803 1072 1831 appa-

282 1845 334 1873 ret,
364 1847 419 1876 quo
440 1844 497 1868 toto
526 1848 581 1868 uno
597 1841 698 1869 sreculo
715 1842 850 1869 unitatuin
880 1849 911 1868 ac
938 1841 1071 1869 decedunt

281 1886 389 1913 numeri
401 1887 545 1921 :equaliter
558 1887 738 1922 procederent
749 1887 777 1914 in
789 1888 966 1916 recensendis
978 1888 1071 1915 mundi

281 1932 441 1967 Christique
458 1932 550 1960 annis.
577 1932 654 1961 llunc
685 1933 768 1968 igitur
795 1933 932 1961 calculum
963 1938 1073 1962 secutus

280 1978 474 2014 Theophanes,
485 1983 512 2007 et
526 1979 775 2016 chrunographiam
789 1986 803 2007 ιι
817 1979 933 2016 Georgio
946 1980 1073 2017 Synecho

281 2032 370 2060 usque
385 2025 418 2052 ad
439 2025 603 2054 Diocletiani
620 2026 781 2061 perductam
811 2026 889 2054 initia
913 2034 995 2061 porro
1010 2035 1072 2062 per-

279 2074 418 2104 texturas,
434 2072 553 2108 primum
570 2071 637 2099 dicti
654 2071 830 2108 imperatoris
844 2079 947 2099 annum
963 2080 1074 2107 compo-

280 2115 337 2143 suit
351 2123 413 2143 cum
430 2124 503 2143 anno
513 2116 615 2144 Christi
629 2116 694 2149 277,
711 2116 758 2152 qui
775 2116 866 2147 nobis,
881 2116 1014 2143 octennio
1030 2115 1075 2142 ad-

281 2159 352 2193 dito,~
370 2163 413 2188 est
439 2160 504 2193 285,
531 2165 614 2195 atque
635 2161 672 2187 ita
690 2161 774 2188 tacite
803 2160 924 2188 correxit
950 2167 1072 2188 errorem

280 2206 405 2234 auctoris
419 2206 474 2239 sui,
485 2213 587 2234 annum
598 2206 652 2234 278
664 2213 725 2234 tera;
739 2206 940 2240 Alexandrinae,
954 2207 1072 2241 primum

1127 279 1167 306 sic
1194 279 1284 307 serlus
1310 286 1392 314 quam
1411 287 1459 314 par
1483 283 1526 306 est
1545 278 1740 306 Diocletianum
1760 280 1792 306 ab
1816 287 1845 307 eo
1868 281 1891 309 in

1126 325 1272 360 imperium
1293 325 1399 352 induci.
1417 323 1487 352 Cum
1502 324 1575 352 enim
1600 324 1754 353 Graecorum
1777 333 1857 353 annus
1879 335 1892 354 ι

1128 370 1284 405 Septembri
1302 378 1399 398 mense
1423 378 1503 399 suum
1523 374 1614 398 sumat
1629 370 1778 402 exordium.
1800 375 1825 398 et
1845 376 1892 400 tum

1126 424 1158 445 ex
1174 416 1235 444 aliis
1250 416 1421 449 auctoribus,
1438 421 1495 444 tum
1516 424 1548 443 ex
1561 416 1709 449 Chronico,
1727 417 1796 452 quod
1809 422 1894 445 vocant

1126 462 1324 494 Alexandrino,
1339 462 1500 493 habeamus,
1522 471 1531 488 ι
1548 461 1744 489 Diocletianum
1766 463 1894 498 imperato-

1127 515 1185 536 rem
1202 508 1246 540 15,
1262 507 1399 536 Kalendas
1415 507 1559 536 Octrobris
1576 507 1748 535 Chalcedone
1768 508 1892 534 renuntia-

1126 559 1194 587 tum,
1209 554 1379 587 5,Kalcndas
1390 553 1519 582 Octobris
1534 553 1720 581 Nicomediam
1733 558 1893 588 purpuratum

1127 599 1286 632 intravisse,
1314 603 1342 627 et
1371 599 1502 627 Kalendis
1531 598 1657 626 Januarii
1681 599 1815 626 consulem
1840 606 1893 634 pro-

1125 645 1221 680 diisse,
1241 655 1250 672 ι
1274 645 1388 673 evidens
1401 648 1444 674 est
1467 645 1570 673 nullam
1596 645 1663 672 anni
1679 644 1731 672 2'16
1752 649 1847 679 partem
1867 645 1894 671 ad

1124 692 1214 728 ipsius
1230 692 1374 727 imperium
1390 692 1568 727 pertinuisse,
1589 691 1644 719 nisi
1660 698 1744 726 usque
1758 690 1789 717 ad
1812 690 1894 718 Kalen-

1124 738 1175 766 das
1186 737 1311 766 Januarii
1327 737 1438 766 diﬁ‘eras
1453 737 1517 766 anni
1534 737 1646 764 initiutn
1662 744 1819 764 numerare:
1833 736 1893 771 quod

1125 791 1179 812 non
1201 783 1306 811 faciunt
1323 787 1451 811 auctores
1466 789 1522 810 uno
1536 789 1608 810 anno
1630 781 1786 809 Diocletiani
1802 781 1893 808 initium

1125 830 1331 865 anticipandum
1347 829 1516 865 judicantcs.
1536 829 1582 856 sed
1599 828 1656 856 alio
1679 828 1799 855 nituntur
1812 826 1894 854 funda-

1125 880 1230 907 mento,
1248 876 1372 911 persuasi
1387 875 1514 903 videlicet
1533 874 1666 903 Palilibus
1687 874 1771 906 festis,
1793 874 1817 901 id
1831 877 1866 900 est
1881 873 1895 900 5

1126 919 1190 949 Idus
1208 920 1282 952 Maii,
1296 921 1371 948 illum
1388 928 1449 949 esse
1463 928 1592 948 exorsum
1609 929 1735 956 regnare.
1749 919 1839 947 Verum
1854 919 1894 946 hoc

1125 975 1207 1002 quam
1231 971 1335 995 temere
1350 971 1523 1002 assumptum
1544 967 1627 994 fuerit
1646 974 1679 994 ex
1693 966 1781 995 verbis
1805 964 1895 993 Claudii

1125 1013 1281 1041 Mamertini
1298 1013 1325 1041 in
1343 1013 1486 1046 chronieo,
1502 1013 1529 1040 in
1546 1014 1630 1040 alium
1648 1020 1759 1049 prorsus
1773 1019 1844 1047 quam
1861 1018 1895 1038 re-

1124 1068 1189 1088 vera
1207 1060 1327 1087 habeant
1351 1068 1463 1088 sensum
1483 1060 1610 1091 detortis.
1644 1059 1761 1087 dilucide
1787 1058 1895 1086 Petavius

1126 1109 1220 1133 noster
1241 1105 1361 1133 ostendit
1378 1106 1425 1133 lib.
1443 1111 1462 1133 tt
1480 1104 1520 1132 De
1539 1105 1666 1132 doctrina
1693 1111 1828 1139 temporum
1843 1111 1895 1136 cap.

1124 1152 1170 1185 30,
1188 1153 1305 1188 ingentte
1330 1155 1492 1184 retractans,
1507 1159 1568 1187 quas
1583 1152 1656 1180 alias
1670 1159 1701 1179 ex
1719 1152 1895 1180 inveterata,ut

1125 1199 1172 1231 ait,
1202 1197 1435 1233 chronologorum
1457 1199 1594 1226 sententia
1616 1198 1777 1233 scripserat.
1798 1194 1895 1224 Eosdem

1124 1249 1215 1272 autern
1241 1251 1355 1279 prorsus
1374 1244 1440 1271 nihil
1464 1247 1555 1279 potest
1575 1242 1677 1279 iuvare
1702 1243 1729 1270 il
1757 1242 1896 1270 consulatus

1124 1288 1289 1316 Diocletiani
1306 1296 1368 1316 cum
1387 1289 1415 1316 ll
1432 1296 1504 1316 anno
1526 1289 1680 1316 tribunitiae
1691 1309 1697 1320 ,
1710 1288 1734 1316 id
1746 1292 1785 1316 est
1799 1287 1897 1321 impera-

1125 1335 1203 1362 toriae
1218 1335 1376 1370 potestatis,
1395 1335 1424 1362 in
1446 1334 1612 1370 quibusdam
1630 1334 1767 1370 lapidibus
1781 1329 1898 1367 composi-

1125 1387 1179 1409 tus.
1193 1381 1274 1409 Aliud
1290 1381 1363 1408 enim
1381 1385 1422 1408 est
1436 1381 1579 1416 utriusque
1594 1380 1726 1408 initium:
1747 1384 1840 1408 etcum
1857 1377 1898 1403 hoc

1125 1428 1227 1462 optime
1240 1431 1348 1456 constat
1363 1428 1436 1462 quod
1452 1427 1525 1455 hunc
1540 1426 1720 1454 consulatqu
1734 1424 1825 1453 adierit
1837 1429 1898 1450 anno

1126 1473 1235 1509 imperii
1261 1473 1303 1501 sui
1331 1474 1433 1509 primo,
1448 1477 1474 1500 et
1498 1473 1561 1500 ideo
1587 1476 1666 1500 recte
1691 1480 1701 1497 ‹
1720 1479 1734 1498 a
1761 1468 1899 1498 consulibus

1125 1518 1296 1547 Diocletiano
1318 1519 1347 1545 tl
1367 1523 1394 1546 et
1417 1518 1579 1546 Aristobulo
1604 1517 1732 1552 ejusdem
1757 1511 1899 1543 Diocletiani

1126 1566 1188 1592 anni
1203 1566 1236 1592 ad
1251 1564 1355 1593 Pascha
1371 1564 1557 1592 ordinandum
1580 1564 1684 1600 digesti
1703 1565 1775 1594 sunt,
1793 1571 1803 1588 ι
1817 1566 1899 1595 quem-

1125 1611 1274 1638 admodum
1304 1611 1331 1638 in
1349 1610 1429 1638 fastis
1447 1608 1766 1645 Constantinopolitanis
1791 1611 1900 1641 expresse

1124 1658 1237 1685 dicitur.

1161 1703 1205 1732 13.
1229 1703 1558 1739 Constantinopolitants,
1581 1707 1709 1739 mquam,
1733 1701 1793 1729 licet
1815 1696 1900 1726 notiori

1121 1750 1178 1786 jam
1206 1751 1318 1779 nomine
1350 1751 1501 1778 chronicon
1533 1745 1752 1777 Alexandrinum
1774 1748 1897 1774 vocentur.

1124 1790 1155 1823 ἐκ
1178 1797 1309 1831 opinione
1328 1795 1428 1824 Raderi
1455 1795 1542 1824 nostri
1563 1796 1678 1824 eosdem
1700 1795 1791 1822 Grtcce
1804 1791 1897 1819 Latine-

1125 1849 1178 1876 que
1193 1843 1318 1870 edentis:
1338 1847 1420 1878 quam
1445 1844 1473 1870 et
1498 1849 1549 1870 nos
1573 1841 1786 1877 appellationem
1807 1838 1844 1873 (ut
1863 1843 1898 1862 rc-

1125 1891 1205 1923 cepto
1222 1888 1375 1915 serviamus
1400 1887 1475 1922 usui)
1501 1887 1635 1915 libentius
1652 1891 1823 1920 usurpamus.
1838 1879 1899 1908 Satis

1125 1935 1198 1962 enim
1212 1942 1275 1962 esse
1290 1937 1380 1970 potest
1394 1932 1532 1961 eruditum
1548 1933 1681 1960 lectorem
1703 1931 1746 1959 hic
1765 1928 1899 1958 monuisse,

1125 1981 1198 2016 quod
1231 1981 1381 2008 chronicon
1407 1980 1473 2007 illud
1495 1986 1591 2007 revera
1621 1979 1689 2006 nihil
1717 1978 1804 2005 minus
1828 1979 1898 2010 quam

1126 2024 1344 2052 Alexandrinum
1360 2024 1396 2051 sit
1410 2032 1417 2057 ;
1434 2024 1537 2059 quippe
1557 2023 1633 2058 quod
1649 2023 1719 2051 nihil
1743 2022 1836 2049 habeat
1848 2025 1900 2046 cum

1125 2070 1371 2099 Alexandrinorum
1404 2069 1556 2098 rationibus
1580 2076 1738 2097 commune.
1759 2067 1814 2094 Non
1837 2071 1901 2092 mem

1127 2119 1220 2150 slum,
1251 2125 1306 2144 non
1331 2117 1438 2144 dierum
1465 2116 1594 2149 nomina,
1626 2123 1690 2152 qua:
1725 2110 1900 2143 Alexandrinis

1127 2160 1288 2199 Egyptiaea
1303 2166 1382 2190 erant
1395 2162 1499 2193 onmla,
1514 2162 1650 2190 chronico
1670 2164 1760 2189 autem
1777 2159 1836 2186 huic
1848 2162 1901 2191 par-

1126 2212 1174 2238 tim
1191 2211 1285 2239 Grmca
1299 2211 1397 2246 partim
1407 2210 1502 2238 Latina
1511 2214 1586 2243 sunt,
1596 2214 1627 2237 ut
1639 2208 1769 2236 Kalendae
1782 2206 1898 2236 idtls,e|¢n

281 2249 446 2279 Diocletiani
461 2251 599 2280 facientis.
619 2251 725 2280 Etenim
754 2251 799 2279 hic
824 2251 972 2279 Alexandri
991 2251 1073 2278 Mam-
1091 2258 1111 2285 ο
1127 2253 1188 2282 Non
1217 2255 1325 2282 initium
1351 2255 1428 2286 anni,
1441 2254 1514 2289 quod
1541 2253 1738 2281 Alexandrinis
1765 2249 1872 2279 sumitur
1887 2253 1899 2272 a

283 2303 352 2326 mea
368 2305 456 2326 annos
471 2298 603 2326 tredecim
619 2302 694 2326 recte
710 2298 737 2325 in
756 2305 828 2325 anno
848 2297 914 2331 Elii,
928 2298 974 2333 qui
992 2298 1071 2325 nobis

282 2344 335 2372 225
357 2343 421 2376 fuit,
443 2344 610 2377 exordiens,
637 2345 730 2372 minus
752 2349 825 2372 recte
845 2344 934 2372 eidem
960 2344 1073 2372 dederat

281 2397 473 2419 successorem
499 2390 691 2430 Maximinum,
721 2399 795 2419 anno
817 2391 882 2425 228,
901 2391 948 2427 qui
973 2390 1072 2427 fuisse}

280 2437 403 2473 vulgaris
417 2445 480 2466 terte
506 2437 570 2470 236,
585 2443 661 2471 cum,
675 2437 779 2465 dictum
806 2437 991 2465 Alexandrum
1005 2443 1072 2464 con-

281 2489 336 2512 stet
353 2483 420 2512 solis
435 2489 533 2512 norem
550 2483 648 2512 diebus
668 2484 740 2511 ultra
765 2484 896 2510 tredecim
917 2489 1005 2510 annos
1028 2489 1072 2510 re-

284 2535 397 2563 gnasse.
411 2534 494 2564 atque
510 2533 579 2558 adeo
594 2530 684 2565 pridie
696 2529 787 2557 Nonas
805 2528 917 2556 Martias
937 2528 1072 2556 acclama-

282 2580 352 2608 tum,
362 2575 431 2611 ipsis
441 2575 534 2603 Idibus
547 2575 668 2604 obiisse:
682 2581 712 2603 ut
723 2581 895 2609 consequens
907 2575 943 2602 sit
954 2574 1070 2609 primum

279 2620 422 2649 Maximini
445 2626 548 2648 annum
573 2621 655 2648 statui
681 2621 810 2649 debuisse
823 2620 886 2653 227,
901 2624 929 2647 et
951 2619 1072 2654 reliquos

281 2666 415 2702 deinceps
443 2675 531 2695 annos
546 2675 562 2695 ι
579 2666 696 2702 Georgio
721 2671 889 2699 numeratos,
904 2666 953 2693 tali
979 2673 1073 2694 errore

280 2714 366 2742 semel
380 2715 482 2750 posito,
507 2722 673 2742 excrescere
695 2721 778 2749 supra
808 2721 952 2741 numerum
965 2712 1071 2747 justum

279 2768 353 2789 anno
368 2769 432 2789 uno.

319 2807 364 2835 Η.
382 2807 492 2843 Optime
506 2807 590 2843 igitur
609 2807 673 2836 fecit
693 2805 874 2842 Theophanes
890 2806 963 2842 quod
988 2804 1075 2834 Geor-

282 2853 370 2889 gianze
384 2854 612 2889 chronographla:
633 2854 802 2890 superﬂuum
815 2854 897 2881 istum
909 2859 1012 2880 annum
1027 2851 1074 2879 de-

282 2901 417 2927 traxerit:
433 2908 488 2927 non
513 2901 578 2928 item
596 2901 625 2933 ii,
644 2901 688 2935 qui
715 2900 766 2936 ipsi
789 2899 950 2935 Theophani
970 2906 1072 2927 annmn

1124 2307 1220 2328 mense
1234 2300 1336 2334 Thoth,
1352 2301 1432 2336 cujus
1446 2301 1553 2336 primus
1577 2300 1637 2328 dies
1651 2298 1799 2334 respondet
1810 2295 1842 2322 29
1854 2291 1898 2320 diti

1124 2347 1229 2374 mensis
1261 2346 1440 2382 Augusti:in
1467 2346 1600 2374 chronico
1628 2350 1720 2372 autem
1747 2351 1761 2370 a
1787 2338 1900 2369 Kalendis

1123 2392 1245 2420 Januarii
1263 2391 1388 2420 Romano
1402 2398 1480 2420 more
1494 2392 1613 2419 dueitun
1634 2390 1694 2418 Non
1713 2389 1776 2416 anni
1790 2386 1897 2415 titulum.

1124 2446 1206 2475 quem
1234 2438 1354 2475 Egyptii
1373 2446 1388 2466 ιι
1410 2438 1521 2474 regibus
1548 2436 1795 2472 imperamribusvc
1822 2437 1899 2460 sume-

1125 2485 1201 2518 bant,
1213 2485 1367 2513 Chronicon
1383 2489 1473 2512 autem
1489 2484 1573 2512 sumit
1588 2490 1603 2510 a
1620 2482 1781 2511 consulibus
1793 2487 1822 2508 el
1836 2481 1899 2504 more

1125 2530 1259 2558 Romano.
1287 2530 1347 2558 Non
1371 2537 1452 2557 seram
1469 2529 1590 2562 Christi;
1613 2535 1698 2564 quam
1712 2527 1818 2562 qualem
1830 2529 1899 2550 usur-

1125 2577 1216 2612 pariat
1232 2576 1410 2604 Alexandrini
1427 2575 1484 2610 jam
1502 2575 1632 2607 vidimus,
1659 2573 1808 2602 chronicon
1821 2572 1897 2597 autem

1125 2631 1239 2658 prorsus
1264 2630 1318 2650 non
1343 2622 1464 2657 attingit.
1490 2621 1643 2656 procedens
1665 2619 1818 2647 Graecorum
1833 2619 1898 2642 ιιιοω

1124 2675 1173 2704 per
1184 2666 1372 2704 Olympiades,
1393 2666 1529 2703 Egyptiis
1546 2666 1572 2693 in
1586 2666 1671 2693 rebus
1688 2664 1801 2700 publicis
1817 2659 1897 2688 consil

1125 2714 1241 2750 gnandis
1255 2714 1410 2741 inusitatas.
1427 2713 1463 2742 Ut
1479 2715 1568 2740 autem
1583 2717 1616 2739 ex
1634 2716 1710 2739 tanta
1724 2711 1896 2739 characterum

1124 2760 1383 2796 chronologicorum
1405 2759 1439 2787 ab
1460 2759 1711 2787 Alexandrinorqu
1734 2764 1783 2785 usu
1807 2755 1897 2782 discre-

1125 2807 1218 2841 pantia
1236 2805 1383 2833 manifeste
1398 2805 1576 2832 convincitur
1592 2803 1834 2832 Alexandrinorum
1851 2801 1896 2824 non

1125 2859 1196 2884 esse,
1213 2852 1239 2878 in
1255 2859 1310 2887 quo
1324 2851 1369 2879 illa
1385 2851 1532 2886 reperitur,
1548 2852 1585 2878 ita
1600 2857 1617 2877 e
1638 2855 1770 2877 converso
1783 2843 1898 2873 indubilt

1127 2902 1184 2925 tum
1204 2897 1311 2926 videtur
1325 2897 1390 2926 ferri
1407 2897 1541 2932 judicium
1560 2903 1656 2932 posse,
1671 2893 1814 2930 praedictos
1825 2890 1897 2917 lastos
