2035 3153
171 172 241 207 “'13

679 177 766 209 GOD.
787 178 1030 210 HENSCBENII
1045 179 1310 212 DISSERTATIO.

1729 182 1804 215 1174‘

169 229 410 265 Constantinopoli
427 236 477 258 seu
489 228 573 258 Novas
587 229 680 258 Romae
691 232 810 268 scriptos
820 241 891 267 esse,
909 233 956 261 ubi
971 234 995 264 Δ
1009 233 1089 269 cujus
1102 235 1214 271 egregio
1229 235 1308 263 tuitui
1323 239 1385 271 post
1402 236 1524 264 auctoris
1540 240 1655 265 mortem
1665 236 1693 266 iu
1709 237 1808 267 lucem

168 277 197 304 ln
220 284 271 304 usu
295 276 401 312 vulgari
420 276 473 306 ista
492 283 570 306 erant
584 279 687 312 omnia,
706 287 805 315 magna
823 283 901 315 parte
927 288 961 308 ex

170 323 254 351 veteri
271 321 357 351 Roma
374 323 439 351 illuc
451 324 576 352 traducta
594 325 675 353 simul
687 333 749 353 cum
762 326 871 362 imperii
882 327 959 360 sede;

169 377 224 398 non
238 369 302 397 item
316 369 344 397 in
368 370 474 406 reliqua
496 370 615 404 Graecia,
635 379 649 399 a
676 372 782 401 Latinis
801 373 961 401 nominibus

168 418 257 452 magis
271 417 440 446 abstinente.
458 417 532 445 Istud
548 426 614 446 vero
628 419 748 447 maxime
765 427 797 448 ex
813 421 961 455 postremis

169 462 291 498 pra-dicti
307 462 437 491 Chronici
452 464 533 492 annis
547 465 644 500 liquet,
663 465 764 500 quibus
783 472 838 493 tam
856 467 962 502 prolixe

167 508 362 536 describuntur
374 509 443 537 Acta
456 510 519 537 boni
536 510 670 546 Magistri.
686 512 713 539 in
727 512 828 547 templo
840 512 962 540 Studiis-

168 563 230 583 rum
252 555 493 591 Constantinopoii
519 557 619 592 sepulti
640 565 714 586 anno
731 558 849 586 llcraclii
865 559 909 591 Π,
928 558 963 586 ab

168 602 231 629 aliis
243 602 386 630 historicis
401 603 444 630 vix
461 603 559 631 leviter
571 607 660 637 tacta;
676 608 706 631 ut
719 612 774 632 non
791 609 897 632 tantum
908 605 961 632 ibi-

167 646 229 674 dem
242 646 390 682 scripsisse
404 652 557 681 auctorem,
577 649 626 676 sed
641 653 669 676 et
688 657 721 677 ex
738 649 854 678 Studitis
873 657 958 677 unum

168 691 264 725 fuisse,
271 692 352 720 nobis
360 697 489 728 appareat
497 694 746 723 verosimillimum.
753 695 805 723 Ast
814 696 963 732 pratﬂgitur

167 738 318 766 chronicon
333 738 405 771 haec,
431 747 493 772 quae
507 741 633 775 sequitur
651 748 751 776 gnome
768 742 871 776 Πέτρος
886 741 962 768 Ἀλε-

170 783 324 818 smpti“.
360 794 369 810 ι
400 784 472 812 Hinc
493 785 624 820 deinceps
649 794 784 814 annorum
808 787 843 814 ab
859 787 963 814 Adamn

168 831 340 866 protoplasto
365 831 423 859 sive
449 831 484 859 ab
509 832 584 860 orbis
599 833 703 861 conditi
727 834 841 861 exordio
858 841 963 861 summa

167 879 321 914 colligenda
347 884 401 913 est,
434 881 661 916 respondentium
690 881 829 916 inspirata:
860 889 875 908 a
903 881 958 910 Deo

1011 279 1189 314 producendo
1208 281 1330 309 intentus
1355 280 1558 313 Combciisius,
1577 281 1663 310 Notas
1692 283 1808 312 addidit

1011 325 1188 358 posteriores.
1224 324 1319 360 itaque
1333 325 1444 353 omissis
1459 325 1494 354 iis
1510 333 1579 360 quos
1595 327 1646 361 ipsi
1670 327 1801 356 observa-

1011 373 1078 397 runt
1103 374 1130 398 et
1153 374 1336 398 correxerunt
1361 371 1389 398 in
1413 371 1580 407 'l'he0phanc
1601 373 1752 406 erroribus,
1773 378 1812 402 et!

1011 415 1219 445 dillicultatlbus
1236 424 1305 452 quas
1333 417 1482 452 attigerunt
1513 418 1720 452 prmtcrmissis,
1745 419 1811 447 duo-

1012 465 1119 489 tantum
1137 462 1180 490 hic
1209 467 1308 497 puncta
1333 463 1509 490 notabimus:
1529 471 1584 490 non
1600 467 1655 490 tam
1682 464 1746 498 quia
1767 464 1814 491 ab»

1012 508 1081 543 ipsis
1095 507 1146 536 levi
1159 508 1241 536 uirilis
1253 515 1336 536 manu
1350 513 1464 537 tractata
1481 517 1531 537 nec
1544 509 1612 537 satis
1624 509 1699 537 fuere
1715 511 1803 545 expli-

1011 559 1073 582 cata
1086 574 1094 587 ,
1114 562 1196 590 quam
1209 555 1275 590 quia
1292 555 1325 583 ad
1342 555 1476 591 plurimos
1492 559 1692 590 consequenter
1713 563 1801 583 annos

1012 599 1175 635 spectantia,
1195 604 1278 628 totam
1308 599 1485 635 Theophanis
1511 600 1717 635 chronologiam
1753 601 1803 628 ob-

1013 646 1201 674 scuriseimam
1220 646 1348 678 reddunt,
1360 651 1388 674 et
1399 645 1434 673 ad
1452 653 1513 674 sera:
1531 647 1653 682 vulgaris
1671 654 1802 674 numeros

1013 692 1099 727 ipsius
1117 693 1239 720 calculos
1258 697 1355 728 aptare
1371 693 1537 724 volentibus,
1559 693 1736 721 incredibiles
1754 700 1802 729 pa-

1015 738 1089 766 riunt
1102 739 1261 767 molestias:
1277 746 1347 774 quas
1359 747 1410 766 nos
1426 739 1593 772 experiendo
1607 739 1708 772 edocti,
1727 739 1802 774 quod

1013 783 1049 811 iis
1083 785 1255 813 emolliendis
1283 786 1363 813 nobis
1389 786 1515 820 privatim
1543 793 1802 821 comparaveramus

1014 830 1164 858 remedium
1179 851 1188 864 ,
1204 831 1321 858 libenter
1339 831 1365 858 in
1389 831 1528 866 publicum
1555 832 1598 859 hic
1623 832 1799 861 conferimus.

1014 875 1062 903 Est
1078 880 1169 903 autem
1188 876 1239 904 hoc
1258 877 1332 905 ineo
1350 878 1443 910 situm,
1471 881 1501 904 ut
1525 879 1673 906 occasione
1694 886 1803 906 exerra.

169 913 323 961 scriptum
347 930 375 954 ει
393 913 490 954 sane“;
510 927 645 956 ξηειίιυιῖ,
667 935 716 962 per
734 913 846 956 hivinos
863 927 957 957 pauc;
973 913 995 941 Β
1012 922 1093 949 tionis
1106 921 1224 954 detecta.
1244 927 1272 950 et
1288 922 1398 951 statutis
1412 923 1500 951 eidem
1513 924 1648 959 utrinque
1665 924 1800 957 terminis,

167 972 289 1006 atquein
307 972 429 1000 Ecclesia
440 972 584 1001 Catholica
600 976 674 1001 recte
691 973 839 1001 celebratis
855 973 959 1002 festivi-

168 1019 282 1046 tatibus.
302 1027 312 1044 ι
331 1017 397 1046 Item
413 1018 447 1046 de
472 1019 550 1054 Agno
574 1019 665 1055 typico
680 1024 708 1047 et
722 1018 901 1047 PaSchalibus
916 1024 960 1047 at-

167 1070 224 1097 que
242 1070 274 1090 ex
292 1062 448 1091 matheseos
464 1063 620 1091 rationibus
638 1063 796 1099 frequenter
813 1064 958 1099 disputat:

167 1107 348 1136 Alexandrini
365 1115 456 1137 autem
471 1109 593 1145 episcopi
608 1110 697 1137 scitur
712 1118 811 1137 munus
823 1110 917 1142 fuisse,
932 1115 961 1138 ut

168 1154 289 1182 delinitis
305 1158 434 1182 accurate
450 1155 516 1182 solis
534 1149 653 1183 ac'lunae
670 1156 765 1191 cyclis,
788 1155 894 1183 Pascha
910 1156 960 1183 toti

168 1198 229 1226 orbi
252 1198 422 1232 Christiano,
439 1207 495 1234 quo
511 1200 555 1227 die
577 1205 649 1228 esset
665 1201 872 1233 celebrandum,
889 1193 961 1229 indi;

169 1249 254 1272 caret.
285 1245 356 1278 Quid
373 1250 464 1273 autem
482 1251 551 1278 tum,
578 1247 644 1274 sieo
658 1255 712 1274 non
728 1247 868 1277 obstante.
885 1248 960 1283 Cycli

169 1290 311 1319 Paschalis
340 1291 461 1319 rationes
488 1296 650 1327 perspectas
678 1292 778 1320 habere
804 1293 962 1320 studuerint

171 1336 290 1364 lleraclii
319 1345 378 1365 aevo
408 1345 505 1365 omnes
526 1338 573 1373 qui
596 1338 670 1365 docti
695 1338 843 1373 cupiebant
866 1338 961 1365 haberi

170 1382 242 1416 apud
255 1382 389 1411 Latinos?
407 1382 514 1411 Gnome
528 1387 619 1412 autem
635 1384 791 1412 istiusmodi
807 1392 863 1411 non
875 1385 962 1419 magis

170 1428 272 1455 indicat
294 1434 435 1457 auctorem
462 1429 549 1457 fuisse
564 1430 653 1464 patria
671 1429 899 1463 Alexandrinum,
913 1438 962 1458 ue-

169 1473 234 1500 dum
253 1474 330 1501 urbis
349 1474 423 1502 illius
439 1474 598 1510 episcopum
615 1474 744 1510 aliquem,
763 1483 844 1510 quam
863 1475 961 1503 similis

165 1519 223 1546 alia
234 1527 269 1547 ex
286 1520 394 1548 Eusebii
411 1520 602 1554 Ctesariensis,
619 1521 662 1549 vel
681 1521 827 1556 scriptoris
845 1521 961 1550 alterius

169 1566 306 1600 opusculo
336 1567 378 1594 vel
402 1566 518 1602 cpistola
546 1567 674 1602 quapiam
703 1571 816 1602 accepta
842 1571 869 1595 et
888 1567 959 1595 libro

171 1611 294 1646 praeﬁxa,
321 1611 470 1640 Eusebium
488 1616 537 1639 aut
553 1612 645 1647 ipsum
662 1612 744 1647 cujus
758 1619 790 1640 ea
806 1616 881 1640 esset
894 1620 961 1648 gno-

168 1665 214 1685 ute
236 1661 376 1686 auctorem
394 1659 535 1693 probaret.
561 1657 657 1693 Itaque
672 1658 745 1685 haud
764 1658 846 1693 paulo
860 1658 963 1686 rectius

168 1703 323 1732 Panuinius
339 1705 440 1740 aliique
457 1705 592 1737 fecerunt,
608 1704 777 1739 quidictum
792 1704 961 1738 Chronicon,

171 1751 250 1785 prius
267 1751 294 1778 in
314 1750 407 1778 Sicilia
425 1754 567 1783 repertum
582 1758 663 1785 quam
677 1749 744 1777 illud
755 1758 789 1778 ex
803 1751 963 1786 Augustam

172 1805 225 1824 ms.
244 1795 367 1824 Raderus
384 1797 494 1832 plenius
507 1797 720 1831 accuratiusque
732 1796 867 1832 vulgaret,
885 1805 894 1823 ι
912 1796 964 1824 Fa-

171 1849 230 1871 stos
257 1843 366 1871 Siculos
382 1853 392 1870 ι
427 1852 641 1878 nuncupavere,
665 1851 728 1871 cum
755 1851 806 1871 usu
827 1843 863 1872 sit
891 1844 964 1872 inter

172 1890 297 1918 eruditos
314 1893 456 1924 receptum
484 1889 575 1925 (quem
592 1894 620 1918 et
640 1897 691 1918 nos
707 1891 735 1917 in
747 1889 962 1926 martyrologio-

172 1943 233 1962 rum
254 1936 432 1970 antiquorum
452 1936 595 1972 sequimur
620 1936 838 1968 nomenclatura,
855 1936 963 1971 quoties

173 1984 333 2017 ignoramus
350 1983 384 2011 ad
400 1983 479 2017 cujus
498 1983 629 2011 Ecclesiae
645 1991 724 2010 usum
745 1973 883 2018 descripta
902 1981 963 2010 fue-

173 2029 240 2063 rint)
255 2033 285 2056 ut
299 2035 367 2056 mss.
391 2028 533 2056 codicibus
556 2035 656 2055 nomen
684 2028 730 2055 tiat
746 2035 761 2055 a
786 2028 848 2055 loco
866 2028 892 2055 in
908 2036 964 2063 quo

173 2075 274 2110 reperti
300 2079 375 2109 sunt,
395 2075 437 2102 vel
464 2074 498 2104 ab
513 2082 546 2102 eo
567 2075 614 2110 qui
635 2074 697 2103 illos
727 2074 854 2110 Proprias
867 2075 896 2103 in
913 2083 964 2103 sua

174 2120 297 2156 possidet
311 2121 490 2149 bibliotheca.

477 2185 591 2214 CAPUT
616 2184 663 2213 lll.

174 2241 214 2270 De
222 2250 292 2269 anno
308 2240 458 2268 Constantii
469 2246 493 2267 et
503 2240 605 2276 Galerii
613 2240 826 2276 corregnantium
834 2244 859 2267 et
871 2239 962 2274 quinta

213 2276 309 2304 l’hocaz
325 2278 350 2303 in
366 2276 529 2310 Theophanis
538 2275 753 2311 Clzronographia
769 2277 920 2311 praeteritis,
933 2283 963 2302 ac

210 2313 314 2339 demum
327 2317 386 2345 post
409 2312 526 2346 plurium
547 2310 678 2338 annorum
695 2311 802 2346 seriem,
830 2311 865 2337 ad
890 2310 966 2338 lacu-

211 2356 274 2374 nam
301 2347 470 2382 explendam.
497 2346 608 2373 Iuliana
639 2351 664 2373 et
685 2345 854 2381 Copronymo
885 2354 967 2381 supra

208 2383 313 2417 justum
332 2388 432 2416 tempus
448 2390 538 2409 eorum
555 2382 677 2416 adjectis.

213 2441 256 2468 14.
272 2440 418 2474 Postquam
428 2439 462 2466 ab
479 2439 595 2466 inﬁnitis
608 2437 804 2473 prOpemodum
813 2436 967 2470 erroribus,

179 2495 250 2521 quos
261 2487 446 2514 vitiosissima:
465 2485 565 2512 tabula:
583 2483 745 2518 Theophani
771 2483 967 2518 impiugebant,

177 2533 383 2568 diligentissimi
413 2531 536 2559 auctoris
571 2537 670 2557 nomen
698 2529 913 2562 vindicavimus,
940 2532 968 2557 et

180 2588 295 2614 prorsus
310 2579 436 2614 indignas
453 2586 516 2607 esse
533 2578 717 2611 ostendimus,
737 2586 798 2613 qua:
809 2585 871 2605 cum
886 2578 967 2606 chro-

178 2625 329 2660 nographia
342 2624 403 2659 ejus
417 2623 650 2652 circumferantur
662 2643 671 2656 ,
688 2631 744 2651 non
761 2623 813 2651 hoc
832 2623 966 2658 agendum

178 2670 259 2698 nobis
285 2674 424 2705 putamus,
452 2673 482 2696 ut
502 2669 609 2704 singula
621 2668 683 2704 ejus
697 2669 789 2703 capita
806 2675 968 2696 revocemus

179 2715 212 2743 ad
239 2723 354 2743 examen
365 2735 373 2747 ,
388 2720 416 2743 et
430 2715 598 2750 quandoque
612 2719 798 2747 exerrantem,
823 2715 896 2750 quod
917 2715 969 2742 hu-

179 2770 290 2790 manum
308 2767 362 2796 est,
377 2770 411 2790 ex
422 2761 486 2790 aliis
503 2761 669 2790 certioribus
683 2768 766 2796 quam
782 2769 842 2796 qua:
854 2761 914 2796 ipse
929 2761 970 2788 vi-

180 2808 222 2836 dit
237 2809 423 2839 monumentis
444 2815 477 2836 ac
501 2808 635 2843 temporis
653 2807 779 2842 signandi
801 2807 971 2836 characteri-

179 2854 245 2886 bns,
263 2862 426 2883 revocemus
438 2855 466 2882 in
482 2854 566 2882 viam.
583 2854 716 2882 Praestitit
730 2853 781 2881 hoc
797 2860 896 2888 magno
912 2858 971 2881 slu-

182 2901 228 2928 diu
255 2905 282 2929 ct
300 2901 393 2928 labore
419 2901 553 2936 interpres
570 2900 631 2936 cjus
646 2899 860 2936 pl‘iL‘ﬂOlllittltlllS
879 2899 969 2932 Goer;

1011 967 1143 995 doceatur
1162 968 1259 1002 lector,
1279 976 1311 997 eo
1329 969 1404 1003 quod
1425 969 1498 996 inter
1517 969 1608 1004 Magni
1625 969 1801 997 Constantini

1010 1019 1037 1041 et
1050 1012 1159 1042 Joviani
1176 1014 1351 1049 imperatoris
1367 1015 1479 1043 exordia
1494 1015 1571 1043 ﬂuxit
1588 1017 1686 1051 spatlo,
1704 1024 1802 1044 novem

1010 1065 1146 1086 annorum
1163 1058 1345 1087 dill'erentiam
1369 1059 1442 1088 inter
1455 1061 1593 1096 vulgarent
1612 1068 1692 1088 eram
1706 1068 1803 1088 teram-

1011 1112 1066 1139 que
1077 1105 1290 1133 Alexandrinam
1306 1113 1368 1134 esse
1380 1107 1601 1142 concipiendam,
1616 1110 1646 1134 ut
1661 1107 1719 1134 suis
1732 1115 1803 1141 que-

1011 1157 1066 1184 qttc
1089 1154 1220 1185 aptentur
1248 1151 1439 1186 temporibus:
1470 1156 1499 1179 et
1529 1159 1638 1180 rursum
1666 1153 1700 1180 ab
1730 1160 1804 1180 anno

1011 1195 1112 1222 Phocae
1138 1199 1237 1230 quarto
1262 1203 1349 1231 usque
1375 1196 1408 1224 ad
1437 1197 1609 1225 Constantini
1637 1197 1802 1234 Copronymi

1012 1246 1149 1268 mortem:
1171 1249 1235 1268 eum
1250 1242 1319 1270 alias
1336 1243 1530 1276 communiter,
1555 1244 1628 1271 sicut
1652 1248 1731 1271 antea
1759 1243 1803 1272 di-

1012 1291 1087 1315 ctum
1102 1292 1156 1320 est,
1183 1288 1234 1316 soli
1251 1292 1313 1316 octo
1328 1289 1392 1316 anni
1409 1289 1490 1325 adjici
1513 1289 1630 1317 debeant
1649 1290 1683 1317 ad
1706 1297 1804 1318 nume-

1012 1340 1074 1360 rum
1098 1341 1159 1360 azrae
1178 1333 1383 1367 Alexandrina,
1406 1339 1437 1362 ut
1452 1342 1515 1362 cum
1531 1335 1636 1371 vulgari
1654 1343 1804 1371 compona-

1014 1383 1068 1407 tur.
1093 1379 1250 1416 Utrumque
1265 1385 1355 1408 autem
1369 1385 1444 1409 tanto
1463 1381 1579 1409 facimus
1594 1381 1731 1414 libentius,
1748 1389 1803 1415 quo

1012 1426 1114 1454 certius
1131 1427 1276 1454 ostendere
1293 1434 1440 1462 possumus
1456 1431 1600 1462 postrema:
1618 1427 1802 1456 exerrationis

1013 1473 1121 1508 culpam
1149 1480 1322 1508 nequaquam
1339 1481 1425 1508 pcnes
1449 1473 1642 1508 Theophanem
1669 1473 1801 1506 residere,

1013 1518 1061 1547 sed
1081 1525 1227 1546 commune
1242 1522 1309 1547 tunc
1320 1519 1421 1554 passim
1439 1519 1526 1547 fuisse
1543 1519 1673 1547 omnibus
1686 1519 1803 1547 Alexan-

1013 1562 1092 1591 drina
1109 1571 1165 1590 tera
1187 1564 1341 1596 utentibus,
1361 1570 1391 1592 ut
1407 1571 1496 1592 annos
1514 1565 1607 1592 mundi
1630 1564 1802 1600 Christique.

1015 1618 1071 1638 uno
1084 1617 1167 1645 quam
1188 1617 1238 1645 par
1251 1615 1312 1638 erat
1326 1611 1482 1645 pauciores,
1505 1618 1539 1638 eo
1561 1615 1683 1646 tempore
1705 1619 1804 1640 nume-

1013 1660 1118 1688 rarent,
1132 1660 1159 1684 et
1175 1656 1216 1684 sic
1232 1655 1392 1683 imminutos
1405 1663 1468 1683 cum
1489 1663 1553 1684 vera
1567 1656 1717 1685 indictione
1730 1657 1804 1685 nihi-

1014 1701 1135 1729 lominus
1150 1705 1360 1735 componerent.

1051 1747 1095 1775 15.
1108 1747 1177 1775 Huic
1191 1747 1281 1775 simile
1295 1747 1403 1782 aliquid
1411 1747 1493 1775 etiam
1504 1747 1532 1775 in
1550 1748 1639 1783 primo
1652 1755 1718 1776 casu
1732 1749 1805 1776 acci-

1013 1793 1089 1822 disse
1109 1794 1244 1827 suspicari
1262 1800 1419 1828 possumus,
1433 1794 1624 1822 demonstrare
1635 1801 1689 1821 non
1704 1802 1804 1829 possu-

1014 1849 1087 1869 mus.
1106 1840 1211 1868 Etenim
1229 1840 1363 1876 Georgius
1385 1840 1542 1876 Syncellus,
1564 1840 1645 1876 cujus
1657 1841 1806 1869 chronolo-

1014 1887 1104 1922 gicum
1123 1894 1192 1922 opus
1210 1885 1406 1921 pertexendum
1420 1885 1603 1921 Theophanes
1623 1890 1717 1914 uoster
1740 1894 1804 1915 sus-

1014 1934 1098 1968 cepit.
1109 1940 1171 1969 pag.
1187 1932 1222 1960 52
1237 1932 1366 1960 editionis
1393 1931 1484 1968 Regia
1496 1932 1638 1967 puniatur,
1654 1941 1684 1961 se
1698 1942 1708 1959 ι
1723 1933 1806 1961 Chal-

1014 1979 1133 2006 daeorum
1160 1978 1272 2006 dubiam
1296 1979 1487 2014 conjecturam
1507 1983 1567 2006 arte
1586 1978 1806 2008 demonstrativa

1014 2025 1210 2057 refutaturum,
1224 2025 1381 2053 necessario
1394 2024 1619 2060 interpretandos
1636 2026 1689 2053 sibi
1704 2025 1806 2053 ducere

1014 2079 1104 2099 armos
1132 2071 1332 2108 Egregororum
1359 2079 1449 2106 usque
1473 2071 1507 2099 ad
1534 2071 1595 2100 {65.
1625 2072 1732 2104 Enoch,
1756 2072 1805 2107 qui

1016 2115 1108 2143 mundi
1125 2115 1175 2143 fuit
1193 2115 1273 2148 1287,
1301 2119 1333 2143 ut
1356 2115 1464 2149 deinde,
1481 2116 1579 2152 inquit,
1592 2117 1625 2144 ad
1642 2116 1805 2153 vigesimum

1014 2161 1189 2190 Constantini
1211 2161 1247 2190 ab
1267 2161 1354 2189 Adam
1385 2162 1485 2190 ordine
1508 2166 1618 2190 servato
1642 2162 1808 2190 numerandi

1015 2208 1115 2235 seriem
1132 2207 1291 2236 traducem:
1313 2212 1341 2236 et
1358 2215 1452 2244 regum
1472 2208 1620 2244 unicuique
1632 2208 1705 2244 genti
1720 2209 1808 2243 impe-

978 2255 1136 2295 Drantium
1161 2255 1321 2283 nominibus
1346 2255 1473 2291 prolatis,
1494 2263 1629 2283 annorum
1643 2263 1808 2284 vococccttvr

1017 2307 1153 2328 summam
1183 2308 1226 2327 me
1250 2307 1304 2328 non
1335 2300 1487 2328 oscitanter
1520 2299 1664 2334 collegisse
1693 2300 1807 2328 demon-

1017 2350 1112 2374 strem.
1133 2355 1142 2371 ι
1165 2344 1228 2373 llaec
1247 2345 1294 2372 ille
1307 2345 1397 2372 Goare
1416 2345 1573 2381 interprete.
1597 2345 1696 2372 Verum
1710 2346 1732 2373 si
1747 2348 1810 2381 quis

1018 2391 1182 2427 respondeat
1213 2391 1245 2417 τὸ
1278 2399 1360 2425 usque
1390 2390 1539 2419 terminqu
1572 2391 1752 2426 signiﬁcare.
1778 2396 1810 2419 ut

1018 2437 1121 2464 schola:
1149 2436 1251 2471 passim
1275 2436 1443 2472 loquuntur,
1464 2436 1662 2469 extrinsecum,
1687 2436 1812 2471 adeoque

1018 2482 1166 2518 Georgium
1189 2482 1344 2516 censuisse,
1369 2481 1543 2510 Constantini
1561 2481 1722 2510 Vicennalia
1749 2489 1812 2518 spe-

1019 2533 1095 2557 ctare
1114 2527 1150 2556 ad
1177 2528 1303 2563 proxime
1330 2531 1493 2564 sequentem
1508 2535 1524 2554 a
1541 2527 1614 2556 dicta
1631 2534 1739 2555 summa
1759 2535 1811 2555 an-

1018 2583 1084 2604 num
1109 2584 1155 2602 γαο
1175 2583 1287 2603 necem
1312 2576 1358 2611 qui
1387 2579 1485 2603 nostro
1515 2574 1586 2608 325,
1621 2574 1813 2610 responderet,

1019 2627 1094 2651 recte
1118 2630 1148 2650 se
1171 2622 1283 2650 habebit
1312 2626 1368 2650 tota
1399 2620 1509 2657 Georgii
1537 2621 1710 2657 supputatio,
1738 2621 1812 2656 iique

1019 2669 1174 2698 erraverint
1192 2668 1255 2701 soli.
1273 2668 1320 2704 qui
1342 2668 1370 2695 in
1392 2667 1489 2695 ultimo
1517 2666 1674 2703 praesigneti
1703 2665 1812 2693 numeri

1021 2723 1105 2749 anno,
1129 2715 1226 2743 eadem
1248 2714 1403 2742 vicennalia
1429 2713 1613 2742 collocarunt.
1644 2711 1701 2740 lloc
1719 2716 1810 2740 autem

1021 2760 1167 2789 manifeste
1192 2760 1375 2795 Theophanes
1390 2759 1464 2791 fecit,
1482 2758 1617 2793 siquidem
1632 2765 1694 2785 cum
1709 2757 1810 2785 Vicen-

1022 2807 1132 2835 nalibus
1157 2805 1328 2835 Constantini
1344 2809 1372 2834 et
1392 2811 1516 2839 tempore
1535 2803 1679 2831 celebratae
1693 2802 1812 2830 Nicaeum

1022 2851 1122 2887 synodi
1149 2851 1326 2880 indictionem
1352 2850 1387 2877 12
1412 2849 1568 2884 conjunxit.
1595 2856 1676 2884 quam
1704 2852 1814 2876 constat

1024 2898 1102 2926 Coss.
1118 2897 1231 2926 Paulino
1251 2902 1277 2926 ct
1298 2896 1409 2924 Juliuuo
1434 2894 1478 2923 die
1495 2894 1531 2922 20
1548 2894 1610 2924 Maii
1623 2894 1757 2928 habitant,
1771 2896 1813 2922 at-

1824 2993 1834 3004 t

1799 3012 1818 3044 ¹ῐ⁴
