2035 3153
235 161 306 195 1175

702 163 751 194 DE
770 164 800 193 S.
814 164 1061 195 THEOPHANIS
1079 161 1411 196 CHRONOGRAPHIA

1804 162 1870 197 1176

232 226 286 254 que
306 217 374 245 adeo
391 218 423 246 ad
443 218 475 246 l3
489 218 671 246 lndictionem
695 219 844 255 pertinere.
866 220 924 248 Tali
943 229 1025 256 porro
1038 221 1064 253 Λ
1076 222 1140 250 culo
1152 226 1244 250 autem
1260 225 1338 250 sexto
1352 225 1414 257 post
1429 221 1572 249 Anastasii
1588 225 1705 249 mortem
1725 229 1794 256 pene
1805 231 1871 257 quo-

230 271 324 292 errore
339 264 394 298 jam
411 264 511 299 posito,
529 265 717 293 necessarium
734 265 796 299 fuit,
820 273 868 301 per
886 273 976 294 annos
987 267 1022 294 20

231 317 341 337 sursum
369 317 538 343 ascensuro,
563 311 682 346 primum
715 312 891 340 Constantini
918 320 1021 341 annum

231 360 352 384 statuere
367 363 470 384 annum
495 364 551 384 sua:
570 365 632 384 aera:
648 358 713 385 297.
738 358 793 386 Nec
808 359 894 386 ullum
910 359 961 387 sibi
978 368 1026 395 po-

231 402 284 428 tuit
307 409 449 430 reservare
467 410 582 435 annum,
608 411 689 438 quem
706 404 871 433 Constantio
882 405 985 434 Chloro
997 411 1024 434 et

232 446 342 475 Galerio
357 447 523 477 Maximiano
543 450 720 482 inscriberet,
735 452 814 485 quasi
834 457 897 487 post
911 452 1024 480 abdica~

232 493 335 521 tiottem
354 494 515 523 Diocletiani
530 500 557 523 ct
575 496 733 524 Maximiani
750 496 878 526 llerculci
899 498 1024 534 (factam.

232 543 260 567 ut
293 540 378 568 tradit
401 540 517 577 ipsemet
540 547 568 569 et
603 543 782 570 consentiunt
813 551 930 577 omnes,
964 553 1026 573 terre

231 585 426 614 Alexandrinae
453 595 527 615 anno
548 588 612 621 296,
635 589 664 616 11
682 589 819 617 Kalendas
840 590 941 625 Martii)
958 592 1026 619 solis

233 637 353 668 quatuor
386 634 530 663 mensibus
556 635 670 663 rixissrt
696 636 878 665 Constantius
906 637 1026 666 Chlorus

233 677 409 706 Constantini
423 683 500 715 pater
517 689 524 707 :
543 681 616 715 quod
638 682 725 716 ipsum
743 683 889 711 manifeste
904 684 1027 712 ostendit

233 729 264 751 se
290 724 405 756 sentire,
433 731 496 752 cum
520 724 579 752 ait:
609 735 617 750 ι
637 726 717 754 Anno
742 728 849 762 imperii
879 728 1027 756 undecimo

235 770 290 796 rita
310 769 433 797 functum
447 778 455 803 ;
474 780 482 796 ι
511 779 592 806 quem
608 779 680 800 anno
696 773 750 802 285
766 773 873 802 dixerat
890 774 1026 803 Caesarem

234 823 297 844 esse
314 816 483 845 institutum.

269 860 315 891 16.
337 864 418 899 Atqui
443 871 498 891 non
517 868 622 893 tantum
639 865 855 894 Alexandrinum
870 867 1025 896 Chronicon

1079 268 1171 296 tannis
1190 268 1326 303 designat)
1357 273 1432 296 recte
1449 268 1590 303 componit
1608 275 1697 303 usque
1724 269 1757 296 ad
1773 268 1871 297 Phoce

1077 319 1105 342 et
1121 314 1241 342 Heraclii
1269 319 1410 350 tempOra;
1438 315 1483 341 ubi
1508 321 1597 342 novus
1619 314 1745 342 occurrit
1771 315 1870 348 nodus,

1077 362 1160 389 etiam
1180 369 1194 389 a
1211 361 1302 389 Goare
1323 361 1533 389 animadversus
1547 369 1554 394 ;
1569 361 1616 388 sed
1629 361 1678 392 ita,
1696 366 1726 388 ut
1748 361 1873 389 animad-

1077 407 1195 436 vertisse
1211 411 1370 440 contentus.
1381 407 1441 442 ejus
1456 414 1568 435 causam
1584 406 1785 442 exerrandique
1799 407 1874 442 prin-

1076 453 1148 489 cipia
1168 461 1201 481 ne
1214 453 1294 481 finem
1311 461 1365 481 non
1388 452 1506 481 sollicite
1522 452 1678 488 indagarit:
1700 460 1762 481 cum
1780 456 1872 480 tamen

1077 506 1134 527 non
1162 499 1272 527 modice
1297 499 1398 527 referat
1416 499 1450 526 ad
1478 499 1686 534 chronologiam
1717 499 1799 531 scire,
1817 507 1873 534 quo

1078 545 1140 572 loco
1156 548 1300 580 exemptus
1315 552 1405 572 annus
1425 552 1497 573 unus
1525 545 1572 577 sit,
1595 551 1651 579 quo
1677 544 1777 572 deinde
1801 545 1873 573 alius

1078 599 1151 619 unus
1174 591 1353 619 substitutus.
1377 591 1461 626 quue
1480 598 1514 619 eo
1534 591 1622 626 magis
1646 598 1737 626 operae
1753 591 1873 626 pretium

1077 641 1122 666 est
1138 637 1239 671 facere,
1254 646 1309 674 quo
1323 638 1428 666 certius
1446 641 1500 669 est.
1517 645 1572 665 non
1589 637 1709 672 aliquam
1727 637 1875 672 Theopha-

1078 686 1122 713 nis
1140 685 1383 713 hallncinationem
1400 684 1478 712 casui
1502 684 1696 716 intervexisse,
1719 684 1767 711 sed
1789 690 1822 712 ex
1840 691 1874 712 eo

1078 732 1151 767 quod
1170 731 1320 766 aliquando
1338 731 1446 766 publice
1462 734 1626 764 usurpatum
1644 730 1706 760 fuit.
1725 730 1752 757 in
1775 738 1875 758 neces-

1079 778 1190 806 sitatem
1215 777 1358 805 inductum
1374 777 1427 804 tale
1443 776 1508 812 quid
1527 776 1658 807 faciendi.
1672 777 1695 804 si
1714 776 1750 804 ab
1763 776 1875 804 usitatis

1078 823 1194 851 calculis
1222 823 1308 851 nollet
1323 825 1453 851 recedere
1467 827 1495 850 et
1512 827 1603 850 tamen
1619 822 1770 858 aliquando
1793 823 1876 850 vellet

1080 870 1107 897 in
1136 871 1207 896 riam
1231 869 1332 897 redire.
1359 869 1397 897 ita
1425 877 1507 904 porro
1535 877 1579 897 res
1606 869 1698 897 habet.
1724 869 1875 904 Postquam

234 904 312 941 dicit,
329 910 402 945 quod
421 909 613 944 Constantius.
629 911 802 940 Constantini
827 913 916 950 Magni
942 915 1026 949 impe-
1044 906 1064 933 Β
1079 914 1273 942 Alexandrina:
1288 922 1350 941 aet-2e
1373 922 1448 942 anno
1464 914 1517 942 595
1534 922 1629 943 mense
1653 913 1814 945 Novembri,
1832 913 1876 940 in-

234 955 337 983 ratoris
353 959 440 991 pater,
454 963 517 983 cum
537 963 624 984 annOS
644 957 678 984 Η.
701 957 876 993 imperasset,
892 959 947 986 vita
965 968 1028 988 ces-

235 1001 290 1035 sit;
305 1006 333 1029 et
349 1002 436 1035 ipsius
454 1002 630 1030 Constantini
646 1011 749 1031 annum
778 1006 897 1039 primttm
916 1013 1029 1041 compo-

234 1047 277 1076 nit
290 1055 352 1074 cum
371 1048 451 1075 initio
468 1048 638 1084 Olympiadis
652 1049 716 1080 972,
734 1050 781 1077 sed
799 1050 883 1078 etiam
900 1059 931 1079 cx
950 1051 1028 1080 fastis

235 1093 430 1121 consularibus
458 1097 578 1126 constat,
607 1098 706 1129 przeter
728 1094 805 1121 illum
833 1102 935 1122 annum
961 1103 1027 1131 quo,

234 1139 400 1167 cedentibus
417 1139 534 1174 itnperio
548 1139 666 1173 soceris,
679 1140 796 1175 Augusti
814 1141 947 1169 declarati
962 1146 1028 1170 sunt

234 1185 362 1214 Galerius
379 1190 461 1221 atque
475 1185 656 1214 Constantius
671 1194 678 1214 :
697 1187 779 1214 etiam
798 1195 873 1215 anno
899 1189 1027 1222 sequenti

237 1233 401 1260 consulatus
432 1233 552 1268 insignia
580 1233 703 1267 gessisse
730 1233 936 1262 Constantium.
966 1235 1029 1263 Fuit

235 1279 322 1315 igitur
337 1279 492 1307 Constantii
510 1280 656 1315 imperium
683 1281 765 1309 unius
779 1282 844 1309 anni
859 1286 887 1309 et
909 1286 1029 1317 quatuor

234 1325 393 1354 mensium;
411 1331 472 1361 post
490 1333 560 1361 quos
576 1331 687 1354 mortuo
705 1330 782 1362 patre
798 1327 843 1355 die
861 1328 878 1355 8
892 1327 1028 1357 Kalendas

234 1372 364 1408 Augusti,
383 1373 520 1408 reliquum
549 1372 659 1408 quidem
685 1376 805 1408 tempus,
824 1374 897 1410 quod
925 1374 1028 1403 Graecis

234 1419 370 1447 duntaxat
383 1419 466 1447 unius
483 1419 586 1447 mensis
600 1427 687 1454 usque
701 1419 728 1446 in
744 1419 808 1447 anni
825 1419 866 1447 sui
879 1420 932 1448 sub
947 1421 1027 1448 tinem

235 1468 392 1499 supererat,
411 1471 465 1492 non
483 1464 573 1500 potuit
587 1464 659 1500 apud
680 1472 728 1492 eos
754 1465 874 1500 primum
891 1465 1028 1493 Constan-

235 1511 285 1538 tini
303 1518 405 1538 annutn
419 1510 529 1538 efﬁcere
543 1519 549 1538 :
565 1510 654 1545 potuit
675 1515 768 1538 tamen
783 1518 878 1538 corum
900 1517 1028 1546 posteros

235 1556 378 1592 ambiguos
397 1556 511 1584 reddere
528 1556 690 1584 Latinorum
706 1558 877 1592 supputatio,
896 1557 929 1584 ad
945 1565 1026 1593 quos,

234 1602 327 1630 adhue
341 1603 463 1637 quinque
475 1610 585 1630 menses
597 1603 629 1630 ad
645 1602 806 1630 Ianuarium
823 1609 1027 1636 numeraturos,

234 1652 356 1682 cmperat
381 1648 582 1676 Constantinus
604 1649 751 1684 imperare.
767 1649 907 1684 Quidquid
934 1650 980 1682 sit.
1000 1654 1027 1677 et

234 1702 400 1730 quocunque
419 1702 452 1722 ex
470 1695 561 1729 capite
591 1695 609 1722 ii
637 1695 771 1728 errarint,
798 1695 845 1729 qui
864 1695 1025 1731 Theophani

234 1741 340 1770 erroris
354 1741 490 1769 dederunt
504 1741 693 1774 occasionem,
724 1743 814 1777 potuit
832 1743 890 1777 ipse
903 1750 1025 1771 errarent

234 1796 384 1824 agnoscere
407 1788 496 1823 atqueI
522 1789 671 1824 corrigere.
694 1796 758 1816 cum
785 1789 818 1816 ad
839 1789 1026 1817 truculentam

235 1835 310 1863 illam
328 1834 427 1863 famem
442 1835 653 1863 describendam
680 1835 816 1870 pervenit,
831 1843 893 1871 qua:
909 1837 1026 1870 septima

235 1881 386 1909 indictione
411 1881 573 1909 imminente
590 1880 731 1908 Orientem
754 1881 861 1912 afﬂixit,
889 1889 1027 1916 quamque

233 1935 268 1955 ex
283 1927 367 1956 semel
381 1928 470 1962 posita
487 1935 580 1956 rerum
597 1934 646 1962 per
662 1935 765 1954 annum
786 1935 872 1955 unum
888 1927 1026 1962 anticipa-

234 1973 310 2002 tione
329 1974 424 2002 retulit
439 1973 473 2001 ad
498 1981 602 2002 annum
627 1973 693 2002 5-14.
721 1973 750 2002 Si
767 1975 840 2002 enim
861 1979 936 2006 tunc,
962 1982 1025 2002 eum

234 2019 327 2048 habita
345 2023 387 2048 est
417 2020 528 2048 Nicena
544 2020 678 2056 synodus,
709 2020 912 2049 Alexandrinus
937 2021 1026 2048 solum

234 2066 368 2102 agebatur
382 2073 471 2094 anuus
488 2066 541 2094 316
556 2071 583 2094 et
599 2066 714 2094 indietio
731 2066 782 2100 t2;
796 2074 857 2102 quae
875 2070 937 2102 post
950 2071 1028 2095 etsta-

234 2117 289 2140 tem
306 2113 372 2140 anni
386 2113 483 2140 iisdem
497 2112 692 2140 Alexandrinis
707 2112 760 2139 5&4
773 2113 934 2140 imminebat
954 2113 1026 2140 indi-

234 2159 361 2188 etio.non
373 2157 510 2194 potuisset
524 2158 577 2185 nisi
592 2162 668 2186 sexta
685 2158 804 2190 censeri,
817 2158 939 2194 adeoque
954 2159 1027 2187 scire

234 2203 325 2239 potuit
344 2211 408 2231 cum
422 2204 569 2238 septimam
584 2204 664 2235 dixit,
681 2212 725 2231 res
741 2212 800 2239 qua:
823 2205 897 2232 illam
922 2213 1026 2240 praece-

1079 961 1199 988 dictione
1214 961 1242 992 6.
1260 960 1370 988 occisos
1398 968 1413 987 a
1441 960 1570 995 Tyranno
1595 959 1687 987 Phoca
1713 959 1875 986 Mauritium

1081 1006 1207 1042 filiosque
1225 1011 1380 1038 narrasset,
1396 1007 1516 1041 primum
1535 1006 1654 1034 Heraclii
1679 1012 1782 1033 annum
1810 1013 1876 1033 cum

1079 1053 1267 1080 Alexandrino
1278 1052 1331 1080 602
1342 1060 1513 1088 componens
1531 1053 1567 1079 ita
1583 1052 1692 1079 orditur
1705 1059 1712 1078 ε
1730 1051 1787 1078 lioc
1800 1059 1877 1079 anno

1079 1100 1184 1127 mensis
1198 1097 1327 1127 Octobris
1346 1098 1390 1127 die
1407 1099 1436 1132 «1,
1455 1099 1607 1126 indictione
1623 1098 1667 1131 tt,
1679 1097 1822 1126 lleraclius
1841 1105 1878 1125 ex

1079 1145 1172 1172 Africa
1204 1145 1312 1180 appulit
1339 1153 1402 1172 eum
1433 1145 1562 1177 navibus,
1579 1149 1663 1180 atqtte
1685 1143 1723 1171 ita
1746 1151 1780 1171 ex
1810 1147 1878 1170 octo

1079 1191 1178 1219 Phoce:
1195 1191 1277 1219 annis
1293 1191 1375 1225 eique
1402 1190 1636 1226 respondentibus
1661 1189 1877 1220 indictionibus,

1080 1245 1163 1265 uuam
1182 1237 1264 1265 tollit.
1283 1237 1312 1264 Si
1327 1237 1442 1272 quaeris,
1466 1236 1579 1269 Quam?
1594 1235 1804 1270 respondemus,
1821 1234 1877 1261 De-

1079 1285 1192 1317 cimam,
1216 1284 1243 1311 in
1260 1291 1342 1318 quam
1361 1291 1450 1311 annus
1475 1283 1589 1318 quintus
1615 1282 1712 1309 Phoca:
1735 1281 1877 1312 cadebat;

1079 1338 1141 1358 eum
1166 1337 1241 1358 anno
1259 1329 1384 1365 ejusdem
1402 1333 1504 1364 quarto
1521 1328 1555 1356 de
1580 1327 1716 1355 industria
1737 1326 1878 1354 conflatus

1080 1377 1107 1404 in
1123 1384 1222 1410 unum,
1241 1375 1342 1410 rejecta
1357 1374 1391 1402 ad
1409 1375 1511 1402 calcem
1527 1373 1589 1408 ejus
1604 1378 1690 1400 morte
1702 1372 1810 1408 Cyriaci
1826 1379 1879 1406 pa-

1079 1422 1219 1455 triarclne,
1247 1429 1330 1456 quant
1361 1421 1437 1448 hunc
1465 1430 1473 1446 ι
1493 1419 1597 1447 obiisse
1623 1418 1658 1446 29
1684 1417 1813 1446 Octobris
1830 1418 1879 1445 die

1079 1467 1206 1496 Sabbati.
1231 1474 1265 1494 ac
1281 1466 1366 1493 funus
1385 1469 1513 1493 curatum
1528 1472 1590 1492 esse
1603 1464 1638 1491 30
1657 1463 1780 1499 ejusdem
1797 1470 1880 1489 tuen-

1079 1514 1119 1541 sis
1136 1513 1181 1541 die
1198 1512 1352 1544 Dominica,
1372 1521 1381 1536 ι
1407 1511 1543 1539 habemus
1563 1518 1595 1538 ex
1615 1510 1750 1537 chronica
1775 1508 1881 1544 prndi-

1080 1564 1144 1588 cto:
1160 1559 1206 1594 qui
1223 1563 1379 1593 tetnporum
1396 1557 1575 1585 characteres
1593 1556 1621 1583 in
1646 1563 1749 1583 annum
1770 1555 1879 1582 dunta-

1080 1609 1127 1632 xat
1151 1604 1216 1636 599,
1232 1611 1295 1632 aerte
1318 1602 1511 1630 Alexandrina:
1536 1606 1564 1629 et
1587 1602 1615 1629 in
1640 1601 1675 1629 10
1691 1600 1878 1628 indictionem

1078 1651 1200 1678 eadunt:
1217 1649 1314 1685 reliqui
1330 1653 1423 1676 autem
1437 1652 1495 1676 tres
1509 1649 1574 1675 anni
1587 1647 1696 1679 Phoce,
1709 1646 1749 1673 utl
1762 1650 1790 1673 et
1805 1653 1881 1680 prse-

1078 1698 1209 1725 cedeutes
1223 1700 1354 1731 quatuor,
1367 1695 1409 1723 sic
1424 1695 1497 1722 inter
1509 1702 1539 1722 se
1550 1694 1709 1721 narratione
1722 1693 1881 1726 cohaerent,

1079 1748 1109 1770 ut
1122 1742 1242 1776 interjici
1259 1742 1313 1769 illis
1331 1748 1446 1776 prorsus
1460 1740 1529 1768 nihil
1543 1741 1642 1775 possit.

1115 1789 1160 1816 18.
1181 1788 1251 1822 Quid
1287 1792 1379 1816 autem
1410 1787 1501 1822 coegit
1535 1786 1738 1814 Alexandrinos
1767 1792 1879 1812 annum

1079 1843 1164 1862 unttm
1195 1833 1401 1862 dissimulatum
1432 1831 1574 1868 praeterire
1590 1831 1736 1858 manifeste
1764 1829 1881 1857 docebit

1079 1882 1249 1917 prtecitatum
1264 1880 1420 1908 Chronicon
1432 1879 1466 1906 ad
1481 1887 1585 1906 anmtm
1599 1877 1776 1912 imperatoris
1788 1875 1882 1903 llcra—

1078 1928 1124 1955 clii
1151 1927 1270 1963 primum
1296 1926 1373 1954 hisce
1387 1925 1502 1954 verbis:
1524 1934 1533 1950 ε
1554 1925 1576 1952 A
1602 1924 1719 1959 septimo
1743 1922 1880 1950 Octobris

1079 1974 1226 2009 praesentis
1241 1972 1401 2000 indictionis
1419 1971 1450 1999 14
1468 1979 1557 2006 usque
1571 1971 1604 1998 ad
1622 1970 1666 2002 15,
1687 1969 1814 1996 Januarii
1831 1969 1879 1995 in-

1078 2020 1209 2048 dictionis
1227 2019 1364 2055 ejusdem,
1381 2019 1517 2053 scriptum
1529 2021 1572 2045 est
1587 2017 1615 2044 in
1633 2016 1752 2051 publicis
1770 2015 1880 2043 tabulis

1078 2065 1187 2101 imperii
1202 2065 1330 2093 Heraclii.
1345 2065 1378 2092 Et
1394 2073 1408 2091 a
1426 2064 1458 2091 14
1473 2063 1598 2098 ejusdem
1615 2062 1776 2090 indietionis
1797 2060 1880 2095 ejus-

1077 2112 1139 2140 dem
1174 2112 1280 2140 mensis
1307 2110 1441 2146 scriptnm
1470 2115 1512 2138 est
1542 2109 1569 2136 in
1599 2108 1736 2143 reliqtmm
1763 2112 1880 2141 tempus

1078 2159 1143 2186 anni
1164 2166 1253 2194 usque
1280 2156 1314 2185 ad
1333 2156 1511 2184 Decembrem
1539 2162 1640 2190 nempe
1663 2154 1812 2188 expletum,
1841 2153 1878 2180 15

1078 2205 1230 2233 indictione
1263 2209 1291 2232 et
1322 2203 1467 2231 consulatu
1513 2201 1637 2238 ejusdem
1670 2199 1878 2236 religiosissimi

234 2251 337 2278 debunt
352 2250 530 2279 indictionem
545 2259 618 2278 anno
631 2258 687 2278 uno
713 2259 727 2278 a
752 2259 781 2280 se
808 2252 974 2287 anticipari:
998 2257 1024 2279 et
1040 2255 1063 2283 ι)
1079 2251 1214 2287 principis
1231 2250 1330 2278 nostri.
1351 2259 1361 2276 ι
1388 2249 1484 2284 itaque
1512 2255 1584 2276 unus
1612 2247 1741 2281 idemque
1767 2245 1879 2280 primus

233 2305 337 2324 annntn
367 2297 420 2324 225
450 2304 464 2324 a
481 2305 511 2325 se
534 2297 673 2325 numerari
694 2298 833 2330 debuisse,
853 2303 882 2325 ut
914 2298 1026 2326 haberet

233 2347 354 2375 uatem,
368 2351 451 2378 quatn
467 2344 583 2378 septima
602 2344 771 2379 sequebatur
784 2345 909 2372 iudictio.
932 2345 1026 2372 Maluit

234 2395 326 2418 tamen
345 2390 450 2426 positos
464 2391 550 2418 semel
564 2390 687 2419 calculos
704 2391 832 2426 ptosequi
850 2395 907 2419 toto
919 2392 1026 2427 reliquo

232 2437 408 2465 Constantini
441 2441 466 2464 et
497 2437 667 2466 successoris
696 2437 852 2465 Constantii
880 2441 1024 2473 tempore;

233 2487 315 2518 atque
331 2487 360 2510 ut
376 2483 481 2510 hiatum
497 2482 580 2510 unius
593 2483 684 2513 istius,
700 2482 764 2510 anui
781 2482 890 2510 tandem
910 2483 1024 2517 supple-

233 2533 285 2561 ret,
302 2528 403 2556 Juliani
422 2529 567 2564 imperium
584 2529 669 2564 (quod
688 2537 772 2556 unum
792 2535 894 2556 annum
912 2533 939 2556 et
953 2535 1027 2556 men.

231 2582 277 2602 ses
293 2579 356 2603 octo
373 2583 426 2602 non
440 2575 544 2610 integre
559 2575 690 2610 explevit)
707 2582 755 2610 per
766 2579 822 2602 tres
839 2581 909 2609 pene
923 2575 1027 2603 solidos

231 2629 322 2650 anuus
337 2622 471 2650 dividere.

267 2668 313 2696 17.
332 2668 390 2696 liac
405 2669 487 2697 unius
507 2669 572 2696 anni
589 2669 622 2696 ad
639 2668 742 2696 Julianl
759 2668 933 2704 tyrannidem
947 2668 1025 2702 adje-

233 2715 327 2742 rtione
343 2715 370 2742 in
384 2716 455 2742 viam
470 2723 614 2750 regressus
627 2715 822 2750 Theophanes,
839 2715 874 2742 ab
885 2715 964 2742 initio
977 2715 1025 2742 Jo-

232 2759 318 2793 viani,
335 2760 361 2788 id
380 2766 424 2789 est
440 2761 474 2788 ab
485 2769 558 2789 anno
574 2761 767 2788 Alexandrinae
781 2768 843 2799 terte
864 2761 928 2793 556,
945 2761 1024 2796 cujus

232 2805 381 2834 Ianuarius
394 2814 457 2835 cum
474 2813 569 2836 nostro
580 2808 634 2835 361
644 2807 786 2839 coint-idil,
805 2807 941 2836 inoﬂ‘enso
957 2808 1026 2843 pede

233 2852 417 2887 progreditur,
429 2859 457 2881 et
474 2862 540 2882 suos
554 2862 642 2882 annos
655 2861 717 2882 eum
735 2853 1024 2890 indictiouibus(qnas

232 2896 340 2932 reliquo
356 2903 453 2933 quarto
469 2905 494 2927 et
511 2901 606 2936 quinto
624 2901 725 2928 steculo
739 2900 830 2928 rarius
846 2901 960 2934 indicat,
973 2909 1023 2929 ste-

1078 2297 1196 2325 lleraclii
1209 2305 1311 2328 annus.
1326 2297 1353 2324 in
1369 2296 1440 2324 duas
1457 2295 1624 2323 indictiones
1645 2293 1808 2325 distractus,
1825 2299 1879 2318 oc-

1077 2344 1216 2371 casionem
1234 2343 1327 2369 attulit
1340 2342 1459 2377 primum
1477 2341 1595 2368 lierttchi
1613 2347 1716 2367 annum
1731 2337 1878 2366 statuendi

1077 2397 1152 2422 eum,
1180 2389 1227 2424 qui
1254 2396 1351 2417 revera
1378 2387 1458 2416 initia
1489 2387 1550 2422 ejus
1575 2386 1728 2422 praecessit,
1744 2389 1772 2413 et
1798 2389 1877 2411 totus

1077 2436 1176 2464 Phocaa
1187 2436 1350 2465 debebatur.
1366 2435 1425 2463 lioe
1441 2439 1532 2462 autern
1549 2435 1633 2463 semel
1642 2434 1743 2469 posito,
1759 2439 1878 2460 necesse

1079 2485 1130 2511 fuit
1158 2485 1191 2511 ab
1210 2485 1255 2514 iis.
1280 2484 1326 2519 qui
1347 2483 1428 2511 talem
1455 2483 1587 2510 tenebant
1612 2481 1750 2512 ordinem,
1778 2479 1876 2506 omnia

1078 2529 1195 2558 Heraclii
1207 2534 1234 2557 et
1249 2535 1443 2558 sueeessorum
1457 2529 1519 2564 ejus
1535 2531 1611 2563 gesta
1623 2527 1657 2554 ad
1669 2534 1751 2553 nnunt
1768 2533 1875 2552 anitum

1078 2576 1234 2611 auticipari,
1253 2576 1340 2610 magis
1363 2583 1447 2610 quam
1475 2581 1531 2601 acra
1558 2572 1743 2601 Alexandrina
1769 2571 1875 2606 integre

1078 2627 1221 2650 uulnerata
1241 2630 1321 2658 passa
1347 2623 1466 2659 fuisset:
1481 2621 1554 2656 quod
1581 2621 1714 2656 deinceps
1740 2627 1827 2654 usque
1845 2620 1874 2645 in

1078 2669 1252 2696 Palmstinatn
1274 2669 1430 2696 \‘ldCbllllllS
1440 2668 1574 2697 valuisse.
1588 2672 1671 2694 etiam
1688 2667 1760 2693 eirea
1790 2665 1872 2692 finem

1077 2716 1094 2743 9
1112 2716 1219 2744 saeculi.
1246 2715 1353 2742 scilicet
1374 2714 1401 2741 in
1417 2713 1618 2741 ecclesia~ticis
1635 2712 1791 2750 seriptqris,
1810 2718 1872 2744 quae

1078 2771 1139 2791 sese
1156 2770 1217 2789 :Irrm
1232 2760 1427 2789 Alexandrina:
1443 2760 1594 2795 aptabant;
1611 2766 1695 2793 quam
1724 2756 1873 2791 Theopha~

1078 2816 1127 2836 ncs
1150 2812 1245 2843 utpote
1275 2807 1428 2834 monachus
1444 2813 1575 2841 sequens,
1589 2811 1616 2833 et
1630 2804 1739 2832 tandem
1759 2801 1872 2830 exorbi-

1077 2855 1193 2882 tautiatn
1210 2855 1292 2882 istam
1309 2853 1351 2881 vel
1367 2853 1592 2880 animadvertens
1614 2851 1733 2886 primum
1746 2849 1786 2876 vel
1807 2855 1871 2875 cor-

1079 2904 1168 2938 rigere
1191 2902 1288 2930 volens
1314 2901 1341 2929 itt
1359 2909 1409 2929 sun
1435 2898 1667 2935 chronographia,
1693 2893 1870 2923 C--nstantini
