2035 3153
165 162 235 195 1177

163 267 336 295 dissimulata
356 273 466 293 rursum
483 265 768 301 indictione,‘ipsique
779 265 955 301 Coprottytno

164 314 257 349 (quem
290 320 363 340 anno
393 312 579 340 Alexandrino
612 312 664 341 768
691 322 700 338 ι
729 313 772 340 die
793 313 826 340 14
852 314 956 340 mensis

165 360 359 396 Septembris,
387 359 537 387 indictione
566 359 600 387 14
624 364 762 386 mortuum
797 367 860 387 esse
888 359 957 387 dicit

165 411 311 443 postquam
330 407 366 434 ab
388 406 465 433 obitu
494 406 582 440 patris
605 406 767 440 imperasset
797 413 886 434 annos
909 405 954 439 54,

165 460 276 480 menses
291 452 320 484 2,
331 451 391 480 dies
400 451 457 486 26),
474 461 483 478 t
501 456 572 479 totos
585 451 620 478 55
634 459 722 480 annos
740 452 851 487 reliquit
864 460 872 484 ;
888 459 956 487 quo-

166 500 240 527 niam
255 499 283 526 in
306 505 379 525 anno
400 497 589 525 Alexandrino
603 498 656 525 755
671 502 782 534 propter
811 505 904 525 rerum
929 502 956 524 et

166 545 347 573 indictionum
363 543 589 578 anticipationem
602 543 659 578 jam
675 543 788 577 dictam,
802 544 956 571 constitue-

168 597 211 620 rat
235 590 399 627 principium
421 590 527 625 intperii
544 589 579 617 ab
600 593 641 618 eo‘
662 590 796 625 suscepti,
815 599 825 615 ι
851 590 956 618 mensis

167 637 242 665 Junii
259 637 303 664 die
316 637 352 664 27
366 636 399 664 ad
416 636 607 670 insequentem
620 635 800 664 indictionem
818 636 850 664 10
869 636 956 671 perti-

168 689 260 715 nente,
280 693 289 708 ι
309 690 371 709 cum
390 682 550 717 insequens,
565 682 669 709 dictuttt
688 682 759 710 diem
774 682 887 711 indictio
901 690 956 709 nu—

167 731 268 758 tnerari
286 734 392 756 tantum
406 729 548 756 debuisset
575 729 602 760 9,
632 727 684 755 nisi
710 735 758 763 per
787 728 952 755 indictiones

166 777 255 812 primo
273 775 389 802 lleraclii
404 782 475 802 antto
493 775 655 809 getttittatas,
671 781 756 801 unum
777 780 879 801 attnunt
901 780 955 800 tera

168 821 349 849 Alexandrina
363 821 514 849 amisisset.

202 868 245 895 19.
264 867 327 895 Haec
341 872 431 895 autem
444 867 572 902 quamvis
588 867 624 894 ita
645 866 734 894 solide
748 866 864 894 deducta
889 866 954 893 sub-

166 914 277 946 sistant,
292 917 321 940 ttt
337 913 411 940 clara
428 913 484 940 sint
500 918 648 948 utrumque
664 913 812 940 terminum
828 913 955 940 conside-

167 960 304 991 rantibus.
331 967 432 986 annum
447 959 555 986 scilicet
569 958 667 985 Phocze
680 959 797 993 primum
813 963 839 985 et
854 958 957 993 Capro-

167 1005 241 1041 nymi
254 1005 392 1038 ultimum,
409 1005 485 1032 lubet
507 1010 597 1032 tamen
607 1005 690 1032 etiam
705 1004 839 1039 exemplis
849 1012 882 1032 cx
898 1005 957 1040 ipso

167 1051 332 1087 Theophane
359 1051 553 1086 comprobare.
580 1054 638 1078 toto
665 1050 711 1078 illo
740 1057 876 1077 annomm
893 1051 956 1079 ,173

166 1099 254 1133 spatio
267 1097 444 1125 hebdomadas
459 1097 552 1128 ferias,
573 1104 634 1124 cum
657 1096 742 1124 certis
754 1097 857 1124 mensis
872 1097 958 1124 alicu-

165 1144 210 1179 jus
227 1143 323 1172 diebus
338 1143 380 1172 sic
393 1144 560 1178 comparati.
573 1148 614 1175 ut,
630 1143 683 1170 nisi
703 1143 736 1170 nd
753 1151 855 1170 annum
872 1143 906 1170 ab
925 1151 959 1171 eo

166 1194 339 1218 numeratum
369 1189 484 1224 adiicias
511 1197 600 1216 annos
618 1196 728 1219 novem.
752 1196 894 1223 nunquam
919 1190 959 1216 sis

166 1244 261 1264 verum
282 1236 402 1271 vulgaris
415 1243 475 1263 terte
491 1243 592 1263 annum
611 1235 755 1262 habiturus
772 1235 814 1262 Vel
833 1235 859 1262 in
873 1234 961 1262 Theo-

167 1284 258 1318 pltane
283 1283 324 1310 vel
341 1283 368 1310 in
395 1282 449 1309 alio
468 1283 605 1317 scriptore
629 1282 746 1309 similem
766 1281 958 1309 ebronotaxim

167 1333 288 1357 tenente.
312 1328 393 1356 Anno
420 1329 506 1364 igitur
529 1327 714 1355 Alexandrino
737 1327 844 1355 8l3sic
862 1327 960 1355 scribit

167 1374 370 1410 Theophanes:
388 1384 397 1401 ι
409 1374 467 1402 Iloc
482 1381 565 1406 anno,
576 1373 738 1405 ittdictiotte,
757 1373 790 1400 l0
807 1372 959 1406 lieraelins,

166 1427 276 1457 peracta
295 1429 390 1450 mense
405 1421 490 1456 Aprili
512 1420 556 1447 die
568 1420 585 1447 4
598 1419 770 1447 solemnitate
787 1418 960 1446 Pascltali....

167 1468 196 1496 itt
225 1468 366 1496 Persidem
386 1467 524 1503 perrexit:
545 1476 554 1492 t
579 1466 625 1501 qui
652 1466 796 1493 character
821 1464 962 1492 Paschalis

168 1516 196 1543 in
219 1515 235 1542 ι
264 1515 380 1550 Aprilis.
398 1514 433 1542 10
449 1513 599 1541 indictione
619 1513 754 1543 cadentis,
773 1520 835 1540 eunt
856 1519 959 1539 annttm

675 163 762 193 GOD.
778 163 1019 194 HENSCHENII
1039 163 1300 197 DISSERTATIO.

162 219 333 256 (Iopronynti
348 226 451 246 annum
476 219 657 254 pettultimum
683 219 813 248 distraxit
830 219 857 246 in
874 221 954 251 duos,
972 225 992 251 Α
1009 222 1122 257 septima
1134 244 1142 256 ,

1181 223 1225 251 die
1258 223 1391 257 Sahbati,
1420 225 1571 259 Angustam
1604 228 1796 258 renuntiavit:

1011 272 1136 304 sequenti
1153 278 1218 298 vero
1235 272 1305 305 luce,
1318 280 1379 307 quae
1396 273 1498 308 Aprilis
1516 274 1638 302 Secunda
1656 275 1718 309 fuit,
1739 275 1799 305 dies

1010 318 1139 346 nimirum
1156 318 1299 347 Dontinica
1316 321 1406 348 sancti
1428 321 1583 355 Paschalis,
1602 323 1703 352 liberos
1718 333 1750 352 ex
1766 333 1798 353 ea

1010 365 1080 393 duos
1103 366 1225 394 Caesares
1250 367 1412 396 declaravit.
1443 368 1505 397 llaec
1528 369 1600 398 enim
1618 374 1673 397 tant
1695 371 1798 399 diserte

1010 411 1120 447 signant
1145 419 1247 439 annum
1275 413 1397 447 vulgaris
1421 422 1482 442 ante
1509 415 1577 448 769,
1599 421 1628 443 ut
1655 418 1799 445 manifesto

1009 461 1140 492 appareat
1153 458 1216 493 quis
1232 459 1362 486 octenttio
1380 459 1491 495 dempto
1518 459 1629 489 deberet
1644 463 1794 489 secundum

1009 504 1224 532 Alexandrinam
1258 513 1423 541 exsurgere.
1452 507 1580 543 qttamvis
1618 506 1799 543 Theophanes

1009 556 1111 577 annum
1128 549 1181 577 760
1200 553 1347 584 notaverit,
1369 552 1450 586 paulo
1473 557 1535 586 post
1561 553 1594 580 ad
1612 554 1798 589 aequalitatem

1009 600 1143 624 venturus
1164 600 1330 632 temporum.
1358 597 1511 633 penultimo
1527 598 1693 634 Copronymi
1712 607 1798 631 anno,

1010 645 1040 669 ut
1055 641 1158 669 dictum
1170 646 1224 674 est,
1243 643 1270 670 in
1284 643 1354 671 duos
1369 644 1468 671 diviso.
1483 644 1560 677 Quod
1576 651 1666 672 atttetn
1682 645 1800 672 Alexan-

1010 688 1089 715 drina
1108 696 1162 716 tera
1191 689 1333 717 utentibus
1356 691 1458 724 passim
1483 691 1639 717 communis
1662 690 1745 718 fuerit
1766 698 1800 718 eo

1010 739 1132 770 tempore
1160 743 1192 762 ac
1219 736 1265 763 ditt
1293 737 1376 764 etiam
1397 741 1460 771 post
1484 735 1691 772 Theophanem,
1717 745 1798 772 quem

1010 781 1069 816 ipse
1082 782 1172 809 tenuit
1187 783 1366 817 computandi
1385 782 1493 815 modus,
1509 781 1571 810 vide
1583 782 1618 810 20
1631 781 1719 810 Martii
1738 791 1800 817 pro-

1009 829 1102 855 batum
1131 828 1159 855 itt
1188 827 1357 864 martyribus
1388 829 1518 861 Sabaitis,
1549 838 1666 865 quorum
1691 838 1800 858 coawtts

1010 875 1130 910 scriptor
1140 875 1192 902 nisi
1207 875 1247 902 sic
1263 883 1352 903 annos
1367 882 1540 904 numerasset
1557 880 1583 904 et
1597 884 1698 903 annum
1713 884 1797 903 ttntttn

1006 929 1039 948 ex
1055 929 1129 948 more
1150 922 1290 949 omisisset
1308 927 1476 957 computare,
1499 931 1553 950 non
1575 922 1710 957 potuisset
1729 922 1797 949 scri-

1007 967 1072 995 bere
1092 975 1140 995 eos
1156 973 1270 996 mortem
1286 969 1436 1003 oppetiisse
1451 977 1524 996 anno
1541 969 1575 996 ab
1597 969 1665 995 orbe
1684 967 1799 995 condito

1006 1021 1061 1041 vtae
1086 1021 1241 1041 ccuxxt'tn
1258 1022 1273 1041 a
1288 1015 1390 1041 Christi
1415 1015 1607 1042 incarnatione
1631 1012 1700 1044 788.
1723 1013 1798 1040 indi-

1008 1059 1098 1086 ctione
1109 1059 1136 1092 5,
1153 1066 1216 1086 cum
1234 1060 1330 1094 quinta
1349 1060 1464 1087 indictio
1481 1068 1583 1087 annum
1602 1063 1727 1086 nostrum
1747 1058 1799 1085 797

1009 1105 1109 1140 signet,
1131 1110 1158 1133 et
1173 1106 1245 1133 ltunc
1265 1106 1354 1140 ipstttn
1373 1105 1470 1141 probet
1492 1111 1599 1141 tempus
1622 1105 1718 1131 nim-tis
1733 1105 1801 1132 vici-

1009 1151 1156 1178 nissimttm
1175 1151 1316 1185 Pascltati,
1335 1153 1362 1180 in
1376 1151 1412 1179 ‘23
1426 1149 1515 1179 Martii
1529 1151 1651 1183 cadenti.
1666 1152 1739 1186 quod
1751 1150 1800 1177 alii

1009 1203 1041 1225 ex
1059 1197 1222 1232 propinquis
1241 1198 1322 1225 annis
1341 1197 1408 1224 ttttlli
1428 1197 1568 1224 convenit.

1319 1250 1434 1281 CAPUT
1453 1252 1497 1280 IV.

1010 1309 1131 1336 Hernrlit'
1149 1309 1318 1341 imperatoris
1339 1309 1523 1339 r/tronalaris,
1545 1307 1648 1335 duobus
1675 1307 1753 1334 annis
1772 1307 1800 1333 in

1046 1352 1127 1370 unum
1150 1344 1271 1378 conﬂatis
1301 1349 1325 1369 et
1353 1344 1438 1370 altero
1461 1344 1487 1369 in
1515 1344 1581 1370 duos
1606 1343 1734 1368 distracto
1760 1343 1802 1378 in-

1047 1379 1155 1409 tricala.
1180 1376 1318 1405 euoluitur.
1346 1377 1525 1405 Indictionttm
1547 1378 1595 1405 sub
1620 1377 1709 1404 eodem
1730 1376 1801 1402 ratio

1044 1414 1207 1447 explicatur.

1046 1469 1092 1498 21.
1107 1470 1168 1504 Quo
1185 1474 1309 1506 tempore
1323 1469 1578 1505 Chronograpltiattt
1592 1475 1669 1496 suam
1689 1466 1802 1502 scripsit

1012 1515 1194 1552 Theophanes
1210 1537 1218 1548 ,
1248 1517 1434 1552 patriarcltam
1461 1515 1800 1549 Constantittopolitanttm

167 1561 290 1596 vulgaris
306 1568 368 1588 att-te
385 1560 440 1587 622
456 1560 557 1594 signet.
576 1559 681 1586 clarum
697 1563 739 1586 est
752 1559 775 1585 ei
792 1557 960 1585 debuissein
974 1578 996 1597 ρ
1013 1567 1125 1590 sanctus
1145 1562 1315 1597 Nicephortts
1334 1563 1430 1592 tenuit,
1460 1561 1541 1596 cujus
1566 1562 1650 1587 vitam
1673 1560 1803 1588 dedimus

167 1607 352 1635 Atexandrina
369 1613 424 1634 tera
454 1605 620 1639 respondere
634 1612 736 1631 antttttn
757 1604 810 1632 6H
832 1603 885 1631 nisi
910 1610 959 1630 an-

167 1661 221 1681 nus
239 1661 322 1685 unus,
337 1657 366 1680 ut
384 1651 518 1683 diximus,
533 1650 690 1677 excidisset.
713 1649 810 1677 Simile
825 1649 890 1684 quid
910 1648 959 1675 ha—

167 1700 218 1728 bes
232 1699 335 1733 schius
360 1697 563 1733 posterioribus
588 1696 683 1723 annis:
709 1695 756 1722 sed
783 1699 813 1721 ιιι
839 1694 957 1722 lieraclii

168 1745 340 1780 temporibus
374 1744 575 1776 immorentur,
612 1742 761 1777 iungamus
800 1740 959 1775 Theophani

168 1791 334 1820 Chronich
354 1789 538 1825 praet-italum,
553 1791 580 1815 et
595 1788 687 1815 statim
705 1786 795 1821 primo
815 1786 882 1813 dicti
908 1787 960 1812 im-

169 1837 305 1873 peratoris
320 1843 392 1863 anno
408 1835 541 1863 habemus
558 1843 567 1860 ι
588 1833 767 1868 Epiphaniam
777 1831 852 1860 Julio
866 1839 960 1860 mense

169 1883 264 1911 eadem
285 1881 447 1911 indictione.
470 1890 479 1906 ι
496 1880 542 1916 (ιι
557 1883 588 1907 ιιι
601 1878 757 1914 praefertur,
776 1877 828 1905 etsi
849 1885 897 1911 per
909 1884 961 1904 no-

169 1936 231 1956 vam
246 1927 471 1956 constitutionem
487 1927 637 1961 imperator
649 1932 664 1952 a
680 1924 713 1951 H
727 1923 851 1951 Januarii
866 1923 962 1950 volue-

170 1975 207 2003 rit
219 1974 252 2002 15
265 1973 443 2002 indietionem
463 1972 611 2006 nominari)
629 1981 638 1997 ι
657 1978 688 1998 ex
704 1969 825 1997 Eudocia
839 1972 958 1996 natamn

171 2021 266 2056 idque,
280 2024 311 2047 ut
325 2020 364 2047 ait
379 2018 537 2047 Cltronicon
554 2027 563 2043 ι
587 2018 632 2045 die
654 2016 757 2044 mensis
773 2015 900 2050 septimo,
921 2014 961 2042 fe-

171 2068 212 2095 ria
232 2066 260 2094 ι,
275 2076 285 2092 s
299 2065 382 2100 Atqui
401 2065 465 2092 talis
478 2063 537 2091 dies
551 2067 578 2090 et
594 2063 662 2090 feria
678 2062 780 2089 cadunt
807 2061 834 2087 in
857 2067 960 2087 annum

172 2113 294 2148 volgaris
318 2119 381 2139 atrae
408 2110 471 2142 6H,
500 2108 695 2137 Alexandrina:
718 2107 790 2134 (303:
808 2106 854 2134 hic
881 2105 963 2141 igitur

172 2167 236 2186 cum
267 2166 316 2185 sua
343 2158 377 2184 M
403 2156 555 2184 indictione
582 2154 688 2189 primtts
715 2152 841 2180 Heraclio
873 2159 963 2179 anuus

173 2206 200 2233 in
218 2205 333 2239 imperio
360 2203 421 2236 fuit,
436 2202 562 2238 quamvis
574 2199 758 2235 Theophanes
779 2206 881 2226 annum
910 2198 963 2226 602

172 2250 321 2279 notaverit.

207 2296 254 2324 20.
265 2295 341 2324 Adde
349 2303 383 2323 es
394 2293 592 2329 posterioribus
608 2292 689 2320 annis
701 2290 837 2326 exempla,
852 2294 918 2325 puta
931 2297 963 2317 ex

175 2344 238 2376 752,
255 2343 307 2371 sub
332 2341 411 2376 cujus
429 2341 550 2372 initium,
576 2348 585 2364 ι
600 2346 695 2366 mense
712 2336 840 2365 Octobris
858 2336 902 2363 die
917 2335 964 2368 26,

173 2389 328 2418 lttdictione
344 2387 371 2420 9,
388 2387 455 2415 feria
469 2386 497 2419 ι,
510 2391 590 2412 terra:
612 2388 702 2411 tttottts
717 2384 813 2418 ingens
828 2382 965 2410 Constan-

175 2437 291 2472 tinopoli
312 2435 448 2470 contigit:
473 2443 482 2459 ι
514 2434 610 2466 utique
632 2438 694 2458 cunt
712 2437 764 2457 nos
782 2429 908 2464 proximo
920 2427 966 2455 Ja—

174 2484 274 2512 nuario
289 2481 445 2510 inchoaturi
460 2485 586 2507 essemus
599 2484 704 2504 annum
721 2475 784 2507 7M,
801 2481 882 2510 atque
898 2473 966 2500 adeo

176 2530 239 2560 735.
255 2529 395 2557 nutnerari
416 2527 451 2555 ab
470 2523 663 2554 Alexandrinis
677 2522 831 2550 debuisset.
844 2520 909 2547 ltetn
927 2527 961 2546 ex

176 2583 249 2603 anno
269 2575 333 2606 755,
356 2582 412 2610 qtto
440 2583 449 2599 t
468 2580 562 2600 mense
588 2570 691 2606 Aprilis
717 2569 762 2596 die
783 2568 826 2600 iii,
855 2566 920 2594 feria
938 2566 964 2597 5,

176 2621 256 2649 Valid
276 2621 394 2649 Arabum
410 2621 467 2647 dux
490 2626 605 2646 sttorttttt
622 2617 740 2644 factione
755 2614 881 2643 sublatus
901 2620 963 2640 nar-

177 2673 254 2695 ratur
269 2677 275 2695 :
309 2677 319 2693 ι
337 2667 383 2694 ubi
400 2670 513 2701 apparet
534 2673 567 2692 ex
585 2664 777 2692 cltaracterum
804 2660 967 2688 collectione

177 2722 280 2742 annum
298 2713 350 2741 756
374 2712 477 2747 signari
503 2711 643 2741 debuisse,
660 2709 712 2737 nisi
729 2715 796 2736 suos
810 2705 967 2740 pracipites

178 2760 299 2789 calculos
314 2762 426 2787 secutus
443 2757 625 2790 Theophanes
642 2755 749 2782 luisset.
772 2753 894 2787 Denique
910 2751 967 2778 cla-

178 2807 299 2835 rissimis
323 2805 396 2832 notis
421 2803 570 2838 ittsignitur
591 2810 692 2831 annus,
719 2808 773 2835 quo
790 2810 799 2826 ι
817 2800 968 2834 Imperator

178 2853 381 2887 Coprnnymtts,
396 2850 478 2877 triutn
495 2856 609 2875 uxorum
628 2848 679 2879 vir,
695 2846 840 2873 Ettdoeiatn
859 2845 966 2871 tertiam

179 2898 325 2934 coniugem
353 2896 456 2931 Aprilis
483 2894 587 2923 mensis
619 2893 663 2922 die
688 2894 788 2929 primo,
816 2890 968 2919 indictione

1013 1609 1047 1636 M
1064 1609 1155 1636 Martii
1173 1618 1180 1635 ε
1209 1609 1255 1643 qtti
1272 1613 1298 1635 et
1322 1609 1379 1643 ipse
1394 1609 1559 1635 breviarium
1575 1607 1743 1640 conscuipsit
1759 1615 1804 1633 re-

1010 1663 1069 1682 rtttn
1087 1659 1148 1689 post
1163 1654 1281 1681 Mattritii
1300 1660 1413 1680 mortem
1430 1658 1567 1688 gestarum
1581 1661 1588 1679 ε
1608 1651 1680 1687 quod
1695 1651 1804 1679 Graeco-

1009 1701 1106 1728 Latinc
1123 1701 1255 1728 habemus
1272 1700 1375 1727 editum
1393 1707 1455 1726 cunt
1473 1699 1656 1726 eruditissimi
1672 1699 1722 1725 viri
1741 1697 1803 1725 Dio-

1011 1746 1082 1782 nysii
1109 1745 1212 1772 Petavii
1246 1744 1452 1778 chronologicis
1479 1743 1563 1770 notis.
1599 1742 1701 1769 llarttttt
1731 1742 1802 1769 bona

1011 1799 1075 1826 pars
1089 1798 1122 1818 eo
1134 1794 1252 1825 spectat,
1272 1794 1301 1816 ttt
1313 1790 1477 1816 ostendatur
1492 1788 1611 1815 llcraclii
1631 1787 1804 1822 imperatoris

1011 1843 1113 1864 annum
1131 1835 1249 1870 primunt
1274 1834 1362 1862 fuisse
1390 1841 1494 1861 annum
1520 1833 1643 1868 vulgat-is
1666 1831 1801 1864 atrati”,

1011 1881 1085 1918 quod
1097 1885 1124 1909 et
1140 1888 1192 1908 nos
1205 1881 1406 1915 amplectimur,
1428 1886 1598 1914 prorsusque
1622 1878 1803 1905 continuatur

1011 1936 1044 1956 ex
1067 1932 1165 1957 morte,
1184 1934 1266 1961 qttant
1285 1930 1347 1960 post
1371 1925 1480 1961 itttpcrii
1506 1932 1594 1952 annos
1621 1924 1744 1958 triginta,
1775 1927 1802 1950 et

1012 1980 1122 2001 menses
1139 1973 1245 2007 aliqnot
1263 1972 1366 1999 obiisse
1380 1971 1469 2004 illttm,
1485 1979 1562 2006 teque
1574 1970 1758 2005 Theophanes
1771 1977 1804 1996 ac

1011 2018 1183 2053 Nicephorus
1209 2017 1346 2045 scribunt.
1372 2016 1446 2044 Obiit
1475 2020 1566 2043 atttem
1590 2014 1742 2045 lieraclius,
1775 2018 1804 2040 ut

1012 2064 1051 2091 ait
1067 2063 1124 2096 ille,
1140 2070 1235 2091 mense
1250 2062 1340 2089 Martii
1357 2061 1510 2089 indictione
1528 2061 1571 2092 H,
1588 2060 1712 2094 adeoque
1731 2054 1804 2086 anno

1013 2109 1075 2141 6M,
1097 2109 1144 2144 qtti
1166 2108 1356 2136 Alexandrino
1370 2107 1422 2134 635
1439 2107 1631 2142 responderet,
1659 2105 1713 2132 nisi
1740 2104 1804 2132 ltttic

1013 2162 1084 2186 terte,
1100 2161 1132 2180 ea
1149 2161 1202 2188 qtta
1223 2153 1344 2180 diximus
1362 2153 1482 2184 ratione,
1500 2160 1591 2180 attntts
1615 2159 1687 2178 unus
1710 2150 1806 2178 fuisset

1014 2200 1133 2228 ablatus.
1149 2199 1206 2226 Nec
1223 2199 1303 2226 aliter
1319 2206 1400 2233 quant
1415 2198 1450 2225 ab
1472 2199 1526 2225 isto
1550 2197 1685 2232 principio
1708 2203 1806 2223 nume-

979 2247 1000 2275 ι)
1016 2247 1070 2274 rari
1087 2247 1181 2274 solitos
1194 2253 1282 2273 annos
1296 2245 1428 2276 llcraclii,
1448 2244 1556 2278 probari
1568 2244 1650 2270 etiam
1668 2246 1758 2276 potest
1773 2250 1805 2269 ex

1016 2292 1104 2320 sancti
1131 2290 1270 2319 Anastasii
1301 2289 1393 2317 Persa:
1413 2290 1492 2320 actis,
1522 2289 1555 2315 ad
1579 2289 1614 2315 2‘2
1634 2288 1756 2315 Januarii
1773 2294 1806 2314 ex

1016 2343 1123 2366 vetusta
1139 2335 1370 2371 interpretatione
1385 2335 1483 2361 Latina
1500 2334 1592 2366 editis,
1616 2334 1661 2361 ttbi
1684 2334 1708 2361 is
1735 2340 1808 2359 mar-

1015 2384 1115 2419 tyrium
1130 2390 1226 2417 passus
1237 2381 1339 2407 ι1ἰ‹·ίιυι·
1363 2389 1372 2406 ι
1387 2387 1460 2406 anno
1476 2379 1586 2406 ἀι-ειιιιο
1605 2382 1703 2405 ot‘lavo
1719 2378 1807 2412 impc-

1015 2429 1049 2456 rii
1070 2428 1187 2455 lleraclii
1213 2426 1334 2454 Piissimi
1361 2426 1537 2460 imperatoris
1551 2429 1578 2453 et
1597 2424 1707 2453 decimo
1727 2428 1808 2452 sexto

1015 2473 1189 2502 Constantini
1218 2473 1279 2508 ejus
1308 2473 1368 2500 lilii.
1385 2481 1394 2498 t
1421 2471 1489 2499 Nam
1519 2472 1541 2499 si
1568 2472 1712 2507 geminatis
1736 2471 1808 2498 itttra

1017 2528 1099 2547 unum
1113 2528 1215 2548 annum
1233 2519 1434 2547 indictionibus
1456 2518 1528 2546 idem
1550 2525 1640 2545 annus
1654 2518 1737 2545 etiam
1758 2524 1809 2552 pro

1016 2567 1124 2594 dttobtts
1150 2567 1247 2594 fuisset
1263 2565 1390 2592 Heraclio
1408 2565 1559 2600 itnptttatus
1586 2564 1612 2591 itt
1631 2564 1748 2599 publicis
1769 2568 1809 2589 ta-

1017 2614 1101 2646 bulis.
1114 2618 1140 2640 et
1155 2614 1176 2640 si
1196 2617 1257 2647 post
1269 2613 1302 2639 15
1313 2611 1437 2639 Januarii
1453 2611 1517 2638 atttti
1530 2610 1593 2642 611,
1608 2615 1637 2637 ιιι
1651 2613 1742 2644 empta
1759 2608 1811 2635 fuit

1018 2658 1103 2685 scribi
1118 2657 1152 2684 15
1166 2657 1290 2689 indietio,
1308 2657 1349 2684 sic
1364 2657 1448 2684 etiattt
1471 2655 1591 2689 scriptus
1611 2653 1706 2680 fuisset
1722 2660 1810 2679 annus

1019 2704 1137 2732 lleraelii
1166 2704 1195 2735 2,
1213 2710 1303 2730 annus
1329 2710 1384 2738 quo
1421 2708 1522 2736 passos
1555 2704 1597 2728 est
1627 2699 1809 2731 Anastasius,

1017 2758 1154 2786 quemque
1172 2758 1206 2777 ex
1239 2750 1384 2784 ipsiusmet
1403 2747 1522 2774 ileraclii
1541 2746 1655 2780 epistola
1672 2745 1810 2772 Constan-

1018 2797 1159 2832 tinopolittt
1172 2797 1275 2831 scripta
1288 2795 1321 2822 de
1336 2795 1417 2821 rebus
1432 2802 1447 2820 a
1464 2801 1494 2820 se
1509 2796 1603 2819 contra
1624 2791 1771 2818 (lltosroem
1782 2793 1810 2816 et

1019 2852 1081 2871 cum
1108 2842 1195 2878 Syroe
1215 2841 1323 2877 gestis,
1359 2843 1471 2867 constat
1501 2837 1601 2865 festum
1630 2836 1810 2864 Pentecoste:

1022 2890 1054 2917 15
1064 2889 1124 2916 Maii
1150 2888 1288 2920 retulisse,
1309 2890 1336 2915 ct
1362 2886 1379 2913 5
1400 2884 1501 2920 Aprilis
1525 2882 1655 2911 habuisse
1681 2881 1807 2910 Domini-
