2035 3153
263 125 332 157 1179

725 125 774 156 DE
786 125 816 156 S.
830 124 1078 155 THEOPHANIS
1097 123 1427 155 CHRONOGRAPHIA

1824 127 1883 160 1180

264 190 327 210 cam
349 181 378 210 in
404 181 493 213 Albis,
519 180 644 216 adeoque
674 180 760 209 fuisse
775 181 897 216 vulgaris
918 189 979 209 mra:
1004 180 1057 207 698
1072 185 1094 211 Α
1109 184 1214 216 spt-etet
1239 184 1296 208 tota
1321 180 1452 209 Chosroa:
1473 179 1631 216 Syroxsqne:
1647 182 1885 219 tragmdia,etquai

264 228 325 260 hic,
358 228 488 262 inquam,
516 234 607 255 anuus
638 226 780 255 debuisset
804 227 922 256 lleraclii
950 227 984 254 19
1004 234 1056 254 uu-

265 273 376 301 merari.

301 316 350 344 22.
380 315 451 349 Quid
471 315 557 351 igitur
583 315 785 352 Theophanes,
807 316 926 351 inquies,
948 321 975 344 et
998 317 1058 351 ejus

266 363 404 396 interpres
421 363 585 390 Anastasius
600 370 645 390 res
662 371 759 391 omnes
781 363 854 391 inter
864 363 1015 391 Chosroem
1031 368 1059 392 et

268 409 381 443 Syroem
398 412 490 443 gestas
507 411 534 435 et
551 407 726 443 imperatoris
744 408 874 436 victorias
887 408 971 443 posti
992 408 1060 436 indi-

269 455 370 483 ctiouis
397 455 506 482 initimn
536 454 674 487 obtentas,
697 455 725 481 in
756 462 857 482 annum
880 452 998 482 Heraclii
1025 454 1058 481 17

269 506 478 536 compegerunt,
503 508 609 536 suoque
637 501 762 536 exemplo
784 508 896 528 movere
919 508 993 533 eum,
1011 500 1059 536 qui

272 549 361 577 sancti
375 549 515 576 Anastasii
527 553 588 576 acta
603 548 722 584 politiori
736 548 805 584 stylo
818 548 936 579 ornavit,
947 551 976 574 ut
987 553 1061 574 eum-

271 593 330 621 dem
343 601 444 620 annum
461 593 543 620 etiam
570 595 628 627 ipse
651 593 722 619 dicto
739 591 870 627 martyrio
891 590 1060 626 assignaret?

271 639 330 666 Hoc
345 646 442 673 nempe
457 638 581 673 estquod
600 638 633 665 ad
655 643 715 665 acta
731 638 860 672 przedicta
874 637 993 664 diximus
1008 636 1060 672 (π),

270 690 358 710 annos
374 682 407 709 17
426 686 454 710 et
473 683 516 714 i8,
534 681 653 710 Heraclii
679 682 811 710 confusos
839 683 873 711 ab
897 683 1060 712 auctoribus

269 735 341 756 esse.
368 728 446 762 Quod
476 729 545 756 satis
570 728 680 763 quidem
702 729 836 756 intellexit
853 729 1059 757 eruditissimus

271 774 401 803 Petavius
425 783 485 802 eum
501 775 582 807 dixit,
605 775 720 802 relatam
746 774 780 802 de
791 774 894 802 Razate
913 775 1059 803 Persarum

271 821 386 848 ductore
405 821 551 848 victoriam
573 829 581 846 ι
601 828 674 847 anno
691 820 723 847 18
741 819 848 855 imperii
860 820 916 855 jam
931 820 1061 847 inchoato

271 876 332 896 cum
352 868 363 895 1
387 867 557 895 indictione:
591 877 600 894 ›
618 875 674 895 non
702 872 795 895 tamen
822 866 965 902 explicuit,
995 866 1060 902 quid
1075 856 1099 887 Β

271 918 345 942 esset
357 918 413 941 tota
429 913 493 940 anni
507 914 686 948 praecedentis
697 913 748 940 627
765 913 862 948 hyeme
874 916 956 947 atque
966 916 1063 939 testate

273 965 383 988 actum:
409 967 496 995 quare
512 960 539 986 in
554 959 666 995 ancipiti
681 967 731 986 nos
749 958 859 986 relictos
875 958 1062 990 crederemus,

273 1007 325 1034 nisi
343 1015 376 1034 ex
392 1006 452 1042 ipso
467 1006 645 1040 Theophane,
662 1013 728 1034 suos
751 1005 839 1040 ipsius
852 1005 976 1032 calculos
994 1012 1062 1031 con-

273 1052 414 1084 fundente,
428 1052 473 1079 lux
488 1051 568 1079 nobis
584 1052 676 1086 aliqua
691 1050 846 1086 ali'ulgeret.
864 1050 972 1078 Etenim
989 1058 1062 1077 anno

276 1098 393 1125 lleraclii
415 1097 459 1129 16,
485 1104 602 1125 narrans
626 1100 718 1125 vastos
738 1096 870 1124 Chosrois
887 1104 949 1125 cum
961 1096 1064 1131 duplici

274 1143 398 1171 exercitu
425 1147 553 1175 conatus,
572 1143 652 1171 facile
675 1142 798 1170 ostendit
817 1147 903 1170 totum
930 1150 993 1170 eum
1015 1150 1062 1169 an-

275 1197 352 1221 num,
369 1189 454 1217 rebus
470 1197 530 1222 qute
546 1190 582 1217 ibi
600 1189 797 1218 describuntur
814 1194 911 1216 contra
928 1188 1001 1216 Saim
1015 1196 1063 1224 ge-

276 1236 326 1263 stis
354 1236 438 1264 fttisse
467 1241 632 1271 occupatum
651 1256 659 1268 ,
690 1236 808 1271 ideoque
842 1235 996 1262 Turcorum
1032 1242 1064 1262 ex

275 1280 388 1309 Perside
413 1288 569 1317 regressum
597 1287 623 1309 et
647 1288 710 1308 cum
738 1281 919 1316 imperatorio
942 1280 1064 1309 exercitu

275 1327 508 1362 coniunctionem,
532 1331 580 1355 aut
600 1327 731 1355 incidisse
748 1328 774 1354 in
801 1332 963 1354 autumnum
989 1333 1064 1358 eum,

277 1374 350 1402 unde
367 1375 490 1409 proxime
508 1382 625 1410 sequens
641 1374 799 1401 Gratcorum
816 1381 906 1401 annus
925 1373 1000 1401 ducit
1015 1372 1066 1400 ini-

276 1421 364 1453 tium,
393 1425 438 1448 aut
467 1420 537 1447 forte
565 1421 648 1448 etiam
674 1421 761 1447 multo
782 1420 872 1447 serius
898 1419 1064 1453 contigisse;

277 1466 388 1494 interim
414 1466 478 1493 dum
503 1467 572 1494 alter
594 1465 765 1494 Persicarum
795 1466 939 1500 copiarum
968 1464 1067 1492 ductor

278 1513 424 1545 Sarberus,
435 1513 598 1539 continuata
613 1512 696 1539 etiam
711 1519 758 1546 per
769 1511 895 1546 hyemcm
908 1509 1064 1542 obsidione,

279 1558 478 1585 Chalcedonem
497 1558 606 1592 premit.
635 1557 666 1584 In
683 1565 738 1592 quo
761 1556 920 1592 repellendo
941 1559 968 1583 et
989 1556 1067 1583 hoste

278 1603 469 1639 persequendo
484 1611 553 1638 opus
564 1608 608 1631 est
627 1603 798 1638 insumptum
819 1602 905 1630 fuisse
919 1602 991 1637 quod
1007 1609 1067 1629 esse

278 1654 387 1686 poterat
404 1658 436 1677 ex
459 1650 555 1685 hyeme
573 1648 722 1684 reliquum.
747 1648 817 1676 llinc
834 1648 913 1676 fessis
933 1648 1069 1676 militibus

280 1698 342 1724 data
361 1697 450 1733 quies,
467 1700 494 1724 et
512 1696 643 1730 utrinque
660 1695 788 1731 parandis
802 1695 836 1722 ad
858 1699 997 1722 extremos
1019 1702 1067 1722 co-

280 1748 361 1771 natus
379 1743 483 1770 viribus
505 1742 655 1770 incubuere
682 1745 786 1776 partes.
812 1740 965 1775 praesertim
981 1740 1069 1768 llera-

281 1791 363 1822 clius,
376 1790 457 1825 idque
469 1789 610 1825 diligentia
621 1792 708 1820 tanta,
722 1792 752 1815 ut
766 1788 874 1815 hostem
890 1791 1070 1822 prtevertens,

282 1838 373 1864 statim
392 1844 407 1863 a
423 1843 516 1863 mense
535 1834 700 1870 Septembri,
718 1841 820 1861 annum
837 1832 1070 1868 Constantinopo-

282 1882 376 1910 litanis
394 1881 446 1910 6‘18
469 1881 628 1915 inchoante,
650 1880 677 1908 in
695 1880 802 1908 hostem
818 1879 947 1913 moverit,
967 1886 1071 1914 easque

283 1937 328 1957 res
351 1929 488 1965 gesserit,
511 1935 591 1963 quas,
612 1927 676 1963 quia
702 1926 772 1955 duos
800 1926 908 1962 priores
937 1933 1023 1953 annos
1043 1925 1070 1952 in

283 1983 368 2003 unum
395 1974 573 2010 Theophanes
602 1973 790 2006 conﬂaverat,
822 1972 856 2000 ad
887 1972 920 2000 i7
952 1971 1071 1999 Heraclii

283 2030 385 2050 annum
405 2026 432 2049 et
453 2021 631 2050 indietionem
657 2020 691 2047 15
710 2027 807 2047 omnes
832 2023 875 2046 est
893 2022 1005 2047 coactus
1026 2025 1071 2045 re—

283 2068 365 2095 ferre.
1057 2096 1062 2100 ,

318 2112 364 2139 25.
385 2110 486 2138 Verum
516 2109 581 2136 dum
611 2115 659 2142 per
687 2113 796 2134 menses
817 2106 942 2141 singulos
958 2113 1072 2141 progre-

285 2158 374 2187 diens.
391 2155 502 2183 tandem
529 2154 562 2181 ad
586 2154 620 2181 12
648 2163 657 2179 ε
679 2153 751 2180 diem
769 2151 927 2180 Decembris
938 2151 1071 2186 pervenit,

1109 227 1186 254 missi
1205 226 1278 254 ultro
1291 226 1415 262 citroque
1434 227 1468 255 de
1481 227 1633 256 foederibus
1652 228 1740 255 nuntii
1755 236 1828 264 egere
1839 238 1880 258 us-

1108 279 1162 307 que
1178 272 1211 300 ad
1232 273 1305 300 diem
1325 271 1357 300 15
1370 272 1432 300 Maii
1449 273 1606 301 indictionis
1621 274 1648 304 1.
1661 281 1716 308 quo
1732 274 1805 302 lectae
1824 281 1880 303 sunt

1109 318 1348 354 Constantinopoli
1371 327 1406 347 ex
1433 322 1563 354 suggestu
1595 319 1621 347 in
1646 320 1817 348 sanctissima
1840 321 1879 349 Dei

1110 362 1208 398 Magna
1221 362 1342 397 _ecclesia
1357 362 1502 391 Laureataa
1512 363 1688 398 imperatoris
1698 364 1802 395 liltet‘m,
1822 372 1881 390 nun-

1110 409 1211 436 tiantes
1224 412 1338 436 mortem
1359 407 1489 436 Chosroat
1502 413 1529 436 et
1545 409 1780 444 inauguratimiem
1791 408 1881 444 Syroa,

1111 455 1242 489 pacisque
1271 454 1401 483 stabilita
1430 455 1556 482 ordinem
1582 459 1666 489 atque
1696 454 1881 482 conditiones:

1110 508 1181 536 quas
1194 501 1303 528 litteras
1317 504 1412 528 aestate
1423 499 1480 535 jam
1495 500 1601 532 adulta,
1619 500 1776 528 latissimus
1790 500 1883 535 excepit

1110 547 1218 575 reditus
1242 545 1374 580 ilcraclii,
1390 554 1501 574 erucem
1529 546 1701 574 Dominlram
1722 547 1882 580 reportantis,

1110 600 1173 621 cum
1185 592 1241 628 jam
1259 599 1329 620 nova
1343 592 1458 620 indiclio
1469 599 1532 620 eum
1544 599 1618 620 anno
1633 592 1772 620 communi
1787 591 1886 619 Graeco-

1110 646 1172 666 rum
1189 642 1278 673 empta
1292 642 1376 667 esset.

1143 686 1193 714 Ἃ.
1213 686 1303 720 Atque
1317 692 1391 712 nunc
1404 685 1443 712 ita
1453 684 1527 712 clare
1539 684 1669 713 videntur
1684 685 1824 717 elucidata,
1834 692 1885 720 qua

1111 731 1176 758 olim
1201 731 1336 758 duntaxat
1356 731 1383 758 in
1409 730 1529 758 transitu
1554 730 1741 766 perstringere
1760 730 1840 762 licuit,
1861 736 1884 758 et

1111 777 1202 804 omnia
1217 785 1279 804 cum
1295 776 1492 810 Alexandrino,
1509 781 1538 804 ut
1554 781 1668 810 vocant,
1682 777 1823 808 Chronico,
1843 784 1883 804 an-

1112 824 1156 851 nis
1180 823 1262 859 paulo
1292 827 1354 859 post
1381 823 1485 851 secutis
1513 823 1631 858 scripto,
1657 824 1820 851 conveniunt
1843 831 1885 858 op-

1113 870 1189 897 time.
1217 868 1294 897 Nunc
1316 869 1385 897 libet
1414 875 1448 897 ex
1466 869 1563 897 eodem
1582 869 1725 897 Chronico
1743 871 1882 901 observare.

1114 914 1252 950 quomodo
1268 914 1368 950 primis
1383 915 1504 942 Hcraelii
1521 915 1605 943 annis
1618 914 1719 942 factum
1745 915 1787 948 sit.
1804 921 1830 942 ut
1845 923 1885 950 per

1113 961 1274 995 explicatam
1294 961 1423 996 superius
1438 962 1668 989 constitutionem
1683 962 1810 997 iubentis,
1822 967 1847 988 ut
1857 961 1885 988 ab

1113 1007 1158 1034 die
1177 1007 1212 1035 15
1224 1007 1349 1034 Januarii
1369 1015 1458 1043 usque
1482 1007 1509 1035 in
1527 1008 1592 1035 anni
1611 1007 1692 1035 ﬁnem
1717 1017 1726 1034 ε
1744 1008 1775 1035 15
1789 1008 1886 1035 indictio

1114 1057 1142 1080 et
1155 1053 1315 1081 consulatus
1335 1053 1454 1082 Heraclii
1471 1064 1481 1080 ν
1502 1053 1684 1087 scriberetur,
1712 1055 1811 1082 initium
1833 1054 1885 1088 qui-

1114 1098 1176 1126 dem
1203 1098 1383 1126 indictionum
1410 1106 1426 1126 a
1451 1098 1612 1134 Septembri
1637 1099 1670 1126 ad
1693 1099 1764 1127 aliud
1794 1103 1884 1134 tempus

1115 1143 1279 1172 translatum
1305 1144 1400 1176 fuerit,
1425 1151 1480 1172 non
1504 1148 1596 1172 tamen
1624 1152 1717 1172 earum
1731 1144 1821 1180 Cyclas
1839 1149 1885 1170 una

1115 1198 1189 1218 anno
1204 1191 1377 1218 aceeieratus
1394 1199 1400 1216 :
1430 1191 1496 1226 quia
1521 1198 1624 1226 nempe
1641 1190 1775 1219 secundus
1786 1189 1885 1216 Heractii

1115 1242 1206 1262 annus
1222 1242 1277 1262 non
1304 1234 1356 1262 fuit
1374 1236 1500 1270 signatus
1519 1235 1679 1262 indictione
1696 1235 1720 1267 1,
1739 1234 1804 1270 quod
1823 1232 1884 1268 Cyclt

1116 1279 1292 1315 quindenaril
1309 1288 1442 1308 numerus
1458 1281 1616 1316 anticipate
1628 1281 1752 1316 expletus
1772 1279 1886 1314 Wtulas—

1116 1329 1176 1358 set;
1200 1326 1247 1354 sed
1269 1326 1305 1353 ita
1327 1327 1459 1361 scriptum
1485 1326 1548 1360 fuit,
1587 1336 1597 1353 ε
1620 1327 1676 1354 ind.
1700 1326 1742 1359 15,
1765 1325 1831 1353 liier.
1848 1324 1885 1356 11,

1117 1377 1179 1407 post
1201 1373 1308 1400 consul.
1336 1372 1457 1400 Heraclii
1485 1373 1603 1409 Augusti
1625 1381 1632 1400 :
1654 1382 1664 1399 ι
1697 1377 1725 1400 et
1741 1373 1782 1399 sic
1805 1377 1886 1399 ροηδε*

1117 1421 1233 1452 quenter
1247 1425 1320 1446 anno
1337 1418 1417 1446 tertio
1440 1427 1449 1444 ι
1472 1418 1530 1446 ind.
1548 1418 1574 1451 1,
1596 1417 1667 1446 ller.
1684 1418 1730 1446 111
1757 1422 1814 1453 post
1830 1424 1884 1444 con-

1117 1463 1237 1491 sulatum
1263 1463 1383 1492 lleraelii
1403 1465 1519 1498 Augusti
1535 1465 1565 1491 11
1585 1474 1594 1490 i
1624 1466 1733 1500 quando
1748 1465 1820 1492 etiam
1832 1471 1887 1491 ron-

1118 1509 1244 1537 stitutum
1267 1514 1320 1543 est,
1339 1514 1369 1538 ut
1388 1518 1402 1537 a
1419 1511 1463 1538 die
1478 1511 1514 1539 25
1533 1510 1663 1539 Januarii
1681 1512 1720 1540 sic
1735 1512 1886 1542 attribuatur,

1122 1565 1131 1582 ι
1151 1556 1262 1591 Imperii
1285 1557 1559 1592 religiosissimorum
1580 1562 1741 1586 nostrorum
1755 1557 1886 1593 principum

1117 1606 1146 1629 et
1166 1602 1348 1630 maximorum
1362 1604 1556 1631 beneficiorum
1575 1609 1735 1636 auctorum,
1751 1604 1826 1631 Flavii
1845 1602 1887 1629 lie-

1120 1649 1199 1677 raclii
1222 1649 1352 1684 piissimi,
1379 1657 1452 1677 anno
1470 1650 1519 1678 111
1534 1671 1542 1683 ,
1564 1656 1631 1686 pom
1645 1651 1808 1679 consulatum
1827 1649 1888 1683 ejus

1120 1695 1181 1723 dem
1210 1702 1284 1723 anno
1313 1696 1356 1727 H,
1375 1700 1403 1723 et
1426 1696 1512 1724 Flavii
1541 1696 1662 1725 lleraclii
1691 1697 1806 1726 Junioris
1828 1696 1888 1723 Con.

1119 1741 1245 1774 stantini,
1267 1749 1282 1768 a
1308 1741 1363 1769 Deo
1394 1742 1525 1770 eustodlti
1555 1742 1604 1770 lilii
1622 1744 1694 1779 ejus,
1711 1751 1780 1771 anno
1804 1742 1885 1777 primo,

1120 1794 1230 1822 semper
1246 1787 1434 1822 Augustorum
1449 1789 1661 1824 imperatorum.
1678 1799 1687 1816 ι

1155 1833 1201 1861 25.
1221 1831 1322 1861 Verum
1335 1834 1368 1861 ad
1386 1834 1458 1869 quod
1473 1839 1582 1871 tempus
1607 1836 1730 1864 dicemus
1744 1833 1884 1862 translatum

1121 1878 1302 1907 indictionum
1332 1879 1669 1916 initium?Theophanes,
1694 1881 1763 1909 nulla
1791 1880 1887 1907 istarum

1121 1925 1274 1953 novitatnm
1290 1925 1383 1952 habita
1398 1927 1517 1958 ratione,
1537 1931 1565 1955 et
1581 1935 1669 1955 annos
1686 1926 1796 1955 lleraclii
1815 1926 1887 1958 impe-

1122 1969 1223 1996 ratoris
1244 1972 1271 1997 et
1287 1969 1454 1998 indictiones
1473 1978 1487 1997 a
1513 1970 1670 2007 Septembri
1690 1978 1779 1999 mense
1799 1968 1886 1997 subdu-

1122 2021 1185 2042 cere
1200 2021 1230 2042 se
1251 2014 1396 2043 manifeste
1418 2016 1532 2049 indicat,
1550 2024 1613 2044 eum
1636 2025 1708 2045 anno
1724 2014 1830 2044 ilotaclii
1850 2019 1887 2040 se-

1122 2061 1244 2088 cundum
1258 2061 1395 2088 calculum
1409 2061 1468 2096 eius
1485 2063 1576 2094 tertio,
1601 2064 1649 2090 sed
1667 2062 1807 2091 secundum
1829 2058 1887 2086 veri-

1123 2110 1207 2136 tatem
1244 2110 1271 2134 et
1304 2107 1442 2142 publicam
1481 2109 1620 2137 scribendi
1649 2108 1785 2137 formulam
1815 2105 1887 2133 adhuc

1124 2153 1260 2185 secundo,
1278 2158 1373 2180 narrat
1385 2155 1593 2182 coronationem
1609 2155 1765 2191 Epiphania:
1778 2162 1791 2180 a
1808 2150 1887 2185 Sergio

285 2211 341 2239 quo
352 2203 410 2238 ipse
421 2202 572 2237 Imperator
584 2204 646 2228 ante
656 2207 750 2227 omnes
769 2199 915 2234 prosiliens
926 2197 1071 2226 Persarum
1089 2204 1110 2232 υ
1125 2199 1285 2234 patriarcha
1302 2199 1401 2227 factam
1420 2209 1429 2226 ι
1454 2201 1558 2229 mensis
1581 2201 1711 2229 Octobris
1725 2200 1767 2227 die
1789 2199 1813 2230 Δ,
1829 2195 1887 2223 Indi-

285 2250 426 2276 ductorem
439 2247 564 2279 offendit,
577 2254 695 2281 eumque
708 2245 753 2273 Dei
774 2245 878 2273 virtute
889 2248 916 2272 et
930 2244 978 2271 Dei
989 2243 1073 2272 Geni-

288 2296 364 2324 tricis
396 2295 500 2323 auxilio
529 2294 700 2330 prostravit,
721 2302 731 2319 ι
763 2292 822 2327 ipse
844 2299 924 2320 suum
951 2299 1072 2318 errorem

287 2343 400 2375 indicat,
415 2347 441 2370 et
454 2342 557 2378 pariter
582 2341 670 2368 facem
689 2338 769 2367 nobis
791 2346 901 2366 rursum
920 2337 1009 2371 eifert,
1032 2337 1075 2364 di-

287 2399 372 2418 cens:
411 2389 549 2416 xSabbati
577 2387 648 2415 diem
673 2386 770 2414 fuisse.
794 2395 802 2410 ι
834 2384 891 2412 Hoc
917 2384 990 2412 enim
1019 2391 1073 2412 non

286 2436 405 2472 quadrat
423 2435 450 2462 in
477 2435 509 2462 l5
527 2433 718 2463 indictionem.
745 2431 798 2459 nisi
813 2431 899 2465 ipsam
916 2438 930 2457 a
944 2429 1075 2457 Januario

287 2485 314 2512 in
336 2483 500 2511 Januarium
524 2481 626 2513 ducas;
655 2479 704 2507 sed
732 2479 760 2506 in
782 2477 960 2505 indictionem
985 2477 995 2504 1
1021 2485 1074 2511 qua

286 2530 369 2566 tiyclo
387 2529 453 2556 solis
471 2528 516 2559 ΞΟ,
532 2528 622 2554 littera
645 2525 808 2554 Dominicali
827 2524 848 2550 D
868 2524 928 2552 dies
944 2524 977 2551 ιιι
994 2525 1062 2552 Octo

287 2576 344 2603 bris
355 2572 539 2601 concurrebat
552 2579 615 2599 cum
633 2570 764 2603 Sabbato,
785 2576 810 2598 et
826 2578 915 2597 annus
929 2569 986 2604 (328‘,
999 2568 1075 2596 Grae-

287 2624 328 2650 cis
347 2622 374 2648 in
392 2628 488 2652 cursu,
514 2619 594 2647 nobis
615 2623 705 2646 autem
725 2618 751 2645 in
766 2617 858 2652 januis
877 2621 961 2644 esset.
982 2617 1076 2651 itaque

287 2676 350 2696 cum
374 2667 488 2702 reliquis
511 2666 594 2700 hujus
611 2664 675 2692 anni
699 2664 780 2691 rebus
804 2663 1015 2698 conjungendus
1035 2667 1078 2690 est

287 2715 426 2751 gloriosus
446 2711 622 2748 imperatoris
648 2719 791 2747 regressus
808 2710 835 2737 in
856 2710 963 2741 urbem,
985 2713 1011 2736 et
1024 2717 1077 2744 pax

289 2761 407 2797 imperio
424 2765 519 2796 parta;
537 2758 639 2794 quibus
656 2757 723 2785 solis
737 2756 845 2784 duobus
859 2756 971 2791 punctis
985 2754 1077 2782 Theo-

276 2808 394 2844 -phaucs
424 2806 519 2841 implet
544 2812 647 2832 annum
676 2802 868 2831 Alexandrinas
900 2809 978 2833 ante,
1006 2801 1078 2828 sicut

292 2853 413 2882 diximus
438 2852 624 2888 praecipitatae,
650 2850 702 2877 619
726 2858 786 2877 cum
811 2849 879 2876 alitis
901 2849 933 2875 ad
952 2848 1077 2876 eumdem

1122 2246 1216 2274 ctione
1232 2246 1258 2273 1.
1281 2256 1292 2272 ι
1318 2246 1352 2274 Et
1368 2246 1464 2274 eodem
1480 2247 1610 2282 deinceps
1633 2255 1712 2282 passu
1729 2243 1886 2281 progreditur.

1124 2292 1281 2321 Chronicon
1297 2301 1364 2321 vero
1382 2293 1573 2328 supradictum
1588 2295 1641 2322 sub
1654 2294 1688 2322 l5
1704 2291 1841 2321 indictione
1854 2287 1887 2314 fa-

1125 2345 1198 2368 ctum
1212 2339 1278 2367 illud
1294 2340 1384 2367 adhuc
1399 2340 1560 2375 relinquens
1574 2361 1581 2373 ,
1598 2340 1685 2375 ipsam
1704 2338 1801 2366 videtur
1818 2339 1887 2368 υειιιιε

1125 2385 1161 2413 ad
1173 2383 1335 2412 Ianuarium
1361 2385 1540 2420 protrahere:
1555 2384 1656 2412 deinde
1672 2390 1735 2411 vero
1749 2382 1818 2409 clare
1830 2377 1886 2405 indi-

1125 2436 1181 2466 cat,
1200 2440 1255 2459 non
1287 2432 1360 2459 idem
1391 2439 1528 2459 annorum
1546 2431 1652 2467 imperii
1677 2435 1704 2458 et
1730 2428 1886 2457 indictionum

1127 2478 1233 2506 censeri
1262 2478 1383 2510 initium,
1408 2478 1526 2513 ideoque
1554 2485 1627 2505 anno
1653 2481 1715 2512 post
1737 2473 1885 2503 consulatum

1127 2525 1245 2553 Heraclii
1262 2525 1324 2558 111,
1344 2533 1406 2552 cum
1427 2524 1456 2552 11
1476 2525 1626 2552 indictione
1642 2523 1793 2557 coniuncto.
1807 2519 1886 2546 subﬂe‘

1127 2577 1206 2600 ctens
1228 2575 1306 2607 gesta
1322 2571 1367 2598 die
1385 2571 1431 2602 H,
1446 2570 1564 2606 Gorpitei
1588 2569 1699 2601 mensis,
1719 2567 1763 2602 qui
1779 2560 1885 2607 Romanis

1127 2623 1170 2647 est
1186 2617 1356 2653 September,
1369 2625 1501 2653 expresse
1518 2618 1551 2644 iis
1573 2616 1648 2644 addit
1659 2614 1820 2643 indictionem
1835 2606 1884 2635 111.

1128 2664 1167 2691 Ex
1184 2671 1240 2699 quo
1256 2667 1350 2699 possat
1365 2670 1541 2697 consequens
1566 2660 1683 2693 censeri,
1696 2660 1748 2694 jam
1770 2661 1820 2683 tum
1835 2658 1884 2699 Pri"

1129 2697 1377 2746 pterVemergentes
1401 2717 1434 2737 ex
1458 2711 1664 2743 praemonstrala
1679 2704 1816 2732 mutatione

1130 2744 1259 2789 cultstes,
1284 2744 1420 2783 reductas
1437 2755 1525 2783 fuisse
1550 2754 1582 2782 ad
1608 2753 1711 2781 initium
1740 2744 1882 2783 Septembris

1131 2802 1312 2833 indictiones,
1330 2801 1383 2828 nisi
1406 2801 1432 2828 in
1462 2800 1559 2829 eodem
1585 2798 1732 2827 Chronico,
1754 2800 1810 2821 mox
1827 2793 1886 2816 anno

1132 2849 1258 2884 sequenti
1277 2855 1340 2876 cum
1354 2847 1401 2874 Hi
1421 2847 1571 2875 indictione
1585 2847 1738 2879 comparato
1753 2838 1885 2868 referretur,
