2035 3153
144 167 211 201 llSl

655 170 741 200 GOD.
764 169 1003 200 HENSCHENII
1025 170 1288 204 DISSEBTATIO.

1724 168 1792 201 1182

145 226 213 261 quid
228 232 263 253 eo
289 232 362 254 anno
390 226 506 261 cmperit
532 226 604 254 inter
634 227 807 262 psallendum
836 225 979 256 servariA
995 227 1091 263 Πάσχα
1107 235 1205 264 magna
1231 227 1354 264 paschali
1374 226 1550 255 solemnitate
1571 224 1640 253 feria
1663 224 1690 252 4.
1713 235 1721 250 ι
1750 224 1789 251 Ita

147 281 157 297 ι
179 280 195 300 a
212 272 300 307 prima
321 271 495 306 Jejuniorum
520 272 690 300 hebdomade
712 271 864 300 indictione
878 271 907 299 4.
927 280 936 298 ι

145 318 242 351 Quid?
258 325 292 344 an
306 317 363 353 jam
378 322 435 344 tum
450 325 513 345 eum
536 318 615 346 initio
631 318 722 346 Martii
738 319 855 354 (Pascha
868 318 942 346 enim

144 365 180 392 20
205 364 306 399 Aprilis
327 363 554 399 exspectabatur)
578 366 688 400 incepta
709 369 769 393 erat
786 372 856 392 nova
875 365 944 392 indi-

145 411 213 444 ctio,
243 414 271 438 et
296 418 364 445 pene
388 413 489 438 iterum
519 411 686 439 indictiones
710 412 772 439 dua!
807 412 834 439 in
859 419 942 438 unum

147 464 250 483 annum
268 457 516 491 compiogebantur
531 457 542 484 ’ἰ
567 457 661 485 Potius
683 457 828 493 scriptoris
846 457 944 485 mendo

147 502 165 529 4
182 510 230 537 pro
248 502 292 529 lil
324 502 470 536 irrepsisse
490 503 661 530 credemus?
685 503 725 530 Ita
739 507 812 530 certe
828 503 945 530 suadent

149 555 285 575 annormn
305 548 490 582 posteriorum
512 548 648 583 exempla,
667 549 772 575 nullum
792 556 847 575 non
868 555 943 574 men-

149 603 209 623 sem
233 595 388 630 Septembri
405 595 527 630 priorem
541 594 575 622 ad
595 596 719 623 eamdem
741 595 888 622 referentia
906 595 948 622 in-

151 641 316 674 dictionem,
336 649 390 675 qua
406 649 496 668 anmts
513 641 688 678 imperatoris
702 642 839 676 signatur.

184 687 231 714 26.
246 687 303 715 lloc
317 688 402 722 igitur
412 687 546 723 praecitati
567 687 693 715 chronici
709 687 809 714 mendo
824 686 947 714 admisso

150 737 342 768 eorrct‘toque,
360 733 414 760 dici
437 737 539 768 potest,
561 733 642 760 tertio
658 740 721 768 post
741 731 860 759 Heraclii
882 739 948 759 cou-

151 780 272 808 sulatum
288 787 361 808 anno
370 779 461 808 adhuc
477 784 606 807 currente
622 787 708 814 usqtte
721 779 754 806 ad
772 778 947 810 Januarinm,

152 828 245 855 denuo
261 827 379 861 cmpisse
404 827 571 854 indictiones
586 835 601 854 a
621 825 775 861 Septembri
796 825 947 853 numerari.

152 873 234 901 Certe
249 879 347 908 praeter
365 873 422 908 jam
440 873 545 900 dictum
564 873 665 903 locum,
685 880 765 907 quem
786 871 947 899 mendosum

152 927 214 948 esse
227 920 412 954 suspicamur.
428 920 496 946 nillil
510 923 599 954 p0test
614 917 716 951 afferri,
738 926 794 953 quo
809 918 948 945 sustineas

153 966 226 994 ultra
243 973 305 993 eum
326 973 429 992 annum
452 964 540 1004 fuisse
562 965 695 992 Januario
720 964 883 991 attributum
909 964 950 990 in-

154 1012 284 1041 dictionis
308 1013 479 1040 exordium:
501 1013 588 1040 multo
614 1012 718 1049 minus,
744 1011 828 1038 etiam
855 1018 950 1038 mense

153 1058 254 1087 Martio
266 1058 415 1093 aliquando
430 1059 503 1086 illam
518 1058 676 1086 inchoatam
693 1057 790 1085 fuisse.
806 1055 873 1084 Nam
888 1056 952 1084 licet

154 1106 239 1134 verba
253 1105 371 1134 Hcraclii
390 1106 417 1133 in
436 1106 552 1141 epistola
570 1112 644 1132 anno
668 1105 722 1133 628
743 1105 846 1139 scripta
864 1104 897 1139 τῇ
911 1101 952 1129 κδ’

153 1151 202 1179 τοῦ
217 1151 397 1188 παρελθόντος
411 1151 624 1186 Φευὸρουαρίου,
643 1151 689 1186 τῆς
700 1150 879 1185 ἐνισταμένης
891 1150 952 1175 sm-

154 1197 310 1234 νεμήσεως,
319 1197 456 1233 interpres
466 1198 590 1229 verterit,
601 1206 610 1223 ‹
620 1197 655 1224 24
667 1196 808 1224 Februarii
823 1196 952 1232 prieteriti

156 1244 273 1276 mensis,
289 1243 412 1271 instante
429 1243 486 1278 jam
501 1243 590 1278 prima
606 1243 768 1276 indictione,
786 1251 795 1269 ι
815 1243 893 1278 quasi
904 1243 953 1270 ad-

158 1291 213 1319 huc
233 1290 328 1319 futura
353 1294 428 1319 esset
454 1289 581 1322 indictio,
606 1297 669 1326 quin
693 1289 799 1325 pridem
825 1289 953 1317 inchoata

154 1337 211 1371 iam
231 1336 316 1365 ﬂuere
330 1336 460 1369 debebat,
473 1335 624 1364 secundum
637 1336 808 1364 ordinarium
822 1334 954 1370 Cyclum:

157 1384 260 1411 erravit
290 1387 381 1411 tamen
408 1383 567 1416 manifeste,
592 1381 668 1417 quod
690 1381 829 1418 putaverit
856 1381 954 1416 ὲπινη-

159 1430 240 1466 μέσιν
264 1430 309 1457 ltic
327 1429 485 1465 signiﬁcare
502 1429 692 1457 iudietionem.
717 1428 859 1463 Nusquam
880 1428 954 1455 enim

159 1478 200 1505 vel
215 1477 260 1505 hic
277 1477 320 1505 vel
336 1477 409 1505 alius
428 1481 526 1505 auctor
536 1476 616 1504 aliter
627 1483 687 1503 eam
706 1475 954 1511 appellavit,quaiu

162 1525 261 1553 Latino
280 1525 392 1554 nomine
402 1524 581 1556 Ἰνδιιιτιῶνος
595 1525 647 1559 (y).
665 1524 759 1559 Igitur,
783 1527 813 1550 ut
833 1521 952 1551 lleraclii

162 1573 306 1607 epistolam
321 1576 397 1599 recte
411 1571 558 1606 intelligas,
571 1571 620 1606 τῆς
630 1571 810 1606 ἐνισταμένης
822 1571 952 1604 ὲλινεμή-
970 1585 994 1614 α

165 1628 234 1651 πως
253 1618 304 1654 (sic
322 1619 395 1646 cnim
418 1617 572 1654 legendum)
600 1618 767 1645 reddendum
792 1617 890 1644 Latine
913 1622 952 1644 est

166 1673 177 1687 σ
195 1663 314 1691 instante
325 1663 381 1697 jam
396 1662 485 1696 primo
494 1669 559 1690 vere
571 1668 621 1689 seu
633 1663 718 1696 prima
732 1662 929 1695 pabulatione;
942 1670 952 1687 ι

161 1712 203 1734 est
211 1708 283 1734 enim
295 1706 573 1742 tmvépqotgverbale
584 1705 619 1733 ab
629 1705 766 1741 ὲπινέμω,
775 1704 958 1732 luxuriantem

161 1755 188 1782 in
207 1754 270 1781 folia
288 1759 438 1781 sementem
456 1753 604 1788 depascor.
617 1761 627 1779 ι
643 1751 701 1780 Hoc
714 1755 806 1779 autem
824 1752 917 1780 statim
931 1751 958 1778 in

160 1796 260 1828 Martio
286 1800 441 1828 faciendum
459 1803 501 1827 est
523 1799 551 1826 in
568 1798 622 1827 illis
636 1797 816 1826 calidioribus
837 1797 959 1833 regioni—

163 1849 214 1875 bus
231 1856 238 1875 :
264 1851 292 1876 et
315 1847 367 1875 hoc
386 1851 494 1882 tempus
512 1846 562 1874 fuit
585 1850 695 1873 moturo
711 1846 738 1874 in
764 1850 869 1881 patrem
887 1844 959 1872 Siroi

162 1894 320 1921 recessario
329 1893 558 1929 exspectandum,
576 1901 609 1920 ne
624 1892 732 1920 defectu
753 1891 846 1928 pabuli
863 1891 960 1920 defice-

162 1943 223 1966 rent
242 1947 289 1974 per
303 1939 402 1967 hiemis
417 1939 606 1974 asperitatem,
620 1938 683 1974 equi
697 1939 724 1966 in
742 1938 844 1973 quibus
861 1937 960 1973 praeci-

163 1993 246 2019 puum
261 1985 406 2012 Persarum
418 1985 515 2018 robur,
531 1990 558 2012 et
573 1992 636 2020 spes
647 1984 818 2020 opprimendi
832 1984 961 2012 celeriter

165 2032 294 2060 tiliosrois
310 2036 366 2059 tota
384 2036 445 2060 erat
458 2033 621 2060 constituta.

467 2087 584 2117 CAPUT
619 2087 651 2116 γ.

166 2139 296 2185 Quﬂ'dam
305 2143 502 2185 fhronplogica
514 2144 608 2172 menda
625 2152 672 2178 per
686 2143 860 2185 {ibrqriarum
871 2149 962 2185 socor-

200 2177 272 2204 diam
305 2177 455 2215 Theophani
481 2188 602 2215 aspersa,
626 2177 652 2208 et
666 2180 698 2207 ab
718 2179 780 2206 aliis
805 2187 857 2206 non
873 2178 963 2215 obser-

200 2219 275 2250 vata,
311 2214 452 2242 Annorum
488 2213 614 2243 M‘aurititz'
650 2215 819 2250 imperatoria
861 2213 962 2248 duplex

200 2249 299 2284 epoclta
304 2269 311 2276 .

201 2306 248 2334 27.
267 2307 364 2335 Restat
391 2316 475 2341 nunc,
491 2313 521 2336 ut
540 2309 653 2338 omissis
677 2308 794 2336 aliorum
817 2311 961 2335 auctorum

167 2352 209 2379 vel
224 2352 403 2388 interpretum
414 2354 534 2386 mendis,
548 2363 665 2390 quorum
677 2354 814 2382 correctio
827 2353 860 2380 ad
872 2352 961 2380 Theo-

167 2399 286 2433 phanem
325 2400 522 2428 illustrandum
561 2400 627 2427 facit
649 2400 729 2433 nihil,
754 2399 963 2427 observationes

167 2446 314 2473 chronicas
329 2467 336 2477 ,
353 2455 413 2481 qme
430 2447 552 2482 priorum
572 2450 821 2474 commentatorum
837 2445 964 2473 videntur

169 2492 272 2527 fugisse
291 2493 471 2528 diligentiam.
490 2494 626 2528 nobisque
649 2493 722 2519 aliud
750 2492 895 2528 agentilms
917 2499 963 2519 oc-

169 2542 328 2570 currerunt,
347 2539 374 2566 in
390 2539 507 2574 gratiam
522 2538 625 2565 curiosi
645 2538 756 2565 lectoris
773 2538 938 2564 adnotemus
955 2558 962 2570 ,

171 2589 199 2611 ut
222 2585 243 2612 si
259 2585 322 2620 quis
348 2590 492 2613 auctorem
517 2586 665 2620 optimum,
687 2584 773 2612 forma
792 2588 819 2612 et
833 2585 914 2611 modo
930 2583 964 2612 ad

170 2639 248 2658 usum
264 2631 403 2664 publicum
417 2631 596 2658 commodiori
607 2631 671 2658 velit
681 2631 808 2658 emittere
822 2631 848 2658 iu
864 2631 963 2664 lucem,

170 2677 344 2711 propriisque
357 2677 583 2705 annotationibus
605 2685 639 2705 ex
661 2685 712 2704 sua
727 2683 754 2705 et
769 2677 885 2704 aliorum
900 2677 964 2705 dili-

127 2762 131 2766 '
171 2724 262 2758 gentia
289 2723 461 2759 depromptis
482 2724 631 2756 illustrare,
657 2724 728 2751 hanc
752 2731 863 2759 quoque
888 2731 966 2751 race—

173 2770 322 2797 mationem
342 2774 464 2798 nostram
479 2770 513 2797 ad
532 2778 642 2798 manmn
660 2771 769 2798 habeat.

208 2815 301 2842 Primo
315 2823 406 2845 annus
425 2817 627 2844 Alexandrinus
647 2817 699 2844 483
719 2817 759 2844 sic
775 2816 963 2844 concluditur:

175 2871 185 2888 I
203 2861 360 2890 Coronatus
380 2867 422 2891 est
438 2864 613 2896 Anastasius,
637 2863 751 2899 pra-fata
770 2863 919 2891 indictione
933 2863 966 2891 14

170 2908 277 2936 mensis
310 2910 435 2944 Aprilis,
467 2909 558 2946 ἡμέρᾳ
580 2910 693 2945 πέμπτῃ
725 2911 758 2945 τῇ
791 2909 897 2945 μεγάλῃ
916 2909 964 2935 ’τῇῦ

996 275 1133 310 interpres
1149 284 1155 303 :
1177 283 1272 303 verum
1287 275 1310 303 si
1323 282 1356 303 ex
1374 273 1438 301 anni
1458 276 1485 300 et
1501 271 1662 300 indictionis
1686 271 1791 299 indicio

997 322 1142 357 requiras,
1172 322 1236 357 quis
1264 321 1324 348 dies
1352 319 1436 348 fuerit
1465 319 1500 346 Η
1525 318 1645 352 Aprilis,
1670 318 1792 352 invenies

995 367 1081 403 Cyclo
1095 367 1165 394 lunae
1180 367 1224 399 17,
1243 366 1311 394 solis
1324 365 1372 398 24,
1389 365 1477 400 ipsam
1488 363 1659 391 Dominicam
1675 361 1793 389 Pasrha-

996 415 1032 442 tis
1049 413 1153 442 fuisse:
1175 420 1262 448 quare
1274 419 1436 448 expungens
1463 411 1493 437 τὸ
1511 409 1645 444 πέμπτῃ,
1667 408 1793 443 imperita

997 468 1080 488 manu
1107 461 1203 488 nescio
1230 459 1303 487 unde
1327 459 1476 494 adjectum,
1499 457 1537 485 ita
1558 458 1662 484 clarum
1681 463 1791 483 sensum

998 506 1095 534 Latine
1110 506 1225 534 reddes:
1248 507 1420 534 «Coronatus
1433 509 1475 532 est
1492 525 1499 532 .
1515 523 1524 531 .
1542 525 1549 532 .
1562 504 1621 539 ipsa
1636 504 1680 530 die
1697 509 1794 537 magna

996 553 1162 582 Paschatis:
1180 562 1189 580 ι
1208 561 1262 588 quo
1275 552 1404 588 loquendi
1422 552 1504 579 modo
1523 550 1593 578 nihil
1615 555 1657 578 est
1674 548 1794 576 familia-

998 601 1057 628 rius
1072 599 1176 628 Gmels
1186 600 1220 628 de
1232 599 1367 627 Pasehate
1379 598 1537 633 agentibus.

1034 652 1063 675 tt.
1091 647 1187 674 Annus
1210 646 1262 674 556
1289 647 1327 672 ita
1349 644 1446 679 incipit
1461 652 1470 673 :
1487 652 1496 669 ι
1515 642 1571 669 Hoc
1593 649 1665 669 anno
1690 641 1794 673 mensis

999 694 1169 729 Septembris
1185 699 1264 721 sexto
1290 692 1346 724 die,
1359 689 1539 719 hebdomadis
1556 689 1645 724 primo
1660 686 1795 713 ἰνδικτιῶ-

999 749 1044 772 νος
1066 740 1196 775 ἑϐδόμης,
1215 743 1244 766 ut
1261 744 1303 766 cst
1323 738 1350 765 in
1367 737 1484 764 Graeco:
1508 742 1562 763 non
1587 734 1671 769 igitur
1687 732 1796 760 erudito

1001 786 1146 821 interpreti
1158 785 1225 812 vitio
1237 788 1372 814 vertatur,
1394 782 1466 818 quod
1491 781 1598 808 librarii
1620 780 1796 814 praecipitan-

1002 833 1040 860 tia
1073 831 1170 859 Latine
1198 831 1355 858 inveniatur
1390 823 1567 856 «indictione
1603 827 1712 861 prima;
1749 824 1798 852 sed

1002 880 1108 915 legatur
1126 878 1242 914 septima
1259 886 1266 904 :
1284 886 1294 903 ι
1316 882 1343 905 et
1358 876 1467 904 debitus
1484 874 1557 901 inter
1575 873 1756 900 indictiouem
1781 872 1798 899 5

1004 926 1068 953 anni
1084 925 1148 956 554,
1165 928 1194 952 et
1215 923 1396 951 indictionem
1417 921 1446 948 ll
1474 919 1538 947 anni
1553 919 1606 946 5M)
1622 918 1690 945 ordo
1705 925 1794 946 scrva-

1005 978 1050 1000 tus
1069 971 1237 998 invenietur.

1041 1027 1084 1046 ιιι.
1114 1019 1195 1045 Anno
1213 1016 1267 1044 562
1279 1019 1342 1052 post
1356 1014 1489 1045 medium,
1505 1022 1515 1038 ‹
1535 1011 1614 1039 [ﬁdis
1632 1010 1798 1038 Sanctorum

1004 1064 1200 1101 Apostolorum
1232 1061 1408 1090 consecratio
1433 1060 1508 1087 facta
1528 1059 1631 1086 dicitur
1656 1056 1710 1085 ΟΡ.
1735 1056 1800 1084 Julii

1006 1110 1110 1139 mensis
1131 1109 1176 1137 die
1194 1108 1240 1141 28,
1257 1107 1338 1135 tertia
1361 1106 1448 1133 feria:
1470 1114 1479 1131 ι
1508 1104 1554 1131 ubi
1569 1104 1596 1131 in
1612 1103 1707 1130 Grzeco
1723 1109 1802 1137 teque

1005 1165 1038 1186 ac
1051 1157 1149 1184 Latino
1165 1160 1241 1183 textu
1257 1153 1358 1182 Junius
1369 1152 1475 1180 mensis
1491 1155 1565 1179 esset
1588 1149 1802 1178 substituendus

1006 1211 1055 1238 pro
1069 1202 1154 1236 Julio,
1168 1206 1199 1229 ut
1218 1200 1304 1236 Cyclo
1327 1200 1395 1228 solis
1413 1198 1459 1230 27,
1471 1198 1563 1225 littera
1588 1195 1752 1224 Dominicali
1770 1195 1801 1228 Β,

1005 1250 1077 1282 dies,
1088 1247 1203 1281 mensis,
1215 1251 1243 1274 et
1258 1245 1437 1274 hebdomadis
1451 1245 1519 1272 feria
1530 1247 1606 1272 recte
1617 1242 1803 1271 conveniant:

1007 1297 1100 1331 itaque
1115 1294 1281 1322 Anastasius
1297 1292 1528 1320 bibliothecarius
1551 1291 1583 1317 ad
1605 1297 1707 1317 annum
1731 1295 1804 1324 prae-

1008 1343 1092 1370 fatum
1108 1341 1174 1377 legit
1186 1346 1213 1368 et
1231 1339 1323 1372 vertit,
1339 1339 1393 1367 nisi
1409 1337 1483 1374 quod
1506 1338 1534 1365 in
1557 1335 1706 1364 Parisiensi
1728 1334 1804 1377 regis

1006 1372 1387 1422 editioneitypographorum
1416 1372 1524 1411 incuria
1549 1383 1577 1409 in
1601 1381 1683 1409 annis
1707 1372 1802 1407 Mundi

1007 1441 1034 1462 et
1058 1434 1163 1462 Christi
1190 1433 1225 1461 46
1257 1440 1306 1468 pro
1329 1431 1364 1458 42
1388 1431 1505 1465 legatur,
1521 1436 1555 1456 ex
1575 1426 1803 1455 autecedeutibul

1007 1485 1036 1509 et
1057 1479 1293 1515 consequentibus
1310 1477 1384 1505 battd
1405 1476 1554 1504 difﬁculter
1573 1472 1737 1510 corrigendo
1758 1479 1803 1499 er-

1011 1534 1086 1555 rore.

1048 1580 1085 1600 Iv.
1106 1571 1215 1599 Annum
1236 1569 1358 1605 proxime
1370 1570 1531 1603 sequentem
1547 1566 1575 1593 in
1591 1564 1687 1593 Greco
1701 1562 1805 1599 pariter

1005 1622 1037 1644 et
1065 1617 1149 1644 latino
1179 1619 1255 1642 textu
1289 1613 1412 1641 Narsetis
1443 1613 1577 1640 adversus
1603 1609 1720 1638 Gotthos
1743 1615 1806 1643 pra-

1009 1663 1092 1691 fectio
1107 1662 1214 1696 incipit,
1228 1665 1255 1689 et
1275 1660 1404 1696 signatur
1425 1669 1436 1685 σ
1453 1658 1608 1686 Indictione
1625 1659 1724 1692 quarta
1748 1654 1806 1682 sive

1009 1710 1030 1736 δ’
1047 1718 1054 1737 :
1073 1719 1083 1736 ›
1110 1709 1158 1737 sed
1186 1716 1220 1736 ex
1247 1714 1331 1739 anno,
1351 1713 1433 1741 quem
1451 1704 1610 1732 immediate
1623 1707 1683 1738 post
1705 1710 1714 1726 ι
1732 1699 1806 1727 Indi-

1009 1756 1064 1783 ctio
1081 1755 1189 1783 decima
1206 1754 1314 1789 quinta,
1331 1761 1342 1778 ›
1360 1751 1389 1778 ιε’
1410 1755 1487 1779 notat
1509 1749 1589 1777 facile
1602 1745 1806 1782 deprehendes,

1009 1802 1187 1837 quantumvis
1201 1801 1274 1828 fores
1289 1799 1351 1826 aliis
1362 1796 1540 1826 adminiculis
1550 1795 1711 1825 destitutus,
1724 1792 1806 1820 unius

1010 1848 1086 1876 citra:
1117 1846 1256 1874 defectum
1284 1845 1482 1880 supplendum,
1514 1841 1717 1878 legendumque
1743 1845 1807 1867 esse

1013 1903 1023 1921 ‹
1043 1893 1196 1921 indictione
1215 1892 1319 1919 decima
1335 1895 1445 1926 quarta,
1465 1888 1506 1916 ιδ’.
1523 1898 1532 1914 ›

1047 1949 1075 1968 v.
1097 1939 1216 1967 Econtra
1244 1938 1271 1965 in
1302 1945 1375 1964 anno
1396 1935 1459 1968 546,
1489 1935 1537 1962 ubi
1564 1943 1574 1959 t
1596 1931 1760 1960 llorrendus
1777 1931 1806 1958 in

1013 1988 1080 2014 urbe
1102 1985 1155 2015 (LP.
1182 1990 1263 2013 terra:
1285 1990 1379 2012 motus
1411 1983 1546 2011 accidisse
1576 1981 1680 2009 dicitur
1704 1978 1808 2006 mensis

1011 2034 1127 2069 Augusti
1144 2033 1252 2060 decimo
1268 2031 1375 2066 quinto,
1395 2034 1437 2063 ιε’,
1462 2034 1587 2064 tempore
1619 2026 1810 2054 illucescentls

1010 2081 1067 2117 jam
1087 2079 1237 2107 Dominicae
1263 2079 1315 2105 diei
1338 2081 1401 2113 post
1427 2075 1544 2103 mediam
1578 2079 1699 2106 noctem,
1721 2083 1730 2099 ι
1747 2072 1809 2107 lege

1013 2126 1085 2154 diem
1101 2124 1206 2152 mensis
1228 2123 1404 2150 solummodo
1430 2120 1579 2153 decimum,
1602 2123 1629 2151 ι’,
1646 2119 1709 2154 quia
1724 2117 1808 2154 Cyclo

1013 2173 1081 2200 solis
1094 2171 1123 2204 2,
1136 2170 1226 2197 littera
1241 2168 1402 2196 Dominicali
1416 2167 1447 2200 E,
1462 2168 1489 2194 in
1508 2167 1580 2194 diem
1599 2165 1641 2199 l0,
1658 2173 1713 2193 non
1733 2165 1760 2192 in
1775 2164 1809 2192 l5

1014 2218 1157 2245 Dotniuica
1177 2215 1327 2244 incidebat.

1048 2271 1087 2291 vt.
1104 2263 1187 2291 Auno
1201 2263 1263 2293 55L
1280 2271 1290 2287 ι
1308 2261 1337 2288 lu
1355 2260 1451 2296 Magna
1474 2260 1590 2287 ecclesia
1612 2257 1810 2286 Constantino-

1012 2311 1134 2347 politano
1151 2310 1316 2342 Trulli,jam
1333 2315 1403 2343 pene
1418 2307 1476 2335 suis
1491 2307 1621 2334 omnibus
1638 2306 1810 2342 ornamentis

1014 2356 1153 2386 instructi.
1173 2363 1236 2390 pars
1258 2354 1432 2386 orientalior,
1447 2352 1602 2380 eollahente
1626 2352 1659 2379 ad
1681 2356 1809 2379 sanctum

1012 2404 1100 2430 altare
1118 2401 1265 2432 testudine,
1282 2400 1309 2426 in
1326 2404 1426 2426 terram
1444 2398 1581 2426 decidisse
1596 2398 1707 2434 legitur,
1732 2405 1810 2424 men-

1015 2450 1054 2476 sis
1068 2448 1129 2475 Maii
1147 2447 1191 2474 die
1208 2446 1336 2482 septimo,
1356 2445 1534 2473 hebdomadis
1552 2445 1644 2476 tertio,
1663 2444 1710 2471 ubi
1735 2444 1808 2471 diem

1015 2494 1119 2522 mensis
1137 2493 1300 2529 vigesimum
1331 2492 1480 2528 septimum
1504 2495 1534 2518 ut
1549 2491 1635 2526 legas,
1667 2491 1709 2518 vel
1736 2490 1809 2517 diem

1016 2541 1194 2569 hebdomadis
1224 2544 1353 2575 quartum
1384 2539 1462 2574 jubet
1489 2538 1580 2566 littera
1600 2537 1749 2565 Domicalis
1777 2536 1809 2570 E,

1014 2588 1098 2624 Cyclo
1113 2588 1178 2616 solis
1197 2588 1240 2616 l5.
1261 2597 1270 2613 ι
1289 2586 1438 2622 Ρτωριιιοει
1454 2590 1546 2613 autem
1562 2585 1638 2619 prior
1651 2583 1786 2611 correctio
1798 2603 1806 2615 ,

1015 2635 1079 2669 quia
1110 2635 1137 2661 in
1166 2634 1239 2662 notis
1263 2632 1453 2661 numeralibus
1485 2631 1596 2658 facilius
1623 2635 1665 2658 est
1689 2630 1807 2657 litteram

1017 2687 1098 2707 unam
1120 2679 1220 2711 omitti,
1247 2685 1328 2713 quam
1346 2677 1471 2705 diversas
1487 2677 1559 2703 inter
1586 2683 1616 2702 se
1632 2674 1806 2701 counnutari.

1051 2733 1101 2753 vu.
1115 2725 1194 2753 Auno
1209 2724 1262 2752 622
1285 2724 1344 2759 (qui
1360 2727 1474 2759 propter
1489 2721 1705 2749 demonstratam
1725 2727 1808 2755 supe-

1016 2771 1076 2799 rius
1097 2772 1180 2799 unius
1197 2770 1261 2798 anni
1280 2768 1461 2797 Alexandrini
1477 2767 1690 2802 expunctiouem
1706 2765 1810 2793 Janua-

1017 2819 1089 2845 rium
1107 2825 1230 2844 mensem
1245 2824 1308 2843 cum
1326 2820 1421 2842 nostro
1436 2814 1484 2842 63l
1512 2813 1594 2840 habet
1621 2812 1809 2846 communem)

1020 2872 1029 2887 ι
1050 2861 1229 2889 ludictiouel
1251 2859 1414 2888 Novembris
1430 2859 1446 2885 7
1472 2856 1600 2885 lleraclio
1626 2855 1710 2884 David
1736 2856 1809 2884 filius

1017 2914 1099 2937 natus
1121 2913 1173 2936 est.
1194 2907 1294 2935 Ettdt'tn
1318 2915 1427 2942 quoque
1455 2905 1498 2934 die
1525 2904 1668 2936 lleraclius
1696 2903 1807 2932 llcracli
