2035 3153
254 151 323 185 1183

713 162 760 192 DE
778 164 807 193 S.
826 164 1070 197 THEOPHANIS
1089 169 1417 205 CZiBONOGRAPHIA

1819 182 1886 215 1181

251 215 338 242 nepos
353 209 380 236 in
401 210 490 240 lucem
506 214 592 246 venit,
605 219 632 243 et
646 222 662 242 a
676 215 774 252 Sergio
789 217 833 246 die
846 218 863 245 5
879 219 1041 248 Novembris
1056 223 1078 251 Α
1094 223 1104 249 1
1122 223 1194 253 diem
1211 226 1300 255 Martii
1314 237 1322 257 :
1344 233 1373 256 ut
1391 230 1476 266 igitur
1493 239 1547 260 non
1561 234 1886 272 errareritTlteopltanes

252 252 413 272 Ιιιδίοιιηηςιι
433 257 448 272 κ
475 257 632 272 ι......ι-,....-
655 260 680 272 ε..
698 261 803 272 ηιηιη
834 264 840 270 ο
1096 269 1102 272 .

251 252 415 284 indictionis
431 257 459 289 5,
475 257 632 293 baptizatur
655 260 682 288 in
697 261 857 292 Blaehernis
871 274 877 291 :
899 274 908 291 ι
934 274 995 301 quae
1009 275 1044 295 ne

251 299 325 327 inter
340 308 370 328 se
386 309 517 338 pugnent,
535 305 562 332 in
579 306 632 334 llne
647 308 688 334 sic
708 310 840 343 mttlabis,
856 312 904 338 καὶ
928 313 1043 341 ἐϐαπτί-

255 346 306 380 σθη
330 347 359 373 ὲν
382 348 546 384 Βλαχέρναις
564 352 616 378 ὑπὸ
642 354 754 389 Σεργιου
770 358 940 394 πατριάρχου
969 361 999 396 τῇ
1021 361 1042 388 δ’

252 391 408 426 ινδικτιῶνι,
425 396 490 430 μηνὶ
504 396 653 434 Νοεμϐρίῳ
675 400 720 434 ιγ’.
746 412 755 427 ι
779 403 813 430 Ει
828 391 1042 439 baptvi‘zalusuesl

250 437 277 463 in
304 437 464 468 Blachernis
482 449 496 468 τι
520 441 617 478 Sergio
643 447 811 481 patriarcha,
840 437 989 480 indictione
1011 454 1038 486 4,

249 484 355 511 mensis
373 485 536 515 Novembris
550 489 594 516 die
611 490 655 518 15.
674 501 685 518 ι

286 536 345 556 rm.
363 529 456 559 Tertio
482 539 544 568 post
571 535 630 563 haec
658 545 742 569 anno.
766 540 960 572 Alexandrinis
975 544 1037 578 626,

249 574 330 602 nobis
344 575 406 608 655,
421 583 550 606 narratur
568 581 702 616 praelium,
721 584 757 612 ab
774 586 941 622 imperatorii
958 574 1039 618 cur-’-

249 620 323 648 citus
339 621 409 650 duce
429 623 518 652 Baane
531 630 627 654 contra
643 627 796 659 Saracenos
813 620 925 662 Arabes
948 635 1038 664 inl'eli-

249 667 317 693 citer
332 669 523 703 commissum,
540 673 574 707 τῇ
596 673 692 712 πρώτῃ
713 676 816 713 ἡμέρᾳ.
832 679 893 714 ἥτις
907 679 941 716 ἦν
957 683 1036 720 τρίτη

248 711 298 746 τῆς
314 712 471 750 ἑϐδομάδος,
486 717 591 761 κγ’χεοῦ
611 719 722 748 Ἰουλίου
735 711 823 759 pqu;
839 711 849 740 ί
871 711 931 762 quae
952 711 1037 758 nihilo

249 758 352 786 saniori
370 768 452 789 sensu
468 757 565 792 Latine
592 766 755 801 redduntur,
771 757 785 796 ἰ
803 771 863 806 ipso
878 774 967 808 primo
981 776 1035 810 die,

248 803 293 837 qui
327 803 379 832 fuit
409 807 588 840 hebdomadis
616 815 723 848 tertius,
745 817 810 846 Julii
841 827 905 848 vero
934 825 1036 853 mensis

249 849 346 879 tertius
362 860 394 880 ac
411 854 581 890 vigesimus:
609 868 619 885 ι
636 865 732 888 exacta
751 869 841 892 autem
864 868 897 894 nd
915 869 1036 898 rationes

247 896 311 944 Enni
334 899 456 932 praedicti
492 902 617 932 habentis
647 906 764 936 litteram
786 896 993 943 Dominicalemr

247 939 330 974 Cyclo
345 945 412 972 solis
422 945 467 980 '28,
480 948 519 976 sic
533 950 672 979 reddenda
685 959 750 982 sunt
765 939 1034 992 integritati-debitae;

247 988 287 1039 :l'ﬁ
295 991 391 1028 πρώτῃ
404 994 498 1030 ἡμέρᾳ
508 996 555 1031 τῆς
566 998 725 1034 ἑϐδομάδος,
737 1002 797 1036 ἥτις
854 1006 893 1033 κε’
906 1008 954 1035 τοῦ

247 1034 305 1062 λιου
318 1039 411 1072 μηνός.
432 1049 441 1065 ι
460 1040 552 1070 Primo
580 1043 625 1072 die
653 1034 840 1084 hebdomade},
869 1053 916 1087 qui
933 1034 1035 1082 ιυιίῖδ

245 1080 309 1108 Julii
327 1085 440 1113 mensis.
457 1096 466 1113 ι

282 1135 320 1155 Ix.
336 1129 417 1158 Anno
433 1132 497 1166 671,
515 1135 595 1165 nobis
620 1137 683 1172 680,
705 1139 799 1169 Maviae
820 1143 901 1178 primi
918 1145 1034 1175 Sarace-

245 1181 344 1203 norum
376 1179 447 1214 regis
463 1188 537 1209 mors
563 1185 715 1214 ascribitur
737 1198 746 1214 ι
767 1188 912 1220 lndictioni
940 1195 1035 1228 primae

244 1220 298 1249 diei
314 1228 391 1251 sexto
408 1226 510 1261 Aprilis
525 1238 531 1256 :
555 1240 565 1256 ι
580 1232 627 1259 sed
641 1238 763 1262 octavam
780 1236 957 1267 indictionem
973 1248 1034 1269 esse

244 1267 388 1302 legendam
421 1279 556 1303 monstrat
582 1277 704 1312 ipsarum
734 1281 917 1313 indictionum
946 1289 1032 1321 ordo,

244 1320 305 1340 cum
321 1323 393 1344 anno
413 1318 476 1351 650,
491 1322 572 1350 nobis
588 1323 649 1357 659,
666 1328 786 1355 secunda
805 1329 920 1360 indictio
937 1318 1033 1363 notata

242 1359 344 1388 fuerit:
361 1364 434 1397 quod
451 1367 533 1394 etiam
553 1369 625 1398 Goar
642 1374 849 1405 animadvertit.

277 1415 303 1433 x-
319 1407 400 1437 Anno
417 1411 478 1443 721,
495 1415 574 1444 nobis
593 1417 644 1446 750
668 1429 677 1446 ι
706 1420 760 1449 Leo
783 1425 919 1454 Armenus
936 1431 1031 1457 contra

242 1458 352 1484 sanctas
380 1457 514 1494 imagines
540 1463 681 1493 silentium
712 1468 873 1502 celebravit,
896 1473 1033 1501 σελέντιον

241 1497 408 1535 ἐκράτησεν,
429 1513 438 1530 ν
466 1505 492 1532 id
520 1513 572 1539 est,
593 1517 628 1537 ne
646 1512 709 1546 quis
728 1521 822 1542 earum
839 1516 942 1544 cultum
966 1527 1031 1553 pro-

242 1551 376 1578 pugnaret
388 1548 481 1582 edixit,
502 1561 511 1576 ι
529 1553 573 1580 tlie
586 1555 602 1580 7
618 1557 722 1585 mensis
732 1558 867 1594 Januarii,
881 1562 1031 1593 indictione

242 1589 286 1639 13,
301 1590 369 1618 feria
391 1593 571 1626 hebdomadis
593 1601 625 1634 ὃς
647 1611 656 1628 ι
673 1603 721 1631 sed
749 1612 811 1633 cum
842 1589 1028 1639 tuncwlittera

241 1634 421 1667 Lominicalis
446 1641 529 1671 fuerit
546 1646 578 1678 A,
594 1654 708 1682 apparet
720 1651 792 1679 diem
817 1655 920 1683 mensis
941 1656 1030 1686 fuisse

241 1681 285 1715 17,
307 1684 350 1715 ιζ’.
366 1685 398 1713 Et
415 1687 471 1716 haec
488 1681 654 1724 quatuorra’d
671 1698 794 1731 tempora
809 1681 1028 1738 aﬂuant—prae:

240 1734 341 1758 notata:
352 1732 578 1769 anticipationis:
597 1747 660 1774 quae
677 1732 844 1777 sequuntur,
858 1732 1026 1778 ordinariam

239 1782 352 1805 servant
375 1780 520 1818 utriusque
534 1791 596 1813 terte
621 1786 815 1825 dill'erentiam,
832 1799 895 1822 octo
923 1796 1028 1826 scilicet

240 1830 388 1854 annOrum.

277 1871 410 1919 xt.-Anno
429 1873 493 1906 789.
519 1878 670 1907 secundum
693 1882 907 1919 Alexandrinos,
927 1896 936 1913 ι
954 1887 1027 1917 Junii

241 1915 345 1964 mensis
360 1917 406 1946 die
421 1919 456 1946 17
468 1921 620 1952 indictione
635 1925 652 1952 5
671 1936 679 1952 ι
701 1927 771 1963 fugit
786 1915 1028 1970 Constantinopoii

239 1958 389 1996 imperator
411 1964 610 1998 Constantinus
625 1979 632 1998 :
648 1972 696 2000 sed
720 1973 800 2008 jussu
824 1978 921 2006 matris
936 1958 1027 2009 ire-rues

239 2008 456 2041 comprehensus
485 2013 519 2040 ab
557 2015 674 2050 amicis,
705 2019 848 2049 reducitur
876 2024 904 2050 in
932 2025 1026 2054 urbem

241 2059 251 2076 ι
272 2052 393 2082 Sabbato
406 2059 508 2087 mensis
524 2060 648 2095 ejusdem
668 2064 714 2093 die
731 2066 782 2101 i5;
802 2077 811 2094 ι
831 2076 886 2104 quo
905 2069 967 2098 loco

238 2104 329 2125 rorem
361 2103 548 2138 manifestum.
577 2115 610 2135 ex
642 2114 850 2145 comparatione
883 2116 1028 2152 utriusque

238 2143 291 2178 diei
309 2146 505 2183 colligendum,
521 2154 648 2187 emenda,
661 2160 688 2183 et
706 2143 756 2191 pro
774 2161 877 2189 mensis
891 2143 1028 2193 Juniijdie

237 2189 271 2215 17
283 2190 352 2225 lege,
371 2195 468 2221 mensis
485 2196 555 2224 Julii
580 2199 622 2227 die
640 2200 671 2234 7;
688 2189 761 2230 anno
778 2206 849 2232 enint
867 2189 1025 2242 nobisw'itii:

236 2236 292 2264 die:
308 2237 342 2265 15
365 2246 420 2267 non
436 2240 592 2276 Junii,.sed
616 2246 685 2275 Julii
704 2250 849 2280 sabbatum
871 2253 933 2282 fuit.
949 2236 1024 2283 Ana:

235 2283 338 2311 stasius
365 2284 599 2320 Bibliothecarius
616 2293 649 2320 16
674 2294 740 2323 Ital.
762 2297 830 2333 Aug.
853 2304 963 2329 vertens
977 2301 1023 2329 ubi

235 2327 270 2355 de
287 2328 350 2365 fuga
367 2332 423 2367 agit
442 2333 475 2360 17
494 2333 564 2363 Julii
578 2337 686 2366 videtur
708 2327 830 2376 legisse:
847 2352 896 2379 pro
917 2327 972 2381 quo

235 2373 269 2400 17
279 2374 350 2411 Aug.
372 2377 475 2406 alicttbi
488 2381 622 2411 invenerit
634 2373 759 2422 Philippe
771 2373 861 2418 Labbe
871 2373 1021 2419 nescimus:

234 2424 309 2448 certe
324 2422 350 2449 in
366 2424 486 2458 epitome
501 2427 696 2466 chronologica
712 2433 886 2464 Constantini
902 2445 1024 2466 excaeca-

234 2467 336 2496 tionem
351 2470 464 2500 ascribit
477 2472 530 2501 diei
546 2474 579 2502 19
587 2475 657 2512 Aug.
667 2485 727 2510 quae
740 2478 868 2509 similiter
877 2482 1022 2511 sabbatum

232 2514 297 2542 fuit.

268 2567 317 2588 xu.
337 2561 418 2590 Anno
431 2563 494 2596 805,
515 2564 578 2600 Leo,
597 2568 821 2599 Armeniacorum
838 2573 893 2601 dutt
908 2575 959 2604 sub
972 2577 1023 2604 itn-

232 2612 360 2642 peratore
383 2608 548 2646 Nicephoro,
578 2621 640 2642 cum
667 2624 765 2653 magna
783 2620 920 2649 exercitus
940 2627 1022 2657 atque

233 2653 358 2688 pecunia:
389 2661 467 2690 parte
504 2659 578 2686 venit
611 2660 638 2688 in
665 2670 762 2691 manus
792 2663 1020 2702 Sarracenorum,

232 2707 326 2727 mense
367 2700 517 2731 Februario
552 2706 711 2737 indictionis
751 2716 856 2745 quarta;
890 2714 1021 2748 (decimae

232 2750 338 2779 quartae
352 2754 495 2783 perperam
510 2753 582 2786 apud
595 2753 770 2784 Anastasium
799 2757 920 2794 legitur),
950 2760 1019 2788 Sab-

232 2790 296 2820 bato
312 2796 401 2829 primo
416 2797 641 2833 quadragesimae.
664 2800 764 2829 Verum
784 2790 919 2839 eovanno,
935 2806 1020 2842 Cyelo

243 2844 305 2865 una»
319 2839 362 2872 M,
380 2843 445 2869 solis
464 2843 491 2874 8,
507 2845 598 2872 littera
620 2846 781 2876 Dominicali
800 2849 829 2882 E,
844 2850 947 2879 Pascha
959 2839 1020 2881 Il'uit

235 2883 269 2910 15
284 2883 396 2919 Aprilis,
424 2889 545 2924 adeoque
569 2892 672 2920 dictum
698 2894 848 2924 Sabbatum
876 2899 974 2927 cecidit
991 2900 1017 2928 in

1042 2252 1063 2279 υ
1079 2263 1228 2293 Simocatta
1253 2267 1311 2302 ipse
1333 2278 1340 2295 :

1096 269 1214 304 ipsemet
1227 280 1310 305 anno,
1329 283 1384 310 quo
1399 278 1487 311 potuit
1509 280 1664 315 scripsisse,
1691 287 1718 309 ει
1737 292 1792 318 quo
1817 285 1886 313 alias

1095 316 1188 350 plures
1205 323 1358 354 temporum
1382 327 1462 351 notas
1482 329 1555 353 recte
1575 329 1751 362 composuit:
1769 331 1884 358 creden-

1093 362 1157 389 dum
1186 364 1361 394 librariorum
1393 369 1497 397 incuria
1524 371 1581 405 jam
1607 373 1671 400 olitn
1700 375 1773 410 (nam
1800 377 1884 404 etiam

1092 410 1257 440 Anastasius
1273 413 1310 440 ita
1324 415 1457 450 scriptuut
1475 418 1588 454 reperit)
1606 422 1741 449 excidisse
1757 425 1883 452 vocatam

1093 464 1187 490 unam,
1217 459 1363 496 ipsumque
1387 461 1581 499 TheOphanem
1600 467 1640 495 (ut
1662 469 1729 496 alias
1746 470 1772 496 iu
1797 471 1882 499 simili

1092 510 1158 531 casu
1176 504 1209 532 de
1230 505 1378 536 indictione
1392 509 1510 538 vidimus
1525 519 1598 540 anno
1613 513 1785 543 Constantini
1795 517 1841 548 28,
1854 523 1883 546 et

1091 548 1126 576 de
1151 558 1236 578 verno
1261 556 1383 588 tempore
1396 555 1422 582 in
1435 556 1569 585 chronica
1593 559 1790 598 Alexandrino)
1809 563 1882 590 seri-

1091 595 1179 629 psisse
1195 598 1348 632 μέλλοντος,
1356 600 1413 628 sive
1431 603 1605 638 ὲειιτταμένου
1624 605 1669 632 τοῦ
1688 595 1796 642 πρώτοῦ
1812 609 1882 635 Σαϐ-

1091 640 1173 669 ϐἀτου
1202 643 1426 681 τῶνΝηστειῶν,
1458 648 1576 678 instante
1600 653 1687 687 primo
1709 653 1878 688 Jejuniorum

1091 686 1220 716 Sabbato.

1117 744 1162 773 28,
1183 745 1245 775 Haec
1270 755 1345 783 sunt,
1367 753 1467 787 quibus
1484 755 1636 784 observatis
1660 759 1877 795 uneudalisqne,

1089 790 1223 820 inoffenso
1239 793 1321 823 ferme
1338 798 1404 832 pede
1420 800 1529 828 decurri
1553 804 1651 837 poterit
1673 805 1707 831 alt
1729 806 1878 835 Orientalis

1089 835 1212 865 historia:
1238 840 1372 870 studiosis
1398 848 1454 872 tota
1481 835 1658 882 Theophanis
1678 851 1853 887 cbrmtelogia
1869 862 1878 880 ς

1090 889 1150 908 nam
1175 884 1198 911 si
1215 891 1268 919 qua
1287 888 1404 916 subinde
1421 891 1546 924 pluribus
1563 898 1637 926 gesta
1656 895 1747 925 annis.
1774 884 1878 932 eo’quo

1088 929 1177 960 coepta
1196 933 1260 956 sunt
1272 931 1328 966 geri
1341 940 1412 961 anno
1432 936 1601 970 conjunctim
1622 939 1758 974 lcgantur,
1775 951 1805 969 ea
1823 951 1877 970 nnn

1087 970 1124 998 ita
1141 974 1242 1001 morari
1261 976 1390 1006 lectorem
1417 986 1556 1016 poterunt,
1582 991 1611 1011 ut
1635 992 1779 1020 propterea
1807 997 1878 1023 opus

1086 1017 1123 1044 sit
1147 1018 1254 1054 singula
1282 1023 1315 1049 ad
1344 1032 1458 1054 exatneu
1476 1035 1616 1057 revocare.
1642 1032 1668 1059 Si
1690 1033 1876 1063 Romanorum

1085 1064 1246 1096 pontiﬁcum
1268 1074 1316 1096 aut
1339 1072 1458 1100 aliorum
1485 1077 1704 1110 patriatchatum
1723 1084 1875 1115 sucressio.

1085 1110 1253 1146 quandoque
1280 1115 1330 1150 ipsi
1359 1117 1462 1145 inserta
1482 1122 1568 1155 texui,
1588 1124 1651 1150 ltiuc
1669 1125 1731 1153 inde
1747 1134 1876 1162 adpareat

1085 1156 1246 1191 corrigenda
1273 1168 1305 1188 ex
1328 1164 1495 1194 certioribus
1523 1171 1720 1204 monumentis,
1747 1182 1798 1200 umt
1822 1175 1874 1210 ipsi

1084 1203 1190 1230 auctori
1208 1205 1303 1234 vilium
1321 1208 1478 1245 impuletttr,
1498 1214 1544 1241 sed
1565 1216 1710 1251 catalugis,
1736 1227 1805 1254 quos
1826 1230 1875 1249 nec

1086 1247 1156 1282 ipse,
1174 1257 1224 1278 nec
1244 1252 1291 1286 qui
1306 1254 1388 1282 simili
1406 1256 1432 1284 in
1457 1259 1549 1286 studio
1571 1260 1716 1296 laboravit,
1746 1265 1775 1293 S.
1795 1266 1875 1295 Nire-

1083 1295 1198 1330 phorus,
1212 1299 1283 1326 satis
1301 1308 1440 1332 correctos
1456 1305 1561 1339 habuit,
1584 1315 1612 1335 ut
1628 1310 1691 1337 alibi
1712 1317 1740 1338 et
1755 1313 1875 1341 maxime

1083 1340 1110 1367 in
1142 1342 1171 1369 S.
1202 1343 1304 1378 Cyrillo
1333 1346 1580 1386 llierosolymitano
1614 1355 1778 1393 episeopo§
1805 1358 1823 1385 5
1840 1359 1874 1385 ad

1083 1386 1117 1414 18
1132 1387 1221 1429 Martii
1242 1391 1429 1425 probavimus.
1462 1395 1491 1423 Si
1513 1386 1638 1433 denique.
1654 1386 1780 1430 auctores
1803 1412 1874 1439 quos

1082 1436 1171 1470 potuit
1183 1443 1294 1466 seetttus
1313 1441 1441 1474 optimos,
1452 1443 1571 1478 aliquem
1587 1447 1719 1482 temporis
1727 1449 1859 1478 cbaracte

1082 1487 1140 1508 rem
1159 1482 1194 1509 ab
1208 1483 1242 1511 iis
1256 1484 1297 1511 vel
1315 1493 1457 1521 perperam
1474 1489 1516 1516 vel
1533 1492 1660 1527 ambigue
1677 1499 1798 1521 notatum
1818 1504 1874 1530 pne

1082 1528 1169 1555 oculis
1190 1529 1295 1563 habuit,
1322 1532 1413 1560 danda
1429 1538 1472 1562 est
1494 1536 1571 1563 venia
1587 1537 1713 1567 humana:
1729 1540 1872 1569 imbecilli-

1043 1579 1065 1608 ο
1085 1574 1144 1607 tati,
1163 1576 1206 1603 cui
1229 1578 1301 1604 nulla
1328 1579 1416 1614 possit
1444 1587 1575 1616 prcestare
1600 1583 1751 1620 diligentia,
1770 1595 1799 1614 ιιι
1817 1597 1871 1615 non

1082 1620 1229 1656 aliquando
1244 1630 1351 1653 exerret
1371 1634 1386 1653 a
1410 1636 1486 1656 vero.
1510 1629 1549 1656 ita
1568 1638 1630 1658 cmn
1649 1631 1873 1669 Theopbylactus

1082 1665 1232 1695 Simocatta
1255 1671 1350 1697 smculi
1379 1671 1395 1698 7
1423 1673 1551 1708 scriptor,
1581 1675 1724 1703 historiam
1750 1678 1871 1706 Mauritii

1081 1711 1255 1747 imperatoris
1283 1716 1362 1745 libris
1384 1723 1446 1746 octo
1467 1719 1670 1756 descripsisset,
1694 1729 1721 1750 et
1740 1725 1789 1751 lib.
1803 1734 1831 1758 ν,
1845 1735 1872 1753 ιι.

1081 1758 1115 1786 16
1138 1765 1235 1795 pacato
1264 1762 1447 1798 imperatoriis
1473 1767 1558 1794 armis
1582 1767 1692 1797 Oriente
1716 1770 1748 1797 ad
1777 1779 1822 1800 res
1843 1773 1871 1800 in

1080 1804 1188 1841 Europa
1203 1812 1294 1841 gestas
1312 1811 1449 1839 transiens
1467 1811 1592 1843 dixisset.
1609 1816 1682 1850 quod
1700 1824 1730 1843 eo
1749 1818 1801 1850 die,
1817 1827 1873 1854 quo

1080 1851 1138 1887 ipse
1154 1853 1302 1889 imperator
1323 1856 1458 1886 ducturus
1482 1860 1647 1893 exercitum,
1665 1870 1727 1890 vere
1747 1864 1871 1898 ineunte,

1083 1906 1092 1923 ι
1112 1897 1243 1933 Egressus
1269 1908 1285 1927 e
1315 1901 1400 1937 regia,
1427 1910 1608 1940 parasaugam
1635 1915 1716 1934 unatn
1737 1914 1764 1936 et
1786 1911 1872 1937 semis

1080 1951 1168 1978 usque
1182 1945 1208 1971 in
1228 1944 1378 1981 Septimum
1395 1951 1543 1983 processit,
1571 1952 1611 1979 sol
1635 1961 1704 1987 pene
1730 1959 1804 1983 totus
1828 1962 1871 1984 est

1078 1988 1262 2023 obscuratns,
1283 2000 1292 2018 ι
1320 1992 1561 2030 subjunxissetque
1579 2005 1584 2023 :
1616 1997 1744 2025 'Ewatov
1763 2000 1790 2027 δὲ
1816 2001 1872 2037 ἄρα.

1078 2033 1158 2061 τοῦτο
1186 2035 1246 2068 ἔτος
1268 2037 1417 2073 ἐτύγχανεν
1435 2039 1466 2067 ’ὸν
1495 2042 1649 2078 Μαυρικὶου
1671 2044 1718 2072 τοῦ
1735 2047 1871 2082 αὐτοχρά-

1078 2087 1168 2115 τορος,
1199 2081 1225 2108 id
1243 2081 1435 2118 Theophanes,
1457 2094 1535 2122 atque
1549 2095 1581 2115 ac
1594 2094 1688 2124 postea
1712 2081 1871 2121 Simorartta:

1078 2125 1213 2162 interpres
1240 2128 1357 2158 Latinus
1387 2131 1507 2160 Iacobus
1532 2133 1686 2168 Pontanus,
1711 2137 1744 2164 de
1768 2148 1777 2163 ι
1798 2148 1870 2166 anno

1078 2171 1182 2206 imperii
1205 2182 1278 2202 nono
1292 2185 1301 2201 ν
1327 2176 1471 2205 intellexit.
1499 2177 1557 2207 Hoc
1582 2188 1664 2216 porro
1688 2183 1709 2210 si
1726 2191 1756 2210 cx
1778 2190 1871 2214 tuente

1080 2220 1200 2247 attctoris
1217 2221 1279 2248 fecit
1294 2226 1418 2258 uterque,
1432 2226 1536 2253 erravit
1546 2234 1623 2258 sane.
1641 2233 1669 2256 ut
1681 2237 1743 2257 mox
1765 2232 1870 2265 patebit

1373 2274 1478 2298 certum
1500 2276 1541 2300 est
1555 2273 1639 2303 enim.
1657 2276 1729 2309 quod
1747 2277 1798 2304 iste
1817 2285 1869 2304 an-

1079 2317 1129 2337 nus
1149 2309 1230 2338 fuerit
1245 2311 1372 2341 Mauritio
1388 2315 1494 2350 imperii
1517 2317 1650 2346 decimus.
1679 2320 1706 2347 Si
1726 2327 1868 2350 auctorem

1077 2362 1191 2383 excuses
1209 2365 1328 2393 eumque
1351 2365 1430 2395 putes
1458 2369 1512 2390 non
1538 2370 1639 2391 auntun
1657 2365 1706 2400 τῆς
1728 2367 1869 2401 βασιλείας

1077 2398 1195 2433 imperii,
1218 2401 1266 2428 sed
1293 2402 1342 2437 τῆς
1367 2404 1499 2438 ὑπατείας
1522 2409 1682 2437 consulatus
1707 2419 1821 2444 nonum,
1838 2417 1869 2441 ut

1076 2444 1208 2478 scriptum
1226 2446 1352 2476 fortassis
1371 2455 1434 2478 ante
1446 2459 1476 2479 se
1495 2454 1644 2489 repererat)
1661 2458 1866 2485 numeravisse:

1075 2491 1241 2519 excusabilis
1253 2494 1335 2521 etiam
1356 2494 1538 2532 Theophanes
1555 2500 1617 2532 erit,
1632 2502 1704 2535 quod
1721 2503 1806 2537 magis
1821 2504 1868 2532 ob-

1076 2535 1149 2562 vium
1168 2543 1279 2566 secutus
1300 2547 1423 2575 sensum,
1453 2542 1486 2569 ad
1514 2544 1605 2572 minus
1635 2547 1766 2574 usitatum
1795 2549 1867 2575 alte-

1075 2589 1135 2608 rum
1163 2587 1190 2609 et
1215 2584 1241 2610 in
1269 2584 1321 2613 hoc.
1353 2594 1420 2614 casu
1454 2590 1600 2624 specialem
1630 2600 1684 2620 non
1717 2594 1866 2622 atlrertetil

1075 2634 1212 2656 animum.

1109 2672 1154 2701 29.
1177 2673 1292 2703 Errandi
1310 2685 1391 2710 porro
1402 2679 1512 2706 occasio
1535 2680 1599 2708 huic
1613 2682 1652 2709 vel
1666 2684 1703 2710 illi
1721 2683 1862 2719 fuit.quml

1074 2726 1147 2747 anno
1168 2720 1302 2750 duntaxat
1324 2725 1447 2752 secundo
1465 2725 1571 2761 imperii
1588 2729 1630 2755 sui
1647 2731 1743 2757 cotisul
1761 2730 1863 2758 Mauri—

1074 2766 1129 2793 tius
1144 2768 1297 2802 appellatus
1310 2770 1346 2797 sit
1365 2771 1440 2799 solus
1457 2772 1562 2807 absque
1577 2775 1679 2807 collega
1694 2785 1700 2803 :
1730 2787 1738 2802 ι
1758 2777 1863 2812 primus

1073 2813 1175 2847 quippe
1192 2814 1266 2842 illius
1295 2824 1384 2844 anuus
1407 2819 1569 2847 consulibus
1596 2822 1696 2855 caruit,
1728 2828 1808 2858 atque
1828 2832 1862 2852 ex

1073 2860 1213 2887 communi
1228 2860 1370 2889 hominum
1387 2871 1523 2892 consensu
1539 2867 1669 2901 scriptum
1685 2873 1727 2895 est
1744 2878 1751 2896 :
1775 2879 1784 2894 ι
1797 2868 1863 2898 Post

1073 2904 1247 2932 consulatum
1268 2905 1368 2934 divina:
1395 2910 1534 2936 memoria:
1563 2909 1664 2939 Tiberii
1685 2913 1859 2941 Cutistantini
