2035 3153
137 167 205 200 1185

645 169 733 200 GOD.
752 169 989 200 HENSCHENII
1010 171 1272 203 DISSERTATIO.

1697 175 1766 210 1186

133 230 206 250 anno
231 225 344 257 quarto,
361 231 370 248 ι
390 223 429 250 uti
456 222 484 250 in
507 223 639 252 chronico
662 224 848 253 Alexandrino
877 232 925 253 ex-
937 231 964 261 Α
976 227 1056 254 annis
1070 227 1190 255 lilauritii
1208 228 1385 263 imperatoris
1397 228 1559 258 ordinandis
1574 231 1682 258 tertiam
1699 239 1766 267 epo-

134 276 231 303 presse
258 268 370 296 dicitur.
411 268 482 297 llinc
506 275 597 297 autem
624 274 687 297 nata
715 273 758 298 est
784 278 921 298 annorum

133 313 252 341 Mauritii
272 313 371 348 duplex
384 314 500 350 epocha,
515 315 600 342 altera
617 315 738 350 Imperii,
753 316 837 343 altera
847 315 922 344 Con-

134 361 253 390 sulatus.
269 361 365 397 Itaque
380 362 427 397 qui
445 370 534 390 annus
546 363 706 399 imperantis
725 365 775 392 fuit
786 365 921 398 decimus,

133 406 256 442 ejusdem
275 407 370 435 novies
385 403 516 436 Consalis
531 408 685 442 dicebatur,
711 409 754 438 vel
777 411 859 438 etiam
881 413 923 446 (ut

135 453 293 481 Chronicon
305 455 519 483 Alexandrinum
534 457 671 487 numerat)
689 466 698 482 (
720 462 782 492 post
799 458 924 485 consula-

133 503 193 526 tum
208 499 328 527 Mauritii
348 499 450 528 Tiberii
468 505 582 529 octavus
600 511 606 529 :
625 511 635 529 ι
656 510 709 538 quo
726 511 799 531 anno
816 505 924 533 eodem-

133 553 190 581 quo
213 546 333 582 vulgaris
351 554 412 574 arte
431 547 483 575 592
513 548 610 576 ductas
634 557 694 577 esse
720 550 748 577 in
777 550 922 578 Thraciam

133 591 242 628 copias,
256 598 311 619 non
326 599 391 620 vero
408 593 583 628 praecedenti,
596 595 714 630 primum
727 603 761 624 ex
772 604 804 624 eo
817 597 923 633 colligi-

130 641 199 672 tur,
222 637 296 674 quod
325 640 433 667 nonnisi
462 640 627 675 praecedenti
654 649 747 677 anno,
771 644 922 671 secundum

133 684 351 712 Alexandrinum
373 686 546 718 chronicon,
577 688 722 716 restitutus
758 697 843 724 regno
872 698 922 718 suo

134 729 272 758 Chosroes
287 731 334 762 sit.
358 731 449 766 itaque
469 737 582 767 pacatus
596 732 694 762 Oriens
717 742 724 761 :
751 735 922 770 potissitnum

133 781 225 804 autem
253 777 324 805 idem
350 777 564 807 demonstrative
590 780 726 808 evincitur
750 788 783 808 ex
806 781 851 809 illa
867 786 923 810 tam

134 822 232 858 grandi
258 823 453 851 obscuratione
478 824 567 857 solis,
603 833 685 861 quam
709 833 743 853 ex
770 826 922 856 Simocatt’a

134 869 311 903 transcripsit
343 869 547 905 Theophanes,
577 877 623 902 et,
658 877 687 899 ut
711 871 832 901 diximus
861 881 923 909 per-

977 271 1057 298 cham
1082 272 1192 304 statuit,
1210 274 1238 300 in
1259 280 1333 301 anno
1356 274 1476 310 vulgaris
1491 282 1554 302 arra:
1571 275 1634 306 592.
1656 285 1721 312 quo,
1738 283 1768 304 ut

977 316 1026 348 ait,
1041 326 1052 343 ‹
1070 316 1216 347 Mauritius
1238 319 1385 354 imperator
1403 322 1463 348 sine
1486 321 1592 356 collega
1616 323 1766 350 secundum

975 364 1150 391 consulatum
1179 365 1275 400 gessit,
1298 373 1379 400 quem
1399 374 1487 401 usque
1512 367 1547 394 ad
1572 367 1766 396 duodecimum

964 409 1159 442 continuavit.
1177 415 1207 438 ut
1227 419 1260 438 ex
1285 411 1365 439 fastis
1379 411 1483 440 Graacis
1507 418 1536 440 et
1553 414 1623 441 libro
1647 414 1767 441 Mali‘eio-

975 461 1037 482 rum
1053 455 1227 492 intelligitur.
1240 456 1339 486 Fastos
1354 458 1466 486 Graecos
1481 459 1526 487 hic
1546 460 1678 495 appellat.
1695 469 1766 496 quos

975 500 1040 528 alibi
1067 500 1185 534 Siculos,
1212 508 1240 531 et
1270 505 1422 532 novissime
1452 504 1578 534 Raderus
1608 506 1767 536 Chronieon

974 544 1190 575 Alexandrinum
1208 550 1377 584 nuncupavit
1390 551 1458 578 :sed
1473 551 1501 578 in
1518 552 1561 579 his
1577 552 1718 588 (idemque
1733 554 1768 582 de

975 591 1047 619 libro
1059 591 1229 622 Maﬂ‘eiorum
1241 594 1295 622 dici
1310 603 1391 631 posse
1402 597 1579 633 arbitramur)
1593 598 1661 626 nihil
1676 599 1767 627 simile

975 636 1088 670 dicitur,
1103 643 1133 666 et
1146 640 1222 667 nulla
1240 640 1312 668 facta
1333 642 1435 669 alicubi
1450 643 1590 671 mentione
1604 645 1766 672 consulatus

975 685 1113 718 Iecundi,
1139 686 1382 715 indiscriminatitn
1414 694 1605 718 memorantur
1637 691 1702 719 anni
1731 692 1766 719 18

975 733 1037 762 post
1052 731 1226 759 consulatum
1252 731 1376 761 Mauricii
1401 732 1516 762 Tiberii.
1533 734 1650 763 Unicum
1682 736 1766 772 igitur

976 774 1063 802 tertiis
1079 776 1140 811 ejus
1164 778 1275 813 epochae
1291 779 1535 808 comminiscendte
1557 782 1764 811 fundamentum

976 821 1081 855 accepit
1095 821 1256 858 Onuphrius
1276 832 1309 852 ex
1325 833 1367 857 eo.
1382 827 1455 861 quod
1472 828 1554 862 paulo
1572 833 1633 862 post
1650 829 1762 863 allegat.

976 867 1095 902 registro
1117 869 1297 904 epistolarum
1314 871 1342 899 S.
1361 871 1485 907 Gregorii
1510 874 1529 901 l.
1554 873 1599 906 1X,
1623 874 1720 902 lndict.
1735 875 1763 907 4,

133 921 225 949 peram
254 922 327 942 anno
353 923 426 943 nono
455 916 578 943 Mauritii
605 917 769 952 imperantis
797 920 920 947 attribuit

974 912 1018 939 ubi
1039 913 1080 940 sic
1097 914 1193 949 incipit
1208 916 1291 951 epist.
1304 917 1360 945 εὶς
1379 927 1388 944 ‹
1407 918 1436 945 lu
1455 919 1565 947 nomine
1590 919 1696 947 Domini
1713 929 1765 948 no-

134 968 187 987 una
217 967 280 987 eum
310 961 394 989 rebus
414 967 480 989 tunc
512 962 608 997 gestis.
643 962 759 991 Constat
787 964 860 992 enim
889 973 924 993 ex

133 1006 330 1034 astronomicis
345 1007 475 1039 calculis,
501 1007 574 1043 quod
589 1008 699 1044 eclipsis
719 1009 819 1037 solaris
830 1030 838 1043 ,
863 1018 924 1045 qua:

132 1059 206 1080 anno
225 1051 273 1080 59l
292 1052 403 1086 accidit,
427 1053 473 1081 die
497 1053 532 1080 50
556 1053 658 1088 Martii,
685 1055 923 1091 Constantinopoli

132 1100 176 1126 vix
202 1104 250 1126 aut
274 1107 308 1127 ne
337 1100 381 1126 vix
399 1099 509 1135 quidem
531 1100 651 1134 potuerit
678 1101 820 1136 conspici,
842 1106 924 1137 prout

131 1146 162 1175 in
176 1146 265 1174 nostri
280 1147 393 1181 gratiam
410 1146 625 1174 observaverunt
649 1148 699 1174 viri
724 1149 924 1176 astronomica-

132 1200 194 1220 rum
210 1199 302 1220 rerum
320 1192 480 1227 peritissimi
503 1191 558 1219 duo
585 1192 702 1220 Michael
723 1193 873 1222 Seneschal
892 1194 921 1222 S.

130 1238 158 1267 J.
173 1243 202 1266 et
217 1238 300 1266 David
325 1238 433 1266 vanden
455 1237 686 1266 Nieuvvenborcht
715 1238 924 1275 Antuerpiensis

131 1285 288 1320 presbyter.
326 1284 361 1312 At
391 1291 457 1312 vero
490 1291 563 1312 anno
595 1284 659 1318 592,
686 1285 731 1312 die
761 1285 795 1313 l9
829 1286 923 1313 Martii

133 1338 233 1366 magna
252 1331 297 1358 illa
314 1331 426 1366 eclipsis
456 1331 565 1364 accidit,
579 1338 660 1366 quam
674 1330 803 1359 Petavius
830 1336 923 1360 noster

131 1377 153 1403 l.
173 1384 220 1404 vui
238 1376 277 1404 De
287 1377 408 1404 doctrina
421 1381 579 1409 temporum,
596 1384 657 1411 pag.
673 1376 735 1409 855,
753 1377 833 1405 docet
848 1377 922 1405 Con-

132 1423 314 1458 stantinopoli
337 1422 424 1450 fuisse
439 1422 589 1456 digitorum
617 1423 661 1453 l0,
683 1427 709 1449 et
727 1423 871 1450 duravisse
888 1423 923 1451 ab

132 1468 202 1496 hora
216 1468 244 1503 9,
261 1469 396 1495 matutina
416 1468 500 1496 lenne
530 1467 564 1494 ad
587 1468 706 1495 taedium
735 1468 809 1495 horai
825 1468 868 1496 l2.
888 1467 923 1496 Ut

130 1515 245 1543 dubium
261 1515 366 1542 nullum
382 1515 427 1546 sit,
451 1514 518 1549 quin
543 1514 599 1540 hanc
614 1514 659 1541 illa
676 1522 786 1549 quoque
809 1515 921 1549 eclipsis

132 1561 178 1592 sit,
196 1560 276 1595 cujus
289 1560 322 1586 ad
340 1567 442 1586 annttm
458 1558 621 1586 Guntrantni
645 1558 692 1589 ‘22,
709 1558 835 1586 tnetninit
856 1558 922 1586 Fre-

131 1607 270 1642 degarius,
297 1607 412 1634 dicens:
431 1607 513 1642 quod,
537 1615 547 1632 ι
575 1607 595 1633 Δ
613 1614 692 1633 mane
707 1614 795 1641 usque
820 1606 848 1634 in
865 1615 921 1634 tne-

131 1654 206 1680 diam
220 1653 292 1681 dietn
311 1653 349 1680 ita
365 1654 531 1680 obscur-atus
547 1653 583 1680 sit
600 1653 653 1685 sol,
667 1657 697 1679 ut
715 1653 794 1680 tertia
810 1660 873 1687 pars
887 1661 920 1680 ex

132 1699 194 1735 ipso
220 1699 264 1726 vix
286 1704 439 1734 appareret.
463 1707 472 1724 ι
494 1699 550 1726 lmo
579 1706 635 1725 non
667 1706 700 1726 ex
727 1698 920 1726 observatione

132 1747 204 1781 apud
217 1745 340 1773 Francos
358 1746 440 1777 iacta,
464 1745 511 1772 sed
534 1753 567 1773 ex
589 1745 706 1780 alicujus
719 1744 806 1772 Graeci
826 1749 920 1772 aucto-

131 1792 172 1819 ris
190 1792 278 1819 relatu
297 1792 384 1826 ipsius
411 1791 546 1826 cclipscos
566 1791 737 1818 durationem
767 1790 920 1817 innotuisse

131 1837 307 1873 Fredegario,
319 1845 352 1865 ex
368 1842 490 1871 tempore
506 1844 555 1872 per
569 1837 696 1864 eumdem
712 1836 857 1871 designato
870 1844 920 1871 ap-

131 1890 224 1921 paret:
243 1893 305 1912 nam
321 1884 385 1920 (nisi
400 1884 470 1912 forte
484 1884 601 1912 mediam
614 1884 686 1911 diem
702 1883 755 1911 dici
775 1887 853 1918 putes
870 1890 919 1918 pro

131 1931 211 1967 plena
228 1931 283 1966 die)
297 1931 344 1958 illa
361 1931 427 1959 solis
437 1931 595 1959 obscuratio
613 1931 639 1958 in
653 1930 739 1958 Gallia
754 1930 837 1964 coepit
853 1937 919 1957 con-

130 1978 210 2012 spici,
225 1983 255 2004 ut
274 1977 404 2005 Petavius
418 1977 576 2005 observavit
593 1977 669 2003 circa
685 1977 779 2003 horam
795 1975 810 2002 7
828 1980 918 2003 matu-

130 2023 227 2056 tinam,
242 2027 268 2049 et
297 2030 352 2050 non
381 2022 491 2049 duravit
507 2029 594 2056 usque
621 2021 654 2048 ad
682 2021 801 2048 medium
825 2028 916 2053 nona‘,

129 2069 235 2105 fuitque
261 2069 412 2097 secundum
437 2069 562 2096 eumdetn
585 2067 728 2095 Petaviutn
747 2075 801 2095 non
832 2067 917 2094 multo

128 2117 193 2151 plus
208 2123 289 2151 quam
309 2116 456 2151 digitorum
474 2123 520 2143 sex
535 2124 542 2149 ;
559 2113 710 2142 secundum
724 2113 848 2142 calculos
863 2113 917 2141 Da-

128 2153 202 2190 vidis
231 2163 363 2198 pracitati
389 2163 537 2197 digitorum
563 2162 676 2189 Omnino
701 2166 783 2194 octo;
814 2169 824 2186 ι
851 2168 915 2187 cum

128 2208 204 2240 luna,
221 2209 311 2243 inquit
343 2208 399 2240 hic,
417 2208 541 2235 habuerit
573 2207 745 2234 latitudinem
776 2205 914 2234 borealem

974 958 1068 1001 strict
1091 960 1243 990 Salvatoris
1268 963 1334 991 Jesu
1351 963 1466 998 Christi,
1486 965 1684 1000 imperantibus
1710 967 1764 994 Do-

977 1011 1043 1032 mno
1058 1005 1185 1034 Mauritio
1199 1012 1226 1036 et
1244 1008 1360 1037 Tiberio
1375 1011 1519 1046 Augustis,
1536 1020 1609 1040 anno
1632 1013 1763 1041 incarna-

974 1050 1059 1080 tionis
1081 1050 1233 1081 Dominica
1256 1056 1461 1083 sexcentesimo
1484 1057 1585 1092 primo,
1611 1058 1764 1094 eodemque

973 1095 1090 1124 Domino
1109 1099 1239 1128 undecies
1259 1102 1374 1129 consule
1385 1103 1437 1130 sub
1462 1103 1506 1130 die
1524 1103 1541 1130 5
1554 1103 1694 1132 Nonarum
1710 1104 1763 1133 0c-

973 1143 1106 1172 tobrium.
1125 1153 1135 1170 ι

1008 1189 1053 1217 51.
1073 1189 1185 1223 Verum.
1203 1191 1242 1218 uti
1267 1192 1294 1219 in
1312 1192 1364 1220 hac
1378 1193 1495 1228 epistola
1511 1194 1688 1223 manifestum
1708 1201 1762 1229 est,

973 1235 1120 1263 oscitantis
1139 1237 1245 1264 librarii
1268 1239 1396 1267 mendum
1419 1240 1447 1268 in
1463 1248 1506 1274 eo,
1528 1243 1602 1277 quod
1618 1243 1660 1270 vel
1684 1243 1764 1271 Tibe-

972 1281 1053 1313 rium,
1068 1289 1118 1317 pro
1128 1281 1283 1311 Theodosio
1295 1286 1406 1320 scripsit
1419 1286 1505 1322 (hunc
1520 1288 1593 1315 enim
1611 1296 1665 1316 non
1679 1289 1761 1317 istunt

972 1331 1047 1362 pater
1073 1328 1180 1363 imperii
1204 1335 1361 1358 consortem
1379 1333 1514 1360 asciverat
1537 1341 1612 1362 anno
1629 1335 1703 1371 590),
1719 1337 1762 1364 vel

972 1373 1045 1408 quod
1073 1374 1128 1401 duo
1158 1376 1240 1404 unius
1266 1377 1442 1413 imperatoris
1476 1381 1588 1408 nomina
1616 1382 1761 1417 interjecta

972 1417 1176 1451 conjunctione,
1189 1424 1225 1453 et,
1243 1421 1270 1448 in
1285 1421 1355 1450 duas
1374 1430 1506 1457 personas
1523 1424 1692 1459 distrahens,
1707 1435 1758 1454 no-

972 1464 1050 1496 tavit,
1081 1473 1090 1490 (
1116 1464 1330 1500 Imperatorihus
1357 1469 1501 1504 Augustis,
1528 1478 1577 1506 pro
1606 1471 1760 1506 imperante

972 1511 1074 1537 domno
1096 1509 1224 1539 Mauritio
1245 1511 1354 1542 Tiberio
1378 1515 1505 1550 Augusto
1530 1524 1538 1543 :
1567 1525 1577 1543 ι
1605 1517 1646 1545 sic
1671 1519 1760 1552 potuit

973 1556 1044 1584 idem
1060 1557 1197 1586 erravisse
1218 1560 1246 1587 in
1267 1568 1383 1589 numero
1409 1562 1573 1590 consulatus
1588 1562 1622 1590 ad
1648 1563 1758 1599 longum

948 1604 957 1615 ‘
973 1608 1072 1638 praeter
1087 1606 1317 1634 consuetudinem
1332 1608 1509 1642 antiquorum
1528 1608 1718 1642 describendo,
1731 1614 1760 1638 et.

973 1648 1017 1675 ubi
1034 1649 1169 1684 scriptum
1186 1651 1276 1678 fuerat
1290 1651 1332 1678 vel
1347 1652 1432 1679 scribi
1447 1652 1591 1686 debuerat,
1606 1653 1759 1690 eodemque

971 1693 1082 1722 domino
1104 1696 1137 1723 l8
1162 1697 1275 1724 consule
1291 1717 1298 1729 ,
1327 1697 1428 1732 legisse
1458 1698 1598 1726 undecies.
1627 1698 1760 1727 Similiter

970 1741 1058 1768 eidem
1089 1743 1213 1777 epistolae.
1230 1743 1332 1771 inserta
1355 1742 1436 1771 Probi
1465 1744 1572 1771 abbatis
1593 1745 1759 1779 supplicatio

971 1787 1011 1814 sic
1039 1787 1175 1822 incipiens
1197 1798 1204 1816 :
1223 1798 1233 1815 ‹
1264 1788 1419 1823 imperante
1446 1789 1548 1817 domno
1576 1789 1704 1817 Manritio
1731 1797 1759 1818 et

969 1831 1082 1859 Tiberio
1102 1833 1238 1867 piissimo,
1261 1843 1270 1859 ι
1285 1835 1387 1870 corrigi
1404 1835 1484 1862 debet
1497 1835 1586 1863 deleta
1611 1837 1756 1871 particula,

970 1883 1023 1905 ctc.
1041 1878 1106 1910 Qum
1122 1879 1167 1906 hic
1184 1879 1256 1907 dicta
1270 1884 1352 1908 sunto
1367 1881 1513 1909 occasione
1530 1883 1631 1918 sumpti
1648 1890 1662 1909 a
1678 1882 1757 1911 Man-

970 1925 1034 1952 ritio
1053 1925 1225 1959 consulatus,
1245 1927 1327 1955 nullis
1343 1927 1476 1962 posthaec,
1492 1929 1581 1963 quoad
1596 1929 1662 1957 vixit
1679 1929 1757 1958 nmis

969 1971 1131 1999 consulibus
1148 1973 1315 2009 subrogatis,
1330 1978 1432 2009 utquaa
1451 1974 1577 2009 sequenti
1590 1975 1698 2010 exegesi
1712 1975 1756 2002 di-

969 2017 1041 2044 cturi
1056 2025 1152 2045 sutnus
1177 2018 1211 2046 de
1223 2018 1388 2046 Guntramni
1413 2023 1512 2052 tnorte,
1530 2027 1565 2047 ex
1588 2020 1662 2047 illam
1686 2028 1756 2055 prte-

968 2072 1062 2099 gressa
1075 2071 1148 2092 anno
1165 2072 1222 2092 uno
1239 2065 1335 2101 eclipsi
1346 2065 1511 2098 deﬁnienda.
1529 2066 1582 2093 hac
1600 2074 1708 2102 quoque
1722 2074 1755 2094 ex

968 2117 1046 2147 parte
1074 2116 1205 2139 maneant
1233 2113 1419 2147 inconcussa;
1447 2118 1533 2148 utque
1558 2113 1753 2149 Theophanem

968 2159 1071 2194 legens,
1091 2166 1123 2186 ea
1142 2167 1202 2195 qua:
1225 2159 1283 2195 ipse
1300 2159 1333 2187 ad
1359 2167 1461 2187 annum
1478 2160 1670 2187 Alexandrinae
1693 2167 1756 2187 mra:

967 2205 1031 2238 582,
1051 2206 1124 2233 velut
1144 2213 1199 2233 uno
1229 2206 1381 2241 eodemque
1402 2213 1475 2233 anno
1501 2210 1578 2241 gesta
1600 2206 1754 2241 conjunxit,

128 2256 297 2282 minutorum
311 2255 356 2288 38,
375 2255 534 2290 parallasim
553 2254 720 2282 minutorum
744 2253 789 2286 60,
810 2261 870 2288 qua:
883 2253 916 2280 ad
933 2253 955 2281 D
970 2260 1020 2288 pro
1039 2252 1137 2286 majori
1151 2256 1229 2288 parte
1253 2253 1323 2280 sciat
1350 2251 1384 2279 ad
1412 2259 1514 2279 annum
1546 2251 1598 2278 585
1630 2251 1753 2286 ejusdem

129 2302 306 2330 iucideutiam
321 2302 454 2336 ecliptica:
468 2302 520 2329 luit
537 2302 707 2329 minutorum
730 2300 776 2334 48,
793 2300 917 2335 adeoque

128 2349 192 2374 luna
208 2347 368 2382 appirucrit
382 2347 439 2374 sole
454 2347 570 2374 inferior
585 2347 699 2374 minutis
713 2345 757 2379 l0,
778 2356 788 2373 ι
808 2351 836 2373 ιιι
853 2353 917 2373 vere

127 2396 172 2421 vix
191 2395 271 2420 tertia
298 2401 362 2428 pars
381 2393 449 2420 solis
464 2393 587 2427 eoaspici
604 2400 618 2419 a
642 2392 757 2419 Francis
783 2392 914 2426 potuerit,

126 2439 358 2471 quemadmodum
378 2437 559 2473 Fredegarius
576 2437 698 2471 scripsit.

161 2483 207 2512 50.
238 2483 400 2519 Onupltrius
427 2483 592 2515 l‘anvinius,
613 2482 660 2509 lib.
689 2489 719 2508 ιιι
750 2481 913 2509 Fastorum»

965 2306 1028 2327 atrae
1048 2299 1186 2334 pertinere
1199 2308 1206 2325 :
1221 2303 1249 2326 et
1263 2305 1324 2332 qua:
1339 2298 1403 2325 huic
1422 2305 1495 2325 anno
1512 2304 1566 2324 una
1577 2304 1640 2324 cum
1656 2297 1753 2332 eclipsi

966 2345 1139 2380 imputantur
1154 2342 1284 2377 conjungi
1301 2342 1401 2369 debere
1416 2341 1539 2369 historiae
1555 2342 1619 2368 anni
1636 2349 1754 2376 sequen-

966 2392 1012 2422 tis,
1028 2398 1083 2425 quo
1103 2396 1198 2416 revera
1223 2388 1336 2422 eclipsis
1350 2387 1469 2421 accidit,
1495 2392 1524 2415 et
1545 2387 1696 2416 exercitum
1724 2387 1752 2414 in

966 2436 1111 2462 Thraciam
1128 2434 1279 2468 imperator
1293 2433 1382 2460 duxit.
