2035 3153
263 179 333 212 1187
823 176 1020 208 ANASTASII
1043 176 1080 205 BI
1086 174 1357 205 BLIOTHECARII
1826 173 1901 206 1188

328 342 911 459 ANASTASII
969 338 1870 431 BIBLIOTHECABII

615 506 962 564 HISTORIA
991 502 1548 562 ECCLESIASTICA

269 623 322 653 EX
354 619 572 654 NICEPHORO
601 618 860 656 PATRIARCHA,
896 616 1065 649 GEORGIO
1097 616 1289 650 SYNCELLO
1329 616 1378 646 ET
1409 613 1639 646 THEOPHANE
1671 612 1909 643 CONTRACTA.

568 780 756 812 CAROLUS
787 779 976 813 ΑΝΝΙΒΑι
1011 777 1260 809 FABROTTUS
1291 776 1371 810 ICT.

803 779 976 813 INNIBAL
1011 777 1260 809 FABROTTUS
1291 776 1376 810 ICT.
1409 774 1606 808 LECTORI.

307 939 458 970 Historiam
481 937 704 967 Ecclesiasticam
730 935 879 968 Anastasii,
894 935 928 963 de
945 935 1048 963 Graecis
1071 934 1230 970 Nicephori,
1244 936 1352 973 Georgii
1368 938 1488 974 Syncelli
1504 941 1531 965 et
1545 935 1722 971 Theophanis
1736 939 1911 970 excerpta".

273 993 348 1013 nunc
363 985 483 1020 primum
508 983 535 1010 in
555 983 644 1010 lucem
667 981 778 1009 damus.
796 979 898 1013 Quanti
913 985 1003 1007 autem
1030 979 1154 1007 facienda
1177 981 1213 1008 sit
1238 980 1352 1009 historia
1365 982 1423 1010 haec
1441 991 1495 1010 non
1512 982 1640 1016 ignorant
1653 980 1700 1014 qui
1713 979 1913 1014 Theophanem

273 1029 366 1057 Graece
379 1029 535 1063 loquentem
553 1027 695 1061 legerunt.
711 1025 758 1059 qui
788 1032 842 1051 non
865 1024 973 1051 minore
997 1023 1050 1051 ﬁde
1069 1030 1151 1058 quam
1169 1023 1310 1059 diligentia
1326 1032 1356 1051 ea
1378 1033 1438 1059 quae
1452 1030 1507 1052 tam
1523 1023 1557 1051 ad
1574 1030 1631 1051 rem
1655 1021 1809 1050 Romanam
1826 1029 1912 1056 quam

273 1073 453 1110 Byzantinam
467 1071 605 1106 pertinent
617 1069 791 1103 exsequitur.
808 1067 886 1095 llunc
898 1067 1062 1095 Anastasius
1078 1074 1147 1102 pene
1163 1071 1252 1094 totum
1268 1075 1323 1094 non
1339 1067 1443 1095 infelici
1458 1075 1590 1096 successu
1607 1067 1634 1094 in
1653 1065 1781 1093 Latinum
1795 1073 1916 1093 conver-

274 1118 317 1144 tit.
334 1115 413 1150 Quod
440 1122 508 1142 sane
520 1113 647 1150 quisquis
672 1120 766 1140 verum
796 1115 880 1144 amat,
907 1110 1016 1138 inﬁcias
1039 1118 1094 1138 non
1115 1111 1183 1138 ibit:
1201 1118 1262 1137 nam
1279 1115 1306 1138 et
1323 1112 1455 1146 pleraque
1469 1112 1581 1140 sunt-in
1609 1110 1778 1145 TheOphane
1802 1109 1916 1137 Graeco-

273 1161 404 1193 barbara,
425 1167 486 1195 qua:
501 1159 567 1186 viris
588 1157 670 1185 etiam
687 1155 782 1184 Graece
794 1154 965 1183 doctissimis
976 1154 1059 1182 hodie
1074 1154 1211 1190 negotium
1224 1154 1404 1183 facesserent.
1414 1155 1500 1190 Cujus
1515 1155 1553 1183 rei
1565 1154 1644 1182 fidem
1659 1153 1762 1181 facient
1775 1154 1915 1188 glossaria

274 1211 371 1232 nostra
398 1203 620 1233 miro-barbara,
649 1208 710 1236 qua:
737 1200 799 1228 aliis
819 1207 931 1235 quoque
960 1199 1053 1226 saeculi
1080 1198 1220 1233 sequioris
1245 1199 1407 1226 auctoribus
1430 1198 1648 1234 interpretandis
1675 1196 1762 1225 facem
1782 1196 1917 1232 praeferre

275 1252 414 1284 poterunt.
432 1247 562 1280 Qozedam
584 1253 646 1273 esse
664 1244 782 1272 barbara
805 1248 833 1271 et
848 1251 945 1271 eorum
968 1247 1122 1277 temporum
1137 1242 1326 1269 infelicitatem
1351 1242 1504 1270 redolentia
1528 1242 1555 1269 in
1571 1242 1622 1269 hac
1638 1241 1765 1269 versione
1782 1241 1912 1276 equidem

275 1300 330 1320 non
344 1292 511 1320 abnuerim:
531 1290 579 1318 sed
603 1290 662 1318 haec
680 1289 769 1324 magis
792 1288 923 1316 ineruditi
950 1287 1045 1315 saeculi
1071 1286 1138 1314 vitia
1166 1290 1231 1313 ssnt
1248 1293 1329 1321 quam
1346 1287 1525 1321 scriptorum,
1538 1285 1640 1321 quibus
1660 1284 1832 1321 propositum
1854 1288 1915 1312 erat

275 1336 452 1364 monimentis
467 1335 525 1362 suis
541 1334 695 1370 posteritati
715 1332 857 1368 prodesse,
873 1339 927 1359 non
945 1331 1050 1360 Latinae
1063 1331 1164 1366 linguae
1180 1334 1339 1358 venustates
1370 1335 1397 1358 et
1416 1331 1582 1366 eloquentiae
1602 1329 1684 1357 ﬂores
1701 1330 1729 1356 in
1754 1329 1842 1356 sterili
1856 1329 1916 1356 solo

275 1388 409 1415 quaerere.
426 1379 498 1413 Quid
515 1383 605 1407 autem
632 1379 660 1405 in
687 1377 795 1405 edendo
821 1376 968 1404 Anastasio
997 1374 1217 1411 praestiterimus,
1241 1374 1371 1406 breviter,
1392 1373 1501 1407 Lector,
1527 1374 1682 1401 monendus
1698 1381 1740 1403 es.
1756 1373 1914 1403 Romanum

274 1424 358 1460 igitur
367 1424 508 1459 exemplar
521 1423 556 1451 ad
577 1429 626 1450 nos
652 1422 739 1449 Roma
754 1421 950 1450 transmissum
968 1419 1102 1448 beneﬁcio
1121 1417 1334 1445 eminentissimi
1354 1418 1504 1446 cardinalis
1522 1418 1662 1446 Francisci
1687 1417 1840 1448 Barberini.
1868 1416 1917 1443 lit-

277 1473 401 1496 terarum
417 1468 552 1503 parentis,
567 1471 596 1494 et
619 1474 704 1501 opera
719 1465 801 1493 Luca:
813 1464 962 1498 llolstenii,
979 1465 1028 1492 viri
1040 1465 1121 1498 longe
1141 1461 1309 1495 doctissimi,
1325 1469 1388 1488 cum
1406 1462 1516 1497 optima:
1534 1467 1606 1489 notae
1622 1460 1917 1490 codire'contulimus.

276 1517 361 1544 quem
373 1510 454 1538 nobis
466 1509 646 1537 celeberrima
661 1507 778 1535 Thuana
803 1507 970 1535 bibliotheca
996 1506 1189 1541 suppeditavit.
1205 1505 1295 1539 Hujus
1314 1513 1367 1540 ope
1385 1504 1459 1532 foeda
1482 1506 1581 1534 menda
1605 1505 1784 1536 sustulimus.
1802 1511 1865 1540 qua
1890 1504 1919 1530 in

277 1553 433 1581 Romanum
449 1552 573 1580 codicem
593 1552 702 1579 fortcan
718 1551 901 1585 exscriptoris
912 1550 979 1578 vitio
994 1550 1174 1585 irrepserant,
1195 1554 1226 1576 ut
1242 1549 1294 1576 hoc
1314 1557 1425 1584 quoque
1438 1550 1550 1577 nomine
1566 1550 1698 1585 praeclare
1714 1550 1749 1577 de
1775 1548 1920 1585 republica

278 1596 411 1624 litteraria
434 1596 550 1623 meritus
562 1595 600 1622 sit
613 1595 780 1631 perillustris
793 1594 835 1621 vir
850 1593 970 1622 Jacobus
982 1593 1123 1628 Augustus
1137 1593 1282 1625 Thuanus,
1302 1593 1329 1620 in
1343 1593 1466 1628 primore
1482 1594 1557 1630 regni
1582 1594 1661 1622 curia
1688 1601 1793 1630 praeses
1808 1592 1922 1627 amplis-

277 1640 378 1670 simus,
389 1639 480 1674 magni
492 1639 613 1673 parentis
634 1645 736 1673 magna
757 1637 876 1665 soboles.
891 1636 946 1665 Sed
971 1641 998 1665 et
1026 1637 1113 1672 gratia
1125 1637 1250 1666 habenda
1271 1641 1315 1665 est
1334 1637 1526 1666 illustrissimo
1545 1643 1573 1666 et
1586 1639 1695 1666 eximia:
1709 1637 1846 1665 doctrina:
1857 1637 1920 1664 viro

280 1683 312 1712 ι).
326 1683 426 1712 Carolo
439 1683 472 1711 de
489 1683 629 1716 Monchal,
647 1682 857 1718 archiepiscopo
866 1681 1016 1715 Tolosano,
1029 1681 1076 1716 qui
1091 1682 1288 1710 bibliothecam
1304 1690 1383 1710 suam
1401 1690 1463 1710 cum
1482 1683 1579 1718 paucis
1596 1682 1813 1718 comparandam
1827 1681 1920 1709 doctis

278 1728 408 1756 omnibus
420 1730 514 1763 patere
529 1727 586 1754 vult
601 1735 608 1754 :
623 1726 746 1754 codicem
765 1733 864 1761 nempe
882 1733 964 1753 manu
979 1725 1150 1761 descriptum
1166 1726 1245 1754 nobis
1257 1725 1443 1754 commodavit
1463 1727 1535 1753 idem
1547 1726 1589 1753 vir
1600 1726 1820 1757 illustrissimus,
1838 1725 1923 1760 cujus

279 1772 404 1800 subsidio
429 1771 562 1799 nonnulla
586 1771 746 1799 sanavimus
774 1775 802 1797 et
825 1770 948 1805 pristino
965 1769 1049 1796 nitori
1073 1770 1258 1798 restituitnus.
1273 1764 1411 1798 Przeterea
1431 1770 1454 1798 si
1468 1778 1530 1805 quae
1552 1775 1632 1798 erant
1643 1770 1816 1798 subobscura
1828 1770 1856 1796 in
1867 1768 1922 1796 hac

280 1816 419 1849 versione,
435 1823 466 1843 ea
483 1815 569 1843 Graici
586 1814 691 1843 codicis
707 1814 854 1842 Collatione
868 1818 896 1841 et
911 1814 1029 1841 aliorum
1057 1820 1200 1842 auctorum
1222 1814 1313 1841 allatis
1342 1814 1411 1841 locis
1431 1813 1645 1847 illustravimus,
1665 1819 1694 1842 ut
1706 1815 1820 1842 omnino
1832 1819 1922 1849 pauca

280 1860 336 1888 sint
346 1867 406 1895 quae
416 1859 590 1888 mediocriter
600 1860 681 1887 etiam
697 1858 799 1887 eruditi
815 1866 870 1886 non
885 1857 1007 1893 capiant,
1025 1858 1048 1886 si
1068 1864 1130 1885 cum
1147 1857 1250 1885 Graecis
1268 1865 1432 1893 comparare
1447 1865 1502 1885 non
1512 1863 1670 1893 graventur.
1692 1856 1772 1886 Vale.

916 2013 1059 2044 INCIPIT
1091 2011 1292 2043 ΡΒΔΕῈΑΤΙΟ
1315 2059 1317 2062 ⁴

520 2101 723 2133 ANASTASII
735 2100 1044 2133 BIBLIOTHECARII
1061 2100 1206 2132 SUMMIE
1230 2099 1278 2130 AC
1299 2098 1539 2131 APOSTOLICIE
1561 2098 1669 2130 SEDIS

724 2189 770 2218 AD
785 2188 944 2218 JOANNEM
965 2186 1141 2216 DlACONEM
1177 2181 1281 2216 URKIS
1307 2185 1476 2215 ROMANJE.

320 2335 555 2370 Ecclesiasticam,
570 2337 734 2365 charissime
745 2336 830 2366 frater
842 2342 870 2365 ct
881 2338 964 2372 digne
972 2337 1076 2366 Christi
1092 2343 1115 2372 Α
1128 2343 1189 2363 rum
1209 2334 1266 2362 fore
1281 2342 1436 2367 asseverant.
1450 2335 1473 2363 si
1490 2342 1522 2363 ea
1535 2342 1596 2370 quae
1613 2334 1641 2362 in
1656 2333 1764 2363 Latinis
1778 2335 1928 2365 codicibus

285 2381 379 2410 Levita
392 2380 524 2414 Joannes.
535 2387 648 2410 auctore
662 2383 728 2415 Deo.
746 2383 901 2418 scripturus
917 2383 1075 2416 historiam,
1129 2382 1246 2410 inveniri
1264 2389 1318 2408 non
1351 2385 1479 2417 possunt,
1502 2381 1580 2416 prius
1601 2389 1635 2408 ex
1657 2380 1819 2409 Gracorum
1851 2382 1928 2409 fonte

285 2428 374 2464 exigis
390 2436 406 2455 a
424 2436 468 2455 me
482 2427 607 2463 quaedam
625 2429 654 2456 in
664 2429 791 2456 Latinum
809 2430 911 2465 stylum
929 2437 962 2457 ex
973 2429 1077 2457 Graecis
1131 2428 1283 2456 haurienda
1311 2429 1470 2464 percipias,
1494 2427 1594 2455 faciam
1617 2427 1673 2455 Deo
1702 2428 1821 2463 propitio
1851 2428 1928 2463 quod

286 2473 477 2500 voluminibus
500 2473 712 2506 transferenda,
742 2482 796 2509 quo
825 2479 852 2501 et
884 2475 943 2510 ipsa
967 2482 1078 2510 quoque
1130 2475 1427 2509 bortaris,pr:csertim
1452 2481 1517 2502 cum
1544 2473 1590 2501 Dei
1621 2474 1658 2501 sit
1682 2472 1757 2509 quod
1787 2474 1926 2509 agendum

287 2519 431 2554 proposito
441 2519 549 2546 inseras
565 2521 641 2555 operi
666 2524 692 2547 et
706 2521 829 2554 intexas;
855 2521 897 2548 his
918 2521 991 2548 enim
1009 2522 1078 2549 dua-
1131 2521 1321 2557 proponimus.
1334 2527 1360 2548 ct
1377 2521 1473 2549 multis
1485 2521 1580 2556 procul
1593 2520 1677 2547 dubio
1689 2527 1774 2547 causa
1784 2520 1928 2555 profectus

288 2565 339 2593 bus
357 2565 458 2600 linguis
474 2566 621 2601 praecipue,
643 2574 704 2601 quae
723 2567 751 2594 in
776 2566 896 2594 Ecclesia
913 2571 991 2603 gesta
1004 2573 1079 2601 sunt,
1133 2573 1215 2603 atque
1242 2567 1350 2595 salutis.
1379 2566 1435 2595 Nec
1459 2567 1532 2595 enim
1562 2566 1610 2594 tibi
1628 2570 1683 2593 tam
1709 2565 1794 2592 charo
1817 2570 1929 2601 tamque

288 2614 466 2638 enarrantur.
494 2611 550 2647 Ego
564 2620 640 2645 vero,
665 2613 803 2648 propriam
827 2613 965 2641 inscitiam
980 2618 1006 2641 ct
1022 2622 1081 2642 δεῖ*
1134 2615 1253 2650 sapienti
1277 2614 1427 2649 quidquam
1460 2621 1560 2649 negare
1590 2617 1699 2648 potero.
1729 2612 1777 2647 qui
1804 2612 1930 2647 profecto

288 2658 378 2684 monis
398 2657 554 2692 angustiam
579 2666 632 2685 non
653 2659 796 2694 ignorans.
815 2659 869 2687 hoc
898 2667 980 2695 agere
1004 2664 1082 2688 tanto
1133 2660 1262 2696 Apostoli
1275 2659 1443 2688 documento
1458 2659 1581 2686 imbutus
1596 2659 1604 2674 ί
1629 2657 1802 2693 sapientibus
1816 2662 1844 2684 et
1860 2657 1930 2685 insi-

288 2707 410 2738 tempore
422 2703 521 2731 merito
547 2705 684 2738 recusavi,
709 2713 792 2740 supra
821 2713 863 2733 me
879 2706 1004 2734 videlicet
1021 2713 1082 2735 esse
1134 2707 1274 2744 pientibus
1286 2707 1394 2735 debitor
1405 2715 1477 2734 sum.
1491 2705 1592 2734 Verum
1605 2706 1667 2741 quia
1679 2705 1817 2740 praecipue
1830 2711 1931 2732 neces-

289 2752 344 2774 tam
370 2748 486 2776 arduum
517 2757 651 2778 conamen
684 2751 778 2786 procul
803 2751 888 2779 dubio
913 2757 1000 2780 ratus.
1027 2752 1081 2780 Sed
1135 2743 1238 2782 sarium
1253 2753 1374 2781 arbitror
1395 2760 1426 2781 ea
1453 2760 1514 2788 qua:
1533 2761 1548 2780 a
1565 2751 1721 2780 Theodosio
1742 2751 1869 2787 principe
1886 2743 1950 2785 ju-'

287 2794 418 2829 quoniam
434 2795 532 2830 ipsete
547 2797 717 2832 propositum
731 2804 801 2833 opus
819 2797 917 2826 melius
936 2802 1082 2827 exsecutu-
1139 2799 1217 2828 niorc
1237 2799 1265 2828 in
1280 2799 1402 2828 Ecclesia
1428 2804 1505 2835 gesta
1530 2803 1595 2827 sunt
1623 2797 1782 2832 enarrandi,
1797 2796 1834 2825 ad
1849 2795 1932 2831 cujus

327 2883 335 2900 ¹
352 2884 431 2910 Rom.
442 2893 461 2917 l,
478 2884 522 2913 Η,
