2035 3153
141 169 212 203 1189

866 171 1078 202 ΡΒᾸΞΕᾹΤΙΟ.

1700 172 1770 205 1190

139 226 267 254 videlicet
282 230 403 261 tempora
433 225 634 259 Theodoretus.
657 226 786 255 Socrates
802 231 830 256 et
842 226 929 255 Sozo-
942 228 1071 258 Aratum
1105 226 1170 255 duxi
1200 227 1271 255 beati
1298 227 1445 263 Nicephori
1469 227 1768 264 Constantinopolitaui

139 280 249 304 manus.
279 272 426 300 Eusebium
444 272 580 309 Pamphili
602 274 820 308 subsequentes,
845 275 930 302 libros

139 319 333 347 ecclesiasticze
357 320 479 347 historiae
515 325 672 354 texuerunt,
692 328 783 356 operae
812 321 929 356 pretium

139 365 204 393 duxi
218 373 251 393 ex
266 365 375 401 Georgii
387 367 543 393 summatim
563 367 689 402 quaedam
705 372 732 394 et
753 366 930 403 Theophanis

139 413 361 448 chronographia
373 413 461 448 plura.
478 413 525 441 sed
545 414 687 441 succincte
711 421 843 449 carpere,
859 421 929 448 quo-

139 466 201 484 rum
215 458 289 491 prior
303 467 390 492 usque
408 459 442 486 ad
469 459 679 491 Diocletianum,
709 461 848 494 posterior
863 468 930 488 vero

140 512 229 539 usque
256 505 288 531 ad
301 505 420 533 Leonem
443 506 491 540 qui
516 510 577 540 post
598 505 756 537 Michaelem
772 506 928 540 imperavit,

140 556 245 586 patrem
259 551 368 578 scilicet
389 551 485 585 lgnatii
499 552 546 586 qui
563 552 652 579 adhuc
669 557 795 586 superest
807 553 928 582 habenas

138 597 454 632 Constantinopolitanae
466 601 562 626 tenens
575 597 713 629 Ecclesia).
724 599 848 634 pra-dicti
861 608 929 635 ope-

139 645 178 671 ris
193 644 236 671 sui
249 644 349 679 stylum
370 645 515 679 protraxit.
534 644 586 678 Qui
612 649 703 672 autem
734 646 789 673 sint
808 645 851 673 isti
865 645 928 674 bre-

139 690 210 716 viter
223 690 370 717 annotabo.
391 690 494 718 ﬂorum
523 691 605 725 igitur
634 691 705 718 alter
723 691 811 719 electa
833 699 929 718 mona-

140 737 209 764 stica
227 736 281 763 vita
299 736 455 771 mundoque
470 741 624 772 contemplo
639 737 740 764 Christi
759 745 787 764 se
799 738 849 765 levi
862 737 929 772 jugo

137 786 167 810 et
181 782 258 810 suavi
273 783 387 809 sarcinae
400 782 578 817 mancipavit.
591 781 726 810 Pra-terea
737 787 832 810 contra
844 783 929 810 haere-

139 828 369 856 ticosiucessanti
389 836 476 863 agone
504 829 655 862 desudans,
682 829 776 857 mundi
794 830 928 865 principi—

139 875 191 903 bus
207 879 301 902 contra
314 874 442 903 Ecclesiae
457 875 539 902 ritqu
551 875 738 908 saevientibus,
755 876 850 904 multis
865 884 928 904 ver-

137 921 252 949 beribus
267 921 439 957 diversisque
468 922 557 957 poenis
584 922 698 951 allectus
717 927 769 950 est.
790 923 836 952 Sic
861 931 927 959 ergo

138 967 267 1002 stigmata
285 966 389 994 Christi
405 967 432 994 in
456 975 573 1002 corpore
589 975 639 995 suo
664 972 790 1003 portans,
807 972 861 995 tam
879 975 928 1002 pro

138 1012 202 1041 ﬁdei
217 1020 274 1040 suae
286 1013 451 1044 constantia.
465 1020 546 1047 quam
560 1021 610 1048 pro
632 1013 780 1040 multarum
795 1014 926 1040 virtutum

139 1058 293 1094 insignibus
319 1062 421 1086 sancta:
441 1059 580 1086 memoriae
606 1057 725 1091 Tarasii,
753 1058 834 1094 regis
850 1058 927 1086 urbis

138 1104 275 1140 prasulis,
288 1103 426 1140 syncellus
442 1102 556 1131 eﬂ'ectus
572 1107 624 1132 est.
642 1103 696 1131 Sed
712 1111 746 1131 ne
766 1103 852 1131 multa
864 1110 928 1138 pro-

137 1157 249 1185 sequar,
261 1149 385 1177 suﬂicere
398 1149 517 1177 arbitror
540 1149 572 1177 ad
587 1150 753 1185 pmconium
775 1150 836 1185 ejus
853 1151 926 1185 quod

138 1202 153 1222 a
169 1195 234 1222 sede
251 1194 420 1230 approbatus
442 1195 479 1222 sit
495 1194 658 1230 apostolica,
686 1195 798 1230 quando
819 1196 927 1223 scilicet

138 1240 233 1268 vicarii
257 1240 317 1274 ejus
351 1247 403 1266 una
420 1247 482 1266 cum
507 1240 638 1267 trecentis
655 1240 855 1275 quinquaginta
875 1240 927 1268 Pa-

138 1287 226 1315 tribus
241 1288 268 1314 in
282 1285 371 1314 Nic-ara
387 1285 454 1312 urbe
469 1287 590 1314 secundo
603 1287 797 1314 convenientes
815 1287 926 1314 univer-

136 1333 222 1360 salem
240 1332 374 1368 synodum
391 1333 574 1365 celebrarunt,
591 1332 727 1368 siquidem
740 1337 767 1360 et
784 1333 845 1360 laus
864 1333 925 1368 ejus

137 1378 164 1405 in
178 1377 273 1406 eodem
281 1379 429 1412 septimoet
441 1382 537 1406 sancto
550 1378 669 1405 concilio
684 1379 831 1413 reperitur.
840 1377 925 1406 Porro

137 1423 171 1451 de
185 1423 272 1450 altero
287 1423 351 1459 quid
367 1423 477 1451 dicam?
493 1431 554 1451 cum
571 1428 598 1451 et
610 1424 670 1459 ejus
685 1425 839 1460 conscripta
859 1425 924 1458 vita,

136 1470 254 1504 qualiter
273 1469 399 1497 videlicet
418 1469 516 1504 amplis
532 1470 706 1505 patrimoniis
724 1470 842 1498 venditis
859 1478 925 1498 cru-

133 1521 194 1542 cem
207 1522 286 1542 suam
304 1515 407 1547 tulerit,
416 1515 567 1550 qualiterve
579 1521 690 1544 secutus
700 1516 854 1550 Christum,
872 1517 923 1544 ab-

980 275 1101 311 episcopi
1119 275 1374 311 jehronographiam
1392 284 1560 312 praaponcre,
1579 282 1609 304 ut
1623 277 1728 305 scilicet
1742 280 1770 304 et

980 329 1013 349 ex
1027 328 1059 349 ea
1071 321 1162 356 possis
1179 322 1347 357 aliquantula
1367 329 1491 357 carpere,
1500 327 1527 349 et
1539 321 1628 350 sicubi
1643 322 1769 351 fortassis

981 367 1032 394 hac
1045 367 1178 395 utendum
1193 367 1373 403 judicaveris,
1388 373 1462 396 tuam
1490 376 1544 395 non
1561 369 1643 396 lateat
1657 369 1769 397 omnino

980 413 1118 440 notitiam.
1147 413 1270 441 Obsecro
1299 418 1387 442 autem
1419 414 1583 443 charitatem
1601 419 1686 447 tuam,
1709 423 1769 450 qua:

981 458 1074 485 omnia
1092 459 1241 486 secundum
1256 459 1415 494 Apostolum
1434 459 1539 492 suffert,
1556 464 1583 487 et
1603 468 1658 487 non
1671 461 1768 495 quwrit

979 510 1041 539 qute
1050 512 1099 532 sua
1117 509 1191 537 sunt,
1204 520 1239 527 -κ
1251 505 1307 533 imo
1326 513 1375 540 per
1390 513 1420 533 se
1437 513 1479 533 me
1489 506 1617 534 obsecrat
1638 506 1768 534 universa

979 551 1142 579 Latinorum
1157 552 1282 580 Ecclesia
1294 556 1324 579 ut
1339 553 1379 579 sic
1394 553 1545 580 scribendae
1557 560 1572 579 a
1587 557 1613 580 te
1625 553 1769 580 incltoelur

979 605 1049 632 opus
1065 597 1197 629 historias,
1215 601 1245 625 ut
1259 605 1320 632 quae
1339 597 1374 625 ab
1396 597 1456 632 ipso
1483 598 1586 625 Christi
1602 598 1722 626 adventu
1740 599 1768 626 in

980 644 1103 671 Ecclesia
1115 649 1191 679 gesta
1206 648 1269 671 sunt
1290 649 1317 671 et
1333 648 1407 671 textu
1434 644 1628 672 ecelesiasticze
1647 645 1769 672 historia:

980 697 1034 717 non
1046 690 1206 725 judicantur
1221 690 1343 725 indigna,
1367 690 1444 718 nullo
1459 689 1539 718 modo
1562 691 1766 726 praetermittas,

978 738 1102 772 exceptis
1116 737 1160 765 his
1173 736 1243 764 forte
1256 745 1316 772 qua:
1328 736 1462 765 Eusebius
1471 736 1654 765 Theodoritus
1667 736 1767 764 Sacra-

979 786 1021 810 tes
1037 787 1065 810 ct
1081 781 1251 810 Sommcnus
1265 783 1409 818 scripsisse
1421 788 1582 811 noscuntur.
1594 782 1694 811 Verum
1704 783 1768 818 quia

980 830 1112 864 quosdam
1134 829 1230 856 horum
1255 830 1386 858 mentitos
1403 830 1431 857 in
1457 829 1622 865 quibusdam
1640 829 1726 857 fuisse
1740 835 1767 856 et

979 876 1102 910 quzedam
1129 876 1339 911 prmtermisisse
1361 876 1508 911 probatur,
1537 876 1766 910 quemadmodum

979 926 1006 949 ct
1022 927 1133 950 sanctus
1144 930 1212 957 papa
1226 923 1375 958 Gregorius
1384 923 1417 950 de
1431 922 1583 950 Sozomeno
1593 921 1768 957 apertissime

979 969 1086 1000 scribit,
1096 969 1211 996 obsecro
1222 969 1362 996 mendacia
1372 976 1465 996 eorum
1479 969 1550 997 veris
1560 969 1767 1004 approbationi-

978 1015 1030 1043 bus
1042 1022 1152 1050 arguas,
1165 1019 1264 1050 etquae
1277 1015 1429 1043 omiserunt
1438 1015 1618 1043 nihilominus
1627 1015 1766 1051 suppleas.

1013 1061 1115 1097 Accipe
1141 1062 1233 1097 itaque
1260 1061 1323 1094 hoc,
1356 1061 1528 1094 charissime.
1554 1062 1766 1097 incompositum

978 1114 1059 1143 opus,
1072 1111 1098 1135 et
1110 1107 1177 1134 nihil
1189 1115 1280 1134 meum
1297 1107 1324 1134 in
1351 1106 1403 1135 hoc
1417 1115 1531 1143 prorsus
1547 1107 1681 1135 incertum
1698 1116 1768 1143 pra3~

978 1160 1072 1180 nosce.
1085 1153 1117 1180 Et
1132 1153 1154 1180 si
1168 1152 1299 1180 decessus
1317 1151 1370 1179 mei
1387 1152 1479 1179 debito
1497 1157 1652 1187 praeventus
1665 1159 1766 1187 propo-

977 1198 1060 1225 situm
1091 1205 1161 1233 opus
1184 1206 1235 1233 ego
1259 1199 1350 1226 minus
1379 1199 1413 1226 ad
1437 1199 1539 1226 calcem
1558 1199 1721 1234 perduxero,
1737 1204 1765 1227 tu

977 1246 1068 1271 tamen
1089 1243 1115 1270 id
1133 1243 1258 1279 deperire
1272 1244 1384 1271 minime
1395 1249 1500 1279 patere,
1517 1244 1564 1272 sed
1580 1245 1608 1272 in
1632 1250 1765 1280 quantum

976 1294 1028 1322 est,
1047 1290 1166 1325 qualiter
1183 1294 1210 1317 et
1226 1290 1272 1317 ubi
1287 1290 1397 1318 libuerit
1416 1295 1502 1318 utere.
1521 1290 1607 1318 Porro
1628 1293 1650 1319 si
1669 1293 1766 1320 lortca

976 1342 1020 1363 me
1035 1336 1084 1363 tibi
1113 1339 1161 1364 aut
1176 1343 1208 1364 ex
1236 1335 1331 1364 Graeco
1357 1342 1397 1364 tra
1420 1337 1501 1364 sl‘crri
1527 1342 1573 1364 aut
1592 1346 1623 1365 es
1647 1338 1764 1366 diversis

974 1380 1135 1409 Latinorum
1165 1382 1438 1418 conscriptionibus,
1471 1391 1532 1417 qua:
1559 1383 1682 1411 historiae
1711 1389 1765 1411 tua:

975 1426 1095 1460 inseras,
1115 1427 1242 1455 deuorari
1273 1427 1428 1461 desideras,
1444 1427 1561 1455 libenter
1580 1428 1635 1456 tuis
1651 1428 1765 1456 satisfa-

972 1473 1044 1501 ciam
1059 1474 1141 1502 votis.
1170 1472 1287 1501 Tantum
1308 1473 1444 1502 industria
1461 1479 1507 1501 tua
1527 1475 1636 1501 interim
1651 1479 1764 1510 aposto-

974 1519 1026 1547 lice
1041 1520 1138 1547 doctus
1155 1519 1182 1546 in
1197 1519 1420 1548 nomiueDoniini
1431 1528 1511 1554 opus.
1521 1520 1594 1556 quod
1609 1521 1765 1553 hortamur,

136 1560 245 1588 batisin
263 1561 430 1588 monasterio
445 1561 509 1596 Agri
526 1561 636 1589 functus
658 1561 757 1594 ollicio.
778 1562 924 1590 virtutibus
938 1571 959 1600 ο
975 1565 1100 1601 arripiat,
1130 1570 1157 1593 et
1188 1565 1261 1600 quod
1283 1565 1492 1593 imminentibus
1510 1565 1589 1593 nobis
1610 1567 1764 1601 proposuit,

135 1606 254 1639 fulserit,
269 1607 410 1634 miraculis
422 1608 608 1635 coruscavcrit
619 1613 646 1635 et
659 1607 802 1636 confessor
813 1609 923 1641 obterit,

135 1654 204 1681 satis
216 1658 364 1688 aperteque
382 1661 431 1688 per
456 1654 614 1690 Byzantium
632 1659 659 1682 et
676 1655 780 1682 circum
798 1663 925 1691 quasque

132 1700 272 1739 regiones,
291 1700 335 1728 his
363 1700 410 1735 qui
434 1708 518 1735 prope
541 1705 567 1728 et
596 1701 638 1729 his
654 1702 702 1736 qui
726 1701 806 1737 longe
822 1707 886 1730 sunt
901 1704 923 1736 ',

131 1746 244 1774 clamet.
260 1746 312 1773 Sed
325 1751 351 1773 et
369 1746 459 1774 studia
479 1746 540 1781 ejus
567 1747 600 1774 ad
625 1755 676 1775 nos
694 1754 781 1782 usque
808 1748 922 1782 perlata,

134 1795 197 1830 quis
206 1795 249 1822 vel
269 1798 388 1829 quantus
405 1795 448 1822 vir
463 1795 514 1822 iste
539 1793 622 1821 fuerit
637 1794 786 1822 solertibus
805 1794 922 1822 manife-

134 1844 219 1867 stant.
235 1839 272 1866 Ex
292 1840 388 1867 horum
405 1847 471 1875 ergo
490 1839 717 1875 chronographiae
732 1840 923 1868 amantissimo

134 1887 257 1920 quaedam
271 1886 415 1921 decerpant
437 1887 528 1918 horto,
543 1893 605 1922 qua:
617 1886 792 1922 amplissima:
807 1887 922 1921 tuiope-

133 1932 174 1959 ris
189 1939 291 1959 mensae
306 1931 437 1959 obeilieus
459 1932 607 1959 obsecutor
633 1939 788 1967 apponam;
806 1940 867 1967 qua:
879 1932 923 1960 ni-

133 1977 235 2004 mirum
252 1981 430 2005 contemnere
450 1985 504 2005 non
532 1977 628 2010 debes.
652 1977 700 2005 sed
720 1978 792 2005 inter
807 1982 853 2005 tua
867 1979 922 2006 sal~

134 2028 188 2050 tem
204 2024 355 2051 secundum
370 2031 469 2051 sensus
483 2023 610 2051 virtutem
627 2024 686 2051 sine
708 2023 818 2052 fastidio
835 2025 921 2052 collo-

130 2077 208 2102 care,
230 2070 318 2105 primo
333 2069 396 2105 quia
408 2074 456 2098 tuo
470 2074 535 2098 sunt
554 2070 644 2098 elicita
658 2070 796 2105 frequenti
807 2078 921 2105 prorsus

131 2116 254 2147 hortatu,
270 2115 370 2143 deinde
383 2116 447 2151 quia
464 2116 536 2143 inter
551 2115 665 2144 crebras
687 2121 714 2143 et
732 2121 858 2144 assuetas
873 2117 921 2145 de-

134 2161 212 2188 licias
228 2169 424 2196 nonnunquam
449 2162 543 2189 vi-lium
560 2170 686 2190 escarum
702 2162 781 2197 quasi
802 2162 922 2190 delecta-

131 2206 228 2234 bilium
252 2206 430 2241 requiruntur
445 2206 548 2240 edulia,
568 2207 648 2234 tertio
665 2207 739 2242 quia,
755 2206 843 2235 donec
858 2215 922 2243 pro-

975 1615 1152 1646 exsequatur.
1166 1610 1252 1639 Porro
1267 1612 1307 1639 sic
1323 1619 1373 1648 ego
1381 1619 1414 1639 ex
1431 1611 1474 1640 his
1488 1611 1595 1640 duobus
1612 1612 1765 1650 illpstribus

975 1658 1042 1685 viris
1062 1658 1186 1693 quaedam
1216 1657 1349 1686 deuorare
1363 1658 1505 1694 proposui,
1533 1661 1563 1685 ut
1579 1665 1648 1694 pene
1660 1659 1764 1691 omnia,

974 1711 1035 1738 qua:
1048 1711 1132 1739 supra
1145 1703 1295 1731 nominatis
1312 1703 1540 1739 historiographis
1548 1709 1763 1731 commemorata

974 1754 1050 1782 sunt,
1066 1757 1081 1776 a
1097 1757 1138 1777 me
1155 1749 1394 1777 commemoranda
1410 1757 1463 1776 non
1477 1749 1612 1776 duxerim.
1625 1748 1664 1776 Ex
1673 1749 1763 1776 civili-

974 1793 1026 1822 bus
1053 1799 1144 1822 autem
1163 1793 1248 1829 gestis
1282 1793 1407 1828 quaedam
1441 1794 1598 1822 summatim
1624 1796 1762 1829 excerpst,

974 1840 1100 1874 quamvis
1116 1847 1130 1867 a
1148 1838 1304 1867 Iustiniano
1325 1838 1448 1874 principe
1469 1846 1501 1866 ac
1525 1839 1657 1874 deinceps
1675 1846 1761 1874 pauiu

973 1886 1114 1914 omiserim
1130 1894 1225 1914 eorum
1238 1894 1299 1921 qua:
1317 1886 1351 1913 ab
1368 1886 1409 1913 his
1433 1885 1653 1921 chronographis
1678 1886 1760 1914 relatu

973 1936 1048 1960 sunt.
1064 1932 1124 1960 Non
1142 1932 1227 1964 enim,
1240 1936 1269 1960 ut
1285 1932 1413 1967 praelatus
1430 1932 1606 1960 beatissimus
1614 1931 1762 1967 Theopha-

973 1986 1023 2006 nes
1034 1985 1064 2006 se
1081 1978 1187 2014 opinari
1204 1982 1331 2011 testatur,
1348 1977 1462 2005 modicae
1494 1977 1613 2005 fructum
1634 1978 1762 2006 utilitatis

972 2026 1062 2061 carpit
1075 2026 1122 2062 qui
1136 2025 1290 2061 priscorum
1317 2025 1413 2060 relegit
1432 2029 1520 2052 actus.
1531 2025 1586 2052 Oro
1600 2030 1690 2052 autem
1703 2033 1763 2052 om-

972 2073 1049 2100 nium
1069 2072 1232 2100 charitatem
1258 2073 1329 2100 hanc
1345 2072 1492 2100 editionem
1510 2073 1642 2104 fnestram
1669 2071 1761 2106 legen-

972 2118 1051 2152 tium,
1071 2122 1100 2145 ut
1127 2118 1192 2146 siin
1219 2126 1250 2146 ea
1271 2119 1423 2153 proﬁcuum
1443 2117 1594 2153 quidquam
1613 2117 1760 2149 invenerit,

972 2164 1100 2192 decentes
1120 2165 1270 2199 gratiarum
1287 2164 1412 2192 actiones
1426 2163 1491 2196 Deo,
1501 2172 1534 2192 ex
1550 2171 1604 2199 quo
1618 2167 1661 2191 est
1679 2170 1762 2190 omne

973 2210 1086 2242 bonum,
1103 2210 1201 2238 devote
1229 2209 1377 2245 persolvat,
1402 2214 1429 2237 et
1448 2216 1498 2244 pro
1518 2209 1598 2236 nobis
1615 2208 1761 2236 ineruditis

129 2253 228 2288 posita:
241 2259 311 2288 opus
322 2253 444 2280 historiae
466 2261 515 2288 per
529 2257 556 2281 te
571 2253 604 2280 ad
618 2241 814 2289 perfectionem
838 2241 921 2282 fuerit
935 2241 960 2270 D
971 2261 998 2283 et
1011 2255 1200 2291 peccatoribus
1216 2241 1326 2291 propter
1340 2241 1483 2282 Domindm
1512 2261 1591 2282 orare
1606 2261 1640 2282 ne
1657 2254 1760 2289 pigeat.

130 2298 187 2326 Deo
207 2299 314 2326 lavente
329 2300 502 2334 perductum,
518 2301 617 2336 poterit
633 2301 702 2328 forte
720 2305 844 2329 nostrum
858 2309 920 2330 esse

126 2341 354 2372 desiderantibus
367 2346 601 2382 aliquantisperin
618 2355 709 2380 usum,
726 2352 754 2375 et
766 2348 812 2383 qui
827 2348 919 2384 opima

129 2395 220 2419 vestra
248 2392 380 2427 consequi
402 2399 458 2419 non
485 2393 631 2425 valuerint,
652 2399 734 2421 erunt
747 2394 857 2422 interim
876 2395 919 2422 his

76 2475 79 2483 |
128 2438 247 2466 exilibus
262 2438 364 2465 uestris
382 2443 520 2474 utcunque
533 2439 665 2467 contenti.
679 2438 748 2467 Huic
763 2447 829 2467 sane
842 2440 917 2475 operi

162 2529 174 2546 ‘
191 2528 292 2564 Ephes.
310 2537 340 2564 tt,
356 2529 402 2558 l7.

971 2301 1059 2330 Porro
1072 2303 1096 2330 si
1110 2302 1176 2337 quid
1192 2301 1337 2329 inhoneste
1353 2301 1471 2336 positum
1485 2299 1630 2335 repererit,
1645 2298 1761 2327 indisci-

971 2347 1114 2384 plinationi
1141 2352 1243 2375 nostrae
1277 2347 1329 2374 hoc
1360 2346 1500 2380 iiuputans
1528 2345 1636 2372 veniam
1665 2344 1758 2372 donet.

970 2394 1084 2421 Gratum
1099 2393 1171 2419 enim
1182 2395 1224 2420 est
1237 2391 1292 2419 Deo
1303 2395 1330 2419 et
1340 2394 1481 2426 acceptum
1492 2390 1564 2426 quod
1574 2390 1598 2418 ei
1607 2390 1757 2418 secundum

970 2441 1043 2468 vires
1057 2439 1181 2467 oti‘ertur.
