2035 3153
262 170 329 204 1191

820 170 1020 200 ANASTASII
1043 168 1353 199 BIBLIOTIIECAIIII

1821 164 1894 199 1192

271 242 1842 263 ἕψω-*ΛΜΞ
1859 248 1861 250 ·

487 319 921 367 CHRONOLOGIA
974 321 1187 365 BBEVIS
1224 321 1276 364 B.
1317 319 1652 368 NICEPHORI

731 418 1138 447 CONSTANTINOPOLITANI
1163 418 1327 448 EPISCOPI.

262 496 359 523 Exstat
372 494 442 520 inter
449 493 505 527 ejus
519 500 597 527 opera
612 495 711 520 nostra:
723 490 858 524 editionis,
868 490 978 525 hujusce
998 489 1164 526 Patrologiw
1189 489 1289 517 Gra'ca:
1303 490 1372 519 tam.
1398 488 1430 521 C,
1442 488 1493 516 col.
1509 488 1572 516 IOOI
1585 497 1594 521 ί
1623 488 1785 524 Patrologia:
1811 491 1893 519 etiam

683 540 789 567 Latina:
810 544 875 566 tam.
891 537 1019 571 CXXIX,
1035 538 1104 566 inter
1121 539 1207 573 ipsius
1221 537 1359 565 Anastasii
1375 545 1466 572 opera.

537 693 701 724 ABIIINC
716 693 959 724 EXCERPTIO
973 692 1033 722 EX
1047 691 1410 724 CHRONOGRAPHIA
1425 691 1616 723 GEORGII.

297 766 443 802 Pompeius
460 766 530 793 bello
544 764 732 801 Hierosolyma
748 770 884 800 percepta.
903 765 1049 793 Aristobu-
1063 766 1089 795 Α
1136 763 1280 792 Secundus
1296 763 1480 791 Romanorum
1507 764 1674 792 monarchus
1691 764 1784 792 Caesar
1807 764 1892 793 Octa.

262 814 316 840 lum
331 813 440 848 quidem
456 812 577 839 vinctutn
591 820 653 839 cum
674 812 748 843 filiis.
759 812 916 839 Alexandro
930 816 956 839 et
972 812 1049 838 Auti-

262 866 344 895 guno,
357 859 476 891 tenebat,
488 858 601 886 Romam
614 866 763 893 properans
779 858 1009 893 triumphaturus,
1021 862 1050 885 et

261 905 377 931 aliarum
391 911 501 939 quoque
513 903 633 938 gentium
650 911 728 938 rcges
752 907 780 930 ct
803 903 899 930 duces.
917 903 1048 937 Hyrcano

261 955 352 978 autem
369 950 451 984 hujus
480 949 557 976 fratri
584 957 693 977 snnuno
718 951 866 976 counnisso
898 949 1049 983 pontificio,

262 997 420 1024 trilnuarios
435 995 532 1023 statuit
561 995 693 1023 Romanis
718 994 838 1023 Judaeos.
855 995 905 1028 Qui
934 994 1049 1022 Romam

261 1043 349 1070 victor
370 1043 512 1077 ingressus
536 1041 654 1068 amicitia
672 1041 798 1076 jungitur
808 1040 921 1069 C.Julio
936 1040 1048 1073 Caesari,

262 1089 309 1125 qui
322 1092 432 1116 creatus
449 1091 545 1114 contra
557 1086 648 1115 Gallos
658 1093 685 1114 et
696 1087 842 1114 Britannos
861 1092 962 1122 praetor
981 1087 1051 1114 diri-

262 1137 346 1171 gitur,
357 1134 516 1170 nmgnisque
529 1133 630 1168 prmliis
644 1140 692 1167 per
706 1141 792 1162 annos
803 1133 897 1161 decem
912 1132 1006 1160 Gallos
1024 1137 1050 1162 ct

265 1182 412 1208 Britannos
427 1180 558 1207 Romanis
571 1180 732 1207 tributarios
744 1179 824 1212 fecit;
850 1179 896 1214 qui
914 1179 1050 1215 quingen-

262 1232 304 1256 tas
330 1227 456 1256 civitates
487 1226 682 1262 possidebant,
709 1230 739 1253 ut
763 1225 927 1253 Plutarchus
943 1225 1051 1258 scribit,

261 1273 454 1302 Charontensis
473 1273 666 1308 philosophus.
681 1272 886 1301 Tum:Crassus
899 1272 1051 1300 succedens

260 1320 377 1348 Gabinio
391 1320 534 1355 Syriacum
560 1319 678 1346 obtinuit
706 1318 902 1353 principatum,
913 1322 941 1345 et
955 1324 1052 1345 contra

262 1364 390 1398 Parthos,
406 1365 432 1392 id
449 1369 490 1391 est
501 1363 609 1396 Persas,
619 1363 770 1390 exercitum
789 1365 886 1391 movit.
900 1362 987 1390 Porro
996 1364 1051 1390 An-

262 1412 361 1447 tipater
390 1411 494 1439 amicos
524 1410 575 1438 sibi
593 1410 694 1445 ubique
720 1409 906 1438 Romanorum
927 1413 1050 1445 potentes

1102 811 1212 841 vianus,
1226 810 1272 845 qui
1287 814 1312 837 et
1328 810 1469 845 Augustus
1485 810 1636 845 appellatus
1647 815 1700 838 est.
1713 811 1737 837 Α
1751 812 1893 839 creatione

1103 857 1196 884 mundi
1226 865 1313 892 usque
1345 857 1378 884 ad
1404 857 1512 883 initium
1532 857 1605 884 tertii
1636 858 1751 892 Augusti
1775 858 1894 887 Cesaris

1103 902 1180 934 anni,
1210 902 1236 928 in
1267 909 1321 936 quo
1349 905 1376 929 et
1407 901 1521 928 indictio
1544 902 1717 937 promulgata
1742 903 1893 935 est,sicuti

1103 948 1200 975 beatus
1209 947 1343 974 Maximus
1355 947 1382 974 in
1396 955 1523 975 sermone
1536 955 1587 974 suo
1599 947 1633 974 dc
1649 947 1753 976 Pascha
1765 953 1893 984 testatur,

1103 992 1168 1019 anni
1195 997 1258 1019 sunt
1273 992 1354 1019 5460.
1372 992 1469 1020 Cicero
1489 993 1582 1020 rhetor
1603 998 1631 1020 et
1653 998 1767 1021 senator
1789 993 1896 1023 Gaietis

1104 1038 1189 1066 Italia
1208 1039 1391 1074 interemptus
1423 1045 1484 1072 est;
1506 1043 1535 1066 ut
1563 1044 1653 1066 autem
1671 1039 1718 1067 alii
1733 1041 1820 1074 aiunt,
1845 1049 1896 1069 ve-

1103 1093 1174 1114 IICHO
1185 1093 1246 1113 sese
1261 1085 1380 1112 necavit.

1140 1132 1313 1167 Principatus
1331 1139 1428 1159 eorum
1453 1136 1557 1168 septem
1570 1132 1618 1168 qui
1638 1133 1710 1168 apud
1730 1132 1894 1169 Pergamum

1105 1179 1312 1214 imperaverunt
1326 1178 1455 1210 cessavit,
1466 1186 1528 1206 cum
1547 1178 1726 1213 perdurasset
1739 1179 1790 1206 154
1801 1179 1894 1207 annis.

1141 1226 1218 1254 Sicut
1241 1225 1268 1252 in
1296 1224 1462 1260 quihusdam
1483 1224 1588 1252 Latinis
1611 1225 1779 1255 editioriibus
1795 1225 1894 1259 fertur,

1104 1273 1139 1300 ab
1156 1272 1314 1299 Alexandro
1341 1279 1430 1306 usque
1448 1271 1482 1299 ad
1504 1271 1622 1307 Augusti
1648 1276 1769 1307 tempora
1783 1271 1897 1300 fuerunt

1104 1319 1169 1345 anni
1190 1318 1250 1353 plus
1271 1317 1362 1345 minus
1379 1317 1442 1344 500.

1139 1363 1295 1392 Judaaorum
1325 1364 1430 1400 primus
1453 1371 1500 1391 rex
1519 1363 1672 1399 alienigena
1695 1363 1817 1392 Herodes
1845 1364 1897 1392 fuit

1104 1412 1184 1439 anuis
1202 1411 1248 1444 57,
1263 1411 1311 1446 qui
1327 1411 1474 1438 Ananilum
1499 1411 1658 1446 quemdam,
1674 1410 1831 1440 Judasorum
1847 1411 1898 1447 qui

263 1457 424 1485 muneribus
439 1461 466 1484 et
479 1457 541 1484 aliis
567 1456 707 1491 obsequiis
733 1456 860 1483 faciebat.
886 1456 957 1484 Inter
981 1463 1051 1490 quos
1068 1456 1089 1484 Β
1104 1458 1130 1486 in
1150 1458 1289 1494 Babylone
1301 1463 1379 1486 erant
1391 1465 1528 1486 summum
1540 1458 1707 1492 pontificem.
1722 1458 1891 1491 accersiens.

263 1508 292 1531 et
304 1503 406 1531 IIareth
424 1503 555 1534 Arabum,
566 1502 592 1529 id
608 1508 650 1530 est
664 1502 876 1534 Saracenorum,
891 1502 946 1537 regi
962 1502 1049 1529 valida

264 1549 385 1577 sociatus
401 1553 443 1576 est
474 1548 605 1579 amicitia,
624 1552 733 1583 propter
757 1547 959 1574 matrimonitmt
984 1547 1051 1574 insi-

264 1596 326 1632 gnis
341 1595 433 1623 uxoris
452 1595 576 1622 Arabicae
587 1595 725 1630 Cypridis,
744 1602 778 1622 ex
800 1602 853 1630 qua
871 1595 941 1622 filios
956 1595 1052 1622 habuit

265 1645 394 1677 quatuor,
407 1640 565 1668 I'hasailum
593 1640 719 1679 videlicet
731 1644 758 1668 et
771 1641 927 1674 ,Herodem.
942 1642 988 1676 qui
1003 1649 1052 1668 rex

264 1694 326 1725 post
339 1687 495 1724 Hyrcanum
513 1687 620 1715 exstitit
635 1686 812 1715 Ilehrarorum
832 1688 938 1722 primus
956 1686 1052 1714 alieni-

263 1743 343 1771 gena,
358 1739 386 1763 et
404 1735 516 1762 tertium
536 1733 733 1768 Josephum,et
752 1733 890 1762 Pheroran
911 1739 1051 1768 quartum,

261 1782 319 1817 jam
339 1786 395 1809 tum
427 1780 565 1809 Arabibus
593 1779 761 1812 Jud:eorum,
793 1779 866 1807 sicut
887 1787 960 1807 nunc
973 1779 1053 1806 Citri-

264 1829 428 1859 stianorum.
444 1827 564 1861 legitima
585 1825 829 1853 confundentibus.

298 1873 444 1909 Pompeius
459 1873 541 1908 igitur
562 1871 689 1908 Hyrcano
715 1879 852 1899 summum
880 1872 1051 1907 pontificium

264 1921 416 1952 roboravit,
425 1924 451 1947 et
458 1920 517 1954 ipse
524 1918 655 1946 Romanis
663 1917 772 1945 Judaaos
778 1918 939 1946 tributarios
945 1918 1052 1946 statuit.

265 1966 338 1994 Idem
354 1966 411 2000 ipse
417 1965 591 1999 Antipatrum
599 1964 792 1998 alienigenam,
800 1963 1017 1995 Herodisfilium,
1027 1967 1054 1991 ct

264 2013 377 2041 alterius
386 2012 501 2040 Herodis
512 2015 616 2046 patrem
627 2009 778 2038 Palaestinae
785 2010 921 2038 ordinavit
929 2017 1055 2045 procura-

267 2065 362 2087 torem.
372 2058 406 2086 At
415 2066 478 2088 vero
488 2057 519 2086 ϐ.
527 2056 615 2084 Julius
628 2057 718 2084 Caesar
733 2055 846 2082 ltomam
860 2056 969 2083 rediens
980 2056 1055 2083 oumi

265 2105 336 2140 parti
347 2104 467 2138 Pompeii
482 2103 612 2138 pepercit,
624 2102 657 2128 de
666 2110 719 2137 qua
729 2107 785 2129 erat
795 2101 903 2134 Cicero,
913 2101 1013 2130 Brutus
1029 2106 1056 2129 et

1106 1503 1135 1532 in
1151 1503 1303 1532 Jerusalem
1331 1511 1469 1531 summum
1498 1503 1657 1538 pontificem
1684 1504 1841 1533 constituit.
1862 1503 1898 1531 Et

1107 1540 1158 1578 hoc
1185 1551 1273 1578 electo
1301 1555 1364 1585 post
1380 1550 1519 1577 modicum
1546 1550 1691 1578 constituit
1705 1550 1895 1578 Aristobuium

1105 1605 1243 1624 sutnmum
1270 1596 1439 1631 pontificem,
1457 1596 1568 1624 fratrem
1593 1596 1688 1624 uxoris
1715 1604 1783 1628 sua).
1806 1597 1895 1625 lilium

1105 1641 1236 1678 Hyrcani.
1256 1642 1288 1669 Et
1299 1644 1351 1670 hoc
1372 1642 1538 1678 interempto
1552 1649 1652 1670 rursus
1667 1643 1815 1671 Ananilum
1832 1649 1898 1679 post

1105 1695 1208 1714 annum
1223 1687 1358 1722 provexit.

1141 1733 1222 1761 Anno
1244 1733 1339 1761 mundi
1370 1733 1441 1761 5500
1466 1733 1595 1761 devoluto
1612 1738 1639 1762 et
1656 1734 1723 1762 5501
1748 1734 1898 1771 incipiente

1108 1779 1181 1808 facta
1207 1783 1250 1807 est
1270 1780 1427 1808 inearnatio
1443 1779 1552 1809 Domini
1577 1785 1605 1807 et
1634 1780 1786 1809 Salvatoris
1808 1783 1897 1810 nostri

1106 1825 1171 1853 Jesu
1193 1825 1308 1858 Christi,
1334 1833 1431 1854 mense
1451 1826 1603 1854 secundum
1627 1825 1766 1856 Romanos
1785 1827 1897 1860 Martio,

1106 1873 1151 1900 die
1173 1872 1219 1905 25,
1250 1872 1401 1901 secundum
1429 1872 1551 1900 divinam
1575 1872 1737 1905 editionem,
1763 1881 1825 1909 qua
1850 1882 1898 1909 μη·

1108 1918 1219 1954 Moysen
1243 1919 1350 1956 prolata
1365 1923 1418 1952 est,
1432 1919 1519 1954 prima
1542 1919 1587 1946 die
1613 1920 1713 1948 mensis
1729 1919 1828 1954 Nisae.
1848 1922 1896 1957 qui

1108 1965 1180 2001 apud
1199 1965 1328 1993 Hebr-mos
1344 1965 1451 2000 primus
1463 1970 1573 1993 creatus
1586 1969 1640 1998 est,
1654 1973 1708 2000 qua
1723 1965 1834 1994 Gabriel
1851 1975 1898 1994 ar-

1108 2012 1258 2047 changelns
1274 2013 1310 2042 ei,
1327 2019 1388 2046 qua:
1414 2019 1477 2038 vere
1500 2015 1544 2039 est
1561 2019 1593 2038 ac
1616 2012 1728 2046 proprie
1752 2012 1798 2039 Dei
1813 2012 1899 2041 Geni,

1109 2058 1180 2090 trix,
1211 2059 1297 2086 totius
1315 2057 1410 2085 mundi
1437 2058 1529 2093 gaudii
1552 2057 1652 2085 obtulit
1678 2060 1830 2094 evangelia.
1853 2061 1900 2089 Sic

1110 2105 1185 2132 enim
1215 2109 1243 2132 et
1267 2105 1384 2133 vivifira:
1409 2104 1622 2132 resurrectionis
1642 2105 1702 2140 ejus
1726 2106 1785 2134 dies
1802 2107 1899 2135 eadem

265 2149 388 2180 Cassius.
404 2148 603 2182 consulumque
613 2148 796 2183 principatum
816 2147 1057 2175 destruxit.Tum-
1071 2145 1093 2176 C
1110 2150 1196 2185 prima
1214 2152 1318 2179 mensis
1333 2151 1378 2179 die
1399 2151 1541 2179 concurrit
1561 2151 1714 2180 secundum
1731 2153 1900 2187 apostolica;

266 2202 320 2230 que
333 2193 471 2222 Antonius
487 2193 639 2227 Cleopatra:
654 2192 784 2219 Arabiam
795 2192 917 2220 tradidit.

303 2239 489 2266 Romanorum
500 2237 531 2266 C.
548 2236 637 2264 Julius
660 2237 753 2265 Caesar
765 2238 872 2273 primus
889 2239 1056 2267 mouarehus

266 2284 394 2313 habetur.
409 2283 501 2311 Mundi
516 2291 588 2310 anno
604 2283 673 2310 5451
686 2283 717 2310 C.
734 2282 822 2310 Julius
839 2283 931 2312 Caesar
944 2285 1056 2313 veniens

267 2331 295 2359 in
305 2330 426 2358 Judaeam
447 2334 509 2364 post
522 2328 643 2364 Pompeii
664 2333 781 2357 ntortem
810 2330 845 2358 ab
866 2329 994 2366 IEgypto,
1010 2339 1056 2358 ro<

267 2377 346 2406 borat
364 2383 502 2404 summum
516 2376 685 2412 pontificium
711 2374 847 2411 Hyrcano,
864 2381 890 2404 ct
914 2377 1057 2412 Antipatro

268 2428 426 2458 potentatus
442 2422 605 2450 divisionem
621 2422 667 2449 dat
681 2430 688 2454 ;
705 2423 752 2456 qui
779 2423 842 2449 dolo
858 2422 934 2451 Bruti
951 2428 977 2450 ct
989 2423 1058 2455 Cas-

267 2468 300 2496 sii
316 2468 464 2499 occiditur,
480 2474 532 2494 non
547 2467 693 2494 ferentium
709 2466 829 2501 Pompeii
841 2469 1057 2503 percmptionem

268 2520 356 2548 neque
366 2512 511 2540 wnsulum
526 2512 738 2546 depositionem.
755 2511 841 2545 Hujus
851 2515 938 2540 haeres
948 2515 1059 2550 adopta-

268 2563 312 2585 tus
327 2562 387 2584 erat
398 2556 563 2584 Octavianus
575 2556 678 2589 Caasar.
699 2556 770 2585 ﬁlius
781 2557 862 2584 Attia:
883 2559 987 2586 sororis
997 2559 1058 2594 ejus

267 2608 295 2632 et
306 2603 423 2631 Octavii.
445 2602 510 2629 Dein
527 2608 620 2638 parata
641 2603 756 2630 victoria
776 2604 919 2632 venientes
942 2604 1058 2632 Romam

266 2651 409 2684 Augustus
426 2653 453 2676 et
465 2649 599 2676 Antonius
613 2648 740 2676 dividunt
750 2656 813 2677 cmn
826 2649 952 2686 llelpidio
967 2652 1058 2686 tripli-

267 2695 336 2723 citer
361 2700 448 2723 totum
477 2694 662 2722 Romanorum
685 2695 882 2731 principatum,
907 2702 945 2730 et,
966 2701 995 2724 ut
1021 2702 1058 2726 tta

266 2741 395 2774 dixerim,
407 2741 492 2769 totius
505 2741 581 2768 orbis
596 2745 750 2775 terrarum;
762 2743 938 2778 etAugustus
949 2745 1058 2780 quidem

267 2785 405 2822 Europam
434 2787 550 2814 sortitur
576 2794 664 2821 usque
681 2786 716 2814 ad
736 2787 881 2817 occiduum
905 2788 1056 2823 Oceanum,

269 2832 411 2868 llelpidins
431 2838 522 2860 autem
546 2841 606 2868 quae
631 2833 705 2860 circa
724 2833 836 2870 Libyam
861 2840 925 2863 sunt
952 2836 1056 2870 omnia,

271 2885 353 2915 porro
365 2880 500 2907 Antonius
511 2884 595 2907 totam
616 2880 718 2909 Asiam.

1107 2196 1281 2225 traditiones.

1144 2243 1286 2278 Augustus
1303 2243 1424 2278 pontifex
1448 2244 1586 2272 maximus
1603 2244 1731 2273 decretus
1740 2250 1792 2274 est.
1812 2246 1901 2275 Hero-

1108 2289 1157 2317 des
1171 2290 1292 2324 priscam
1308 2290 1472 2323 Samariam,
1487 2299 1549 2318 cum
1565 2295 1641 2319 esset
1654 2291 1775 2326 deserta,
1795 2301 1812 2321 a
1835 2293 1901 2319 fun-

1109 2335 1246 2363 damentis
1277 2336 1382 2368 erexit,
1410 2336 1542 2364 Sehastcn
1570 2337 1597 2364 in
1629 2339 1760 2366 honorem
1781 2338 1901 2367 Caesaris

1110 2382 1267 2410 nominans.
1295 2382 1416 2410 Ilerodes
1444 2384 1577 2418 templum
1602 2385 1676 2418 quod
1700 2384 1902 2421 Hierosolymis

1109 2432 1168 2454 erat
1183 2427 1280 2464 duplex
1296 2428 1480 2458 rt-aedilieavit.
1493 2429 1614 2457 Herodes
1627 2430 1746 2464 priscam
1761 2431 1902 2459 Stratonis

1110 2472 1210 2500 turrim
1228 2473 1381 2500 Caesaream
1402 2474 1429 2500 in
1455 2474 1719 2503 honoremCtesaris
1747 2477 1901 2511 superadi-

1109 2517 1196 2546 ﬁcans
1208 2519 1369 2546 nominavit.
1385 2518 1456 2548 Idetu
1479 2521 1537 2556 ipso.
1549 2519 1708 2550 Judaeurum
1726 2521 1902 2558 Iegispcritos

1111 2563 1214 2591 orcidit
1226 2569 1251 2591 et
1269 2565 1388 2599 scriptas
1406 2566 1583 2601 genealogias
1600 2567 1732 2595 incendit.

1147 2609 1240 2637 Mundi
1271 2618 1343 2638 anno
1371 2611 1458 2643 5500,
1487 2612 1588 2640 divina:
1614 2621 1679 2640 vero
1701 2613 1903 2641 incarnationis

1111 2662 1184 2682 anno
1200 2656 1225 2687 Ι,
1244 2660 1340 2690 pastor
1351 2657 1441 2685 bonus
1456 2662 1581 2693 pastores
1605 2660 1708 2694 primos
1719 2659 1753 2686 ad
1776 2659 1904 2687 inetl'abi-

1111 2706 1178 2727 num
1197 2701 1332 2729 "sionem
1348 2706 1375 2730 et
1390 2703 1556 2731 auditionem
1573 2712 1621 2739 per
1638 2705 1748 2741 angelos
1761 2705 1901 2733 invitavit.

1146 2744 1240 2773 Ilundi
1268 2753 1358 2775 annus
1383 2753 1442 2775 erat
1469 2748 1558 2780 5501.
1584 2748 1682 2777 Sextus
1714 2744 1930 2785 Pythagorens't.

1111 2790 1291 2827 philosophus
1308 2791 1434 2820 ﬂorebat.
1450 2793 1536 2821 Judas
1549 2793 1679 2823 Galilmus
1695 2794 1829 2823 adversus
1843 2795 1903 2822 no-

1113 2846 1213 2866 manos
1231 2839 1386 2868 simultates
1399 2847 1478 2875 agere
1490 2841 1652 2868 honahatur
1663 2841 1773 2870 Iudaeos
1788 2848 1906 2878 propter

1112 2884 1336 2920 descriptionem.
1359 2886 1479 2916 Herodes
1496 2892 1620 2915 mortuus
1635 2892 1688 2921 est,
1706 2896 1767 2916 cum
1785 2888 1903 2916 vixisset
