2035 3153
154 145 223 178 1193

576 148 759 180 HISTORIA
778 148 1066 181 ECCLESIASTICA
1083 152 1134 182 EX
1151 153 1349 185 SYNCEILO.

1711 156 1778 187 ΗΑ

151 203 231 230 annis
247 203 300 236 70;
320 204 367 238 qui
393 204 496 233 ,Μαρία
520 205 616 241 inique
639 206 784 240 imperavit
798 206 879 232 annis
892 205 937 231 57.
956 207 976 234 Α
993 207 1179 237 durentesimw
1197 213 1319 239 secundae
1334 211 1500 247 Ofympiutlis
1516 213 1588 247 {arta
1608 218 1647 240 ιιι
1667 213 1779 248 defenio

152 248 211 276 Sub
224 254 315 283 quoet
327 250 468 285 prophetia
482 249 568 279 Jaeob
583 252 731 286 adimpleta
749 255 803 280 est.
819 250 868 278 llic
885 251 942 286 pri-

151 303 214 322 mus
227 295 379 330 alienigena
392 295 500 331 prtefuit
517 296 631 329 Iudaeis,
646 305 709 324 cum
722 302 796 324 esset
806 295 941 324 ldnntmus

152 341 251 368 Arabs.
270 341 343 369 Idem
359 342 418 376 ipse
433 343 538 376 pritnus
556 342 737 378 alienigenam
750 343 853 370 Jttdmis
871 349 941 378 pon-

152 388 252 415 tilio-nt
270 389 415 415 cortstituit
426 388 584 416 Ananilum.

186 434 344 461 Iudaeorum
366 436 504 462 secundus
528 435 681 471 alienigena
705 434 855 461 Archelaus
869 434 942 460 filius

153 481 281 513 Herodis,
293 481 374 515 cujus
389 488 462 508 anno
474 481 502 513 9,
521 482 614 508 mundi
629 489 695 508 vero
706 480 785 513 5506,
801 480 942 515 Augustus

152 527 316 554 Archelaum
328 526 450 560 quidem,
465 527 549 554 [ilium
568 526 694 558 Herodis,
708 526 863 553 Judaaorum
877 534 942 561 [ten-

154 573 189 600 tis
206 573 355 607 principem
369 572 478 604 statuit,
494 573 564 600 alios
577 578 668 600 autem
682 573 780 599 fratres
797 573 857 607 ejus
872 580 941 607 qua-

153 624 226 650 tuor,
243 618 377 646 llerodem
402 619 509 646 scilicet
528 619 726 654 homonymum
743 619 824 653 patri,
841 624 867 646 et
883 619 940 646 An-

154 666 284 699 tipatrum
309 672 360 691 avo
378 665 548 700 atqnivocum
570 665 774 701 Lysaniamque
796 669 823 692 et
838 664 942 699 Philip-

154 719 218 747 pum
232 712 385 739 tetrarchas
404 712 542 739 exhibuit.

191 758 282 786 Mundi
294 765 369 785 anno
381 758 462 791 5515,
479 759 579 786 divinae
591 758 792 786 incarnationis
808 766 881 785 anno
896 759 939 789 15,

153 804 206 832 sub
219 804 330 831 Caesare
351 806 475 839 Augusto
488 805 629 839 sapientes
645 805 766 840 insignes
780 809 859 832 erant
878 804 941 831 Vir-

153 851 247 886 gilius,
272 851 422 883 Salustius,
449 851 555 884 Livius,
581 851 758 883 Hortensius.
783 852 939 883 Terentius.

155 897 297 929 Horatius,
322 897 517 925 Athenodorus
539 897 661 925 Tarseus
676 903 703 925 et
730 897 800 925 Sitio
823 897 942 925 Alexan-

154 945 263 972 drinus.
277 945 352 972 Idem
365 943 429 971 vero
441 946 582 978 Angustus
599 945 800 973 habitatoribus
815 945 943 972 Romana:

155 992 233 1019 urbis
250 999 298 1026 per
314 991 400 1019 facies
410 992 592 1020 dinumeratis
607 992 712 1019 invenit
725 991 847 1019 virorum
866 992 944 1019 habi-

154 1038 271 1065 tantium
291 1045 351 1065 eam
368 1037 485 1064 151057.

189 1084 282 1110 Mundi
299 1091 372 1111 anno
387 1083 457 1110 5520
470 1083 673 1110 incarnationis
692 1083 792 1111 divina:
809 1091 898 1111 annus
906 1083 943 1110 20

154 1130 304 1164 agebatur,
324 1137 406 1164 quam
432 1129 575 1156 Matthaeus
603 1128 747 1164 Lucasque
773 1129 942 1161 describunt,

155 1175 299 1203 Matthaaus
310 1175 420 1210 quidem
435 1176 536 1209 regiam
552 1183 583 1202 ex
595 1174 680 1201 David
695 1182 742 1209 per
757 1173 942 1207 Salomonem,

155 1222 244 1249 [nicas
258 1229 323 1249 vero
336 1228 369 1248 ex
386 1221 481 1248 eodem
499 1220 581 1247 David
598 1227 646 1254 per
657 1219 772 1247 Natham
782 1220 842 1254 ejus
858 1220 942 1247 filium

156 1267 289 1294 referens.

193 1312 322 1340 Tiberius
350 1313 448 1340 tertius
477 1310 646 1338 monarchtts
670 1309 796 1338 Pontium
824 1308 942 1337 Pilatum

156 1360 300 1396 praesidem
311 1359 411 1387 Judtcae
424 1359 535 1386 direxit.

190 1405 281 1432 Mundi
297 1412 369 1432 anno
386 1404 467 1437 5552,
484 1404 583 1432 divinae
598 1403 796 1431 incarnationis
805 1403 850 1435 3‘2,
861 1402 944 1430 Joan-

157 1459 218 1477 nem
239 1450 406 1485 Baptistam.
423 1449 487 1477 dum
503 1450 538 1477 ab
553 1449 682 1477 omnibus
702 1452 731 1476 ut
747 1449 878 1484 propheta
894 1449 944 1475 ho-

157 1499 312 1529 noraretur,
332 1496 432 1523 timens
447 1495 569 1523 Herodes
586 1494 660 1523 illius
676 1494 804 1526 Herodis,
820 1498 851 1525 ut
867 1493 945 1522 Jose-

994 255 1058 282 satis
1077 257 1204 288 maxima,
1220 263 1244 284 et
1266 267 1318 285 nox
1332 259 1398 285 liora
1414 264 1486 286 sexta
1509 259 1562 286 diei
1582 260 1655 294 facta
1674 266 1724 293 est,
1740 261 1780 288 ita

994 300 1022 328 tit
1055 303 1135 330 etiam
1158 304 1244 331 stellio
1275 305 1301 331 in
1326 305 1389 332 caelo
1417 310 1550 339 parerent.
1578 305 1667 332 Terra:
1693 311 1780 333 motu:

993 350 1073 376 etiam
1097 358 1206 385 magnus
1231 352 1256 377 in
1285 350 1411 387 Bithynia
1436 352 1524 386 factus
1546 352 1664 386 plurima
1681 352 1781 380 Nita'a:

992 395 1127 422 subvertit.

1029 440 1122 467 Mundi
1136 449 1209 469 anno
1225 442 1306 475 5551,
1323 443 1423 469 divinre
1437 443 1636 472 incarnationis
1650 451 1723 472 anno
1735 445 1781 478 δι,

993 486 1079 520 prima
1095 486 1139 514 die
1158 487 1241 522 hujus
1261 489 1337 521 anni,
1363 488 1452 515 Martii
1474 489 1577 517 mensis
1598 490 1642 517 die
1663 490 1710 523 25,
1729 491 1783 518 Dn-

993 533 1082 560 minus
1098 540 1191 561 noster
1202 542 1233 561 ex
1251 536 1367 562 mortuis
1382 536 1462 562 tertio
1479 535 1524 562 die
1551 536 1686 570 surrexit;
1713 544 1782 572 qna-

991 578 1149 614 dragesimo
1162 588 1227 607 vero
1237 581 1280 608 die
1291 581 1503 609 resurrectionis
1517 590 1584 614 suae,
1595 582 1621 609 id
1632 587 1674 609 est
1689 591 1784 610 menso

993 625 1063 652 Maio
1078 626 1121 653 die
1137 627 1228 660 tertio,
1242 632 1398 662 assumptus
1411 628 1485 654 misit
1499 629 1630 662 apostolis
1649 629 1783 662 Spiritum

991 679 1070 699 Suum
1088 673 1251 707 paraeiitum
1275 673 1302 700 in
1327 679 1422 701 sancta
1439 673 1612 701 Pentecoste.
1630 674 1777 705 Caeterum,

993 723 1021 744 ut
1034 717 1161 746 Clemens
1177 719 1284 751 Scribit,
1298 719 1399 747 Jacobo
1413 720 1492 748 Justo
1505 726 1530 747 et
1543 720 1641 748 Joanni
1654 729 1685 748 ac
1701 720 1781 748 Petro

992 770 1053 798 post
1078 766 1308 794 resurrectionem
1331 767 1444 793 tradidit
1467 767 1608 794 scientiam
1637 767 1768 795 Dominus:

991 815 1019 837 et
1042 810 1087 837 isti
1116 811 1223 838 ueteris
1252 811 1437 842 tradiderunt,
1462 813 1553 840 caeteri
1578 820 1642 840 vero
1666 815 1781 848 apostnti

993 857 1178 891 septuaginta.
1204 857 1314 884 Eisdem
1332 858 1430 886 diebus
1448 859 1576 893 discipuli
1596 859 1767 894 interrogan-

996 907 1058 928 ruut
1075 902 1218 929 Dominttm
1235 904 1263 930 in
1281 908 1372 931 monte
1385 904 1495 935 Oliveti,
1511 904 1533 930 si
1552 905 1577 931 in
1595 909 1716 939 tempore
1730 905 1779 931 hm-

996 947 1154 975 rcstituerct
1182 957 1294 984 regnum
1321 949 1415 976 Israel.
1436 949 1535 976 Eodem
1563 957 1637 976 anno
1662 949 1781 977 Jacobns

995 993 1080 1021 frater
1106 994 1212 1022 Domini
1238 994 1343 1028 primus
1365 995 1510 1029 episcopus
1532 994 1780 1030 Hierosolymorum

994 1041 1149 1068 ordinatur.
1169 1041 1228 1068 Duo
1243 1041 1340 1069 Jacobi
1358 1046 1447 1073 erant,
1474 1041 1559 1068 frater
1577 1041 1694 1075 Domini,
1711 1042 1783 1069 filius

994 1087 1133 1115 exsistens
1160 1086 1274 1122 Joscph.
1300 1088 1347 1122 qui
1375 1087 1518 1114 dicebatur
1544 1086 1647 1119 Justus,
1669 1088 1702 1115 de
1727 1096 1782 1122 qun

994 1133 1075 1160 etiam
1100 1133 1202 1160 Paulus
1222 1133 1281 1160 ait:
1305 1133 1395 1160 Alium
1418 1139 1504 1160 autem
1522 1133 1701 1167 apostolorum
1730 1134 1783 1160 vidi

994 1179 1123 1205 neminem
1152 1179 1205 1205 nisi
1229 1178 1360 1206 Iacobum
1374 1178 1486 1213 fratrem
1514 1178 1621 1221 Domini
1636 1180 1656 1210 ',
1682 1179 1729 1214 qtti
1750 1180 1783 1205 tiu.

994 1225 1142 1259 pinnaculo
1155 1224 1276 1259 jactatns
1288 1232 1303 1251 a
1318 1224 1420 1252 Judreis
1432 1225 1507 1260 ligno
1519 1225 1631 1253 fulfonis
1643 1225 1782 1253 sauciatus

995 1271 1122 1297 moritur.
1141 1271 1173 1297 Et
1189 1270 1257 1298 alter
1282 1271 1329 1306 qui
1354 1271 1445 1306 capite
1465 1275 1612 1299 truncatus
1629 1276 1682 1305 est,
1698 1271 1784 1299 frater

995 1315 1124 1343 videlicet
1137 1315 1252 1343 Joannis
1267 1315 1399 1351 deiioqui.

1029 1357 1132 1386 Judaais
1152 1360 1251 1387 tertius
1271 1360 1423 1395 alienigena
1444 1360 1554 1395 prefuit
1569 1360 1691 1389 llerodes
1709 1361 1783 1388 filius

996 1404 1122 1437 Herodis,
1130 1407 1210 1440 cujus
1221 1409 1344 1441 tempore
1355 1406 1470 1439 Pilatus,
1481 1411 1542 1441 post
1555 1408 1719 1434 simultatem
1733 1407 1765 1434 Ju
1773 1422 1782 1428 -

995 1451 1117 1479 daeorum
1133 1457 1244 1487 propter
1254 1453 1386 1488 imagines
1396 1451 1524 1483 thsaris,
1535 1453 1694 1483 corbonam.
1707 1453 1784 1480 idest

996 1504 1105 1524 sacrum
1126 1497 1297 1529 thesaurum,
1315 1498 1342 1524 in
1360 1505 1493 1532 aquarum
1512 1498 1700 1525 advectionem
1715 1506 1779 1525 cou-

156 1543 228 1576 pbus
243 1542 320 1575 dicit,
339 1543 474 1577 peremit;
499 1547 528 1569 ut
544 1546 636 1570 autem
662 1542 754 1570 verius
779 1541 944 1577 evangelista
958 1548 981 1578 α
998 1543 1125 1577 sumpsit,
1142 1548 1168 1571 et
1183 1551 1280 1571 rursus
1293 1544 1446 1571 simultates
1458 1551 1539 1578 agere
1555 1544 1695 1578 compulit.
1709 1543 1783 1571 Μαίη

156 1588 251 1622 refert,
259 1596 291 1616 eo
301 1589 373 1623 quod
382 1587 557 1622 redargueret
564 1595 627 1615 eum
635 1591 748 1623 propter
755 1586 945 1615 Ilerodiadem.

193 1633 287 1660 Mundi
312 1641 385 1661 anno
400 1633 481 1666 5553,
499 1633 599 1660 divinae
616 1632 818 1660 incarndtionis
829 1633 877 1665 55,
894 1633 947 1660 Do-

157 1681 250 1707 minus
270 1683 364 1706 noster
383 1679 464 1707 Jesus
485 1678 614 1711 Christus
630 1682 693 1714 post
713 1679 792 1713 signa
818 1680 904 1706 multa
919 1683 947 1706 et

157 1733 214 1752 suae
225 1725 382 1752 divinitatis
406 1725 527 1752 revelata
545 1725 688 1760 mysteria,
709 1729 809 1759 sponte
825 1726 859 1751 ad
881 1732 946 1759 pas-

155 1773 262 1799 sionem
280 1773 411 1805 accessit,
436 1776 464 1798 et
487 1771 659 1806 crucifigitur
687 1770 756 1798 feria
771 1775 860 1803 sexta,
879 1772 946 1799 hora

156 1822 245 1847 sexta.
258 1817 346 1844 Martii
365 1818 468 1844 mensis
489 1816 533 1843 die
546 1816 594 1849 23,
619 1816 763 1843 consulatu
786 1815 902 1843 Neronis
916 1816 944 1849 5,

155 1868 181 1890 et
201 1863 320 1898 resurgit
344 1861 433 1890 Martii
451 1862 496 1890 die
515 1862 561 1894 25,
577 1870 639 1889 cuin
660 1861 835 1889 illucesceret
854 1861 946 1889 Domi-

155 1910 236 1937 nicus
251 1908 322 1942 dies,
340 1908 357 1936 8
376 1909 488 1936 Calend.
516 1908 662 1944 Aprilium,
682 1908 772 1943 prima
796 1907 840 1935 die
864 1907 945 1943 primi

157 1955 270 1987 mensis,
284 1955 331 1989 qui
354 1954 449 1987 Nisan,
475 1954 501 1981 id
517 1959 560 1982 est
581 1954 695 1982 Martius
713 1954 828 1986 mensis,
853 1952 945 1980 nomi-

158 2005 239 2027 natur
257 2001 327 2036 apud
349 1999 478 2029 Hebraeos
494 2005 521 2027 et
541 2000 727 2028 Christianos.
748 1999 785 2028 De
805 2007 859 2035 qua
877 1999 946 2027 dici-

156 2051 201 2074 tur
215 2056 222 2074 :
247 2047 280 2074 In
307 2048 436 2082 principio
462 2048 523 2082 fecit
538 2047 609 2073 Deus
622 2046 716 2073 curtum
734 2050 759 2073 et
776 2050 896 2078 terram;
918 2050 945 2073 et

156 2101 254 2121 rursus
270 2104 276 2121 :
296 2093 346 2120 Hic
364 2098 402 2120 est
417 2093 484 2119 liber
504 2092 680 2127 generationis
695 2093 753 2119 caeli
772 2097 797 2119 et
812 2097 899 2126 terra,
917 2092 945 2118 in

155 2140 200 2167 die
214 2147 268 2174 qua
283 2139 345 2174 fecit
364 2139 432 2166 Deus
450 2138 543 2166 cwlum
567 2143 591 2164 et
608 2143 717 2165 terram.
741 2137 800 2170 Qua
817 2145 884 2173 ergo
900 2138 944 2165 die

156 2184 278 2211 mundus
291 2186 402 2211 creatus
421 2187 473 2215 est,
490 2191 522 2210 ea
537 2183 667 2210 Christus
684 2188 845 2218 conceptus,
869 2188 896 2212 et
911 2191 943 2211 ea

156 2237 189 2256 ex-
203 2229 323 2257 mortuis
341 2229 504 2257 resurrexit.

195 2277 301 2304 Eusebii
326 2275 461 2309 Pamphili
477 2276 510 2302 de
536 2275 585 2302 hoc
608 2275 676 2310 ipso.
700 2274 782 2303 Jesus
805 2275 945 2308 Christus,

158 2323 243 2350 Filius
258 2322 305 2350 Dei
324 2326 352 2350 et
372 2322 503 2350 Dominus
530 2326 635 2355 noster,
659 2322 812 2350 secundum
831 2322 948 2357 prophe—

157 2369 222 2401 tias,
233 2375 294 2402 quae
307 2369 341 2395 de
355 2369 415 2403 ipso
429 2372 506 2400 sunt,
519 2368 551 2395 ad
568 2368 722 2402 passionem
737 2372 865 2402 properat
875 2375 946 2395 anno

158 2421 232 2441 nono
245 2415 355 2441 decimo
373 2413 480 2449 imperii
494 2412 769 2444 'l‘iberii,secundum
790 2413 862 2447 quod
879 2417 946 2440 tem-

157 2469 221 2496 pus,
236 2460 307 2487 sicut
323 2460 406 2487 etiam
424 2461 451 2486 in
467 2459 528 2486 aliis
545 2459 687 2494 gentilium
706 2459 843 2492 reperitur
861 2458 947 2486 histo-

158 2508 217 2537 riis,
235 2514 282 2541 per
296 2506 419 2541 singulas
434 2505 579 2538 dictiones,
597 2511 658 2539 quis
673 2508 733 2530 aeta
745 2508 819 2534 sunt,
834 2510 946 2530 enarra-

158 2553 262 2580 bimns.
277 2552 345 2579 Nam
364 2552 405 2579 sol
420 2550 666 2585 defecit.Bithynia
679 2553 752 2577 mota
767 2549 945 2584 est,plurima

158 2599 274 2627 Nicena:
298 2599 373 2626 urbis
398 2598 574 2631 ceciderunt;
595 2605 657 2633 quae
674 2597 766 2625 omnia
794 2597 946 2625 concinunt

157 2646 202 2674 his
222 2653 284 2680 quas
309 2645 382 2672 circa
397 2645 551 2680 passionem
566 2643 718 2671 Salvatoris
741 2644 827 2672 nostri
847 2651 945 2672 evene-

159 2696 235 2719 runt.
252 2692 384 2719 Scribens
413 2695 503 2718 autem
517 2695 544 2718 et
566 2689 678 2725 Phlego,
702 2690 748 2725 qui
769 2689 945 2725 Olympiadas

158 2746 242 2773 super
262 2738 331 2773 ipsis
359 2741 521 2768 enumerat,
545 2736 571 2763 in
599 2735 791 2763 decimotertio
819 2743 946 2763 sermone

155 2785 263 2812 eisdem
289 2784 382 2811 verbis
402 2783 502 2811 asserit
527 2783 584 2810 haec
605 2793 611 2809 :
631 2781 727 2818 VPorro
754 2786 849 2817 quarto
877 2790 946 2809 anno

192 2875 202 2894 ⁸
215 2876 303 2903 Galat.
320 2884 339 2908 t,
356 2875 401 2905 19.

281 2925 418 2954 ιἰτιιοι.
435 2922 496 2953 Gn.
511 2920 605 2951 CVIII

999 1590 1058 1626 ipse
1073 1590 1177 1618 Pilatus
1194 1589 1306 1618 Tiberio
1325 1591 1359 1618 de
1374 1589 1484 1618 Christo
1498 1592 1619 1619 referens
1635 1597 1783 1618 commovit

997 1644 1060 1664 eum
1077 1636 1109 1662 ad
1126 1643 1246 1663 amorem
1258 1636 1394 1670 dogmatis
1407 1640 1433 1663 et
1447 1635 1507 1663 fidei
1525 1636 1697 1663 Christiame.

1033 1681 1125 1708 Mundi
1143 1689 1216 1708 anno
1233 1681 1313 1713 5555,
1331 1681 1431 1708 divina:
1456 1682 1655 1708 incarnationis
1673 1681 1718 1712 55,
1735 1682 1784 1709 Ρα-

997 1731 1057 1754 trus
1080 1732 1107 1754 et
1123 1725 1242 1754 Joannes
1257 1727 1284 1753 in
1307 1726 1436 1761 templum
1455 1726 1635 1754 ascendentes
1655 1726 1782 1753 claudunt

997 1779 1012 1799 a
1025 1772 1168 1800 nativitate
1182 1777 1359 1800 curaverunt.

1035 1818 1127 1845 Mundi
1147 1826 1220 1845 anno
1233 1817 1303 1845 5556
1323 1818 1358 1845 de
1377 1818 1482 1844 Anania
1500 1821 1528 1845 et
1547 1817 1662 1853 Saphira
1686 1817 1782 1845 Hieru-

997 1864 1082 1892 salem
1100 1871 1148 1899 per
1166 1863 1274 1891 Petrum
1290 1863 1453 1890 miraculum
1469 1863 1570 1889 factum
1587 1866 1641 1894 cst,
1652 1868 1679 1890 et
1693 1862 1785 1890 Thad.

997 1911 1071 1938 deus
1083 1910 1116 1936 ad
1131 1909 1268 1937 civitatem
1281 1908 1412 1936 Edessam
1429 1909 1559 1939 mittitur,
1577 1917 1637 1944 qute
1655 1909 1784 1937 universa

997 1963 1084 1991 usque
1103 1963 1176 1982 nunc
1194 1956 1252 1983 sine
1272 1963 1353 1982 manu
1373 1954 1474 1982 factum
1495 1955 1664 1983 dominicum
1686 1957 1783 1983 chara-

996 2007 1098 2030 cterem
1115 2002 1192 2030 colit.

1032 2049 1124 2076 Mundi
1145 2055 1216 2076 anno
1233 2048 1314 2079 5557,
1331 2048 1430 2075 divinae
1445 2048 1642 2074 incarnationis
1657 2048 1703 2080 57,
1719 2055 1784 2083 per-

996 2095 1139 2123 secutione
1157 2098 1231 2121 mota
1249 2093 1369 2120 fidelium
1393 2094 1472 2120 multi
1494 2094 1612 2128 dispersi
1629 2097 1703 2120 sunt.
1721 2092 1781 2119 Sic-

996 2140 1105 2175 phanus
1137 2144 1323 2174 protomartyr
1350 2143 1377 2165 et
1405 2138 1620 2173 protodiaconus
1647 2138 1784 2173 lapidibus

996 2190 1039 2214 est
1061 2185 1182 2213 occisus.
1208 2184 1302 2212 Simon
1331 2192 1427 2220 magus
1455 2192 1468 2211 a
1500 2183 1639 2219 Philippo,
1668 2193 1723 2212 uno
1750 2193 1783 2212 ex

997 2237 1102 2268 septem
1120 2231 1294 2262 diaconibns,
1315 2231 1341 2257 in
1359 2230 1510 2257 Samariam
1529 2230 1711 2258 descendente
1725 2231 1783 2258 cal-

995 2279 1049 2306 lide
1068 2278 1223 2313 baptizatus
1236 2281 1289 2304 est.
1304 2275 1381 2303 Unde
1394 2280 1421 2302 et
1438 2276 1464 2301 hi
1487 2275 1532 2307 qui
1562 2275 1596 2301 ab
1617 2276 1676 2310 ipso
1697 2283 1784 2310 usque

996 2325 1078 2352 tnodo
1099 2323 1233 2358 baptizari
1254 2322 1431 2352 simulantur,
1449 2321 1558 2354 penitus
1575 2327 1639 2348 sunt
1652 2328 1667 2347 a
1683 2321 1784 2348 divinis

997 2369 1136 2397 mandatis
1160 2373 1186 2394 et
1210 2366 1384 2401 dogmatibus
1407 2366 1500 2397 alieni,
1522 2373 1575 2392 non
1601 2365 1784 2401 suscipientes

998 2417 1031 2443 de
1047 2413 1249 2442 resurrectione
1262 2413 1384 2443 verbum,
1402 2419 1490 2446 neque
1503 2412 1636 2439 visibilem
1651 2412 1783 2439 mundum

999 2462 1046 2488 Dei
1069 2469 1130 2488 esse
1151 2460 1285 2490 dicentes,
1301 2465 1465 2492 omnemque
1490 2458 1700 2485 abominabilem
1724 2462 1784 2485 tur-

999 2512 1117 2541 pemque
1139 2504 1325 2539 operationem
1353 2507 1501 2530 sectantes.
1526 2502 1574 2530 llis
1599 2503 1709 2537 quidem
1733 2503 1785 2529 mi-

1000 2552 1071 2580 srris
1089 2555 1192 2587 patrem
1210 2557 1239 2577 se
1258 2548 1410 2576 vocandum
1430 2548 1556 2580 tradidit,
1583 2549 1784 2583 imaginemqne

998 2599 1076 2627 Jovis
1091 2598 1191 2625 factam
1209 2596 1320 2623 nomine
1337 2594 1522 2627 adorandam;
1544 2594 1673 2622 Ilelenam
1692 2600 1782 2621 autem

1001 2643 1187 2673 meretricem,
1199 2649 1260 2677 quae
1270 2649 1331 2668 cum
1350 2641 1410 2675 ipso
1422 2643 1490 2673 erat,
1506 2647 1557 2675 pro
1573 2641 1678 2667 Athena
1691 2640 1785 2668 docuit.

1001 2690 1122 2718 adorari.
1147 2689 1233 2716 Porro
1256 2687 1357 2715 Judteis
1376 2687 1515 2714 Christum
1531 2694 1560 2714 se
1587 2686 1694 2714 dicebat
1711 2694 1783 2718 esse.

1000 2741 1028 2765 et
1048 2744 1101 2764 non
1127 2739 1242 2770 patrem.
1277 2733 1391 2761 Pontius
1414 2732 1518 2760 Pilatus
1540 2733 1591 2759 sub
1615 2732 1647 2759 C.
1665 2732 1784 2761 Ca-sarc.

1002 2787 1102 2819 quarto
1119 2782 1286 2817 imperatore
1307 2778 1504 2809 Romanorum,
1519 2778 1565 2813 qui
1582 2778 1723 2805 dicebatur
1738 2779 1788 2805 Ca-

1548 2913 1584 2943 38
