2035 3153
242 156 316 188 ’1195

797 153 996 184 ANASTASII
1015 153 1327 184 BIBIJO’I‘HECARII

1810 153 1879 186 1196

245 211 339 246 ligula,
356 211 382 238 in
399 210 519 238 diversas
535 217 674 238 aerumnas
691 209 828 241 incidens,
845 213 875 235 ut
892 207 1029 234 Romano-
1047 210 1068 237 Α
1082 207 1192 235 Caesare
1222 215 1272 242 per
1294 212 1452 242 operantem
1471 207 1630 236 daemonum
1656 214 1741 237 artem
1760 210 1878 238 virtutes

244 266 302 285 rum
319 258 396 285 aiunt
412 257 637 293 historiographi,
653 256 697 283 sui
717 255 805 290 ipsius
826 254 916 281 factus
931 258 974 281 est
989 254 1033 280 in-

239 304 386 332 terfector.
407 304 456 332 llic
476 308 502 331 ct
516 303 618 330 Julium
642 303 759 334 Canum,
774 309 856 329 unum
874 309 906 328 ev
931 300 1032 328 Stoicis

246 351 427 386 philosophis,
444 350 594 377 interl'ecit.

280 397 375 424 Mundi
389 404 461 423 anno
477 396 556 426 5539,
573 395 671 422 divinae
685 393 884 421 incarnationis
900 400 973 419 anno
987 391 1032 424 59,

246 442 376 477 Agrippa,
396 441 482 476 quiet
495 440 630 470 Herodes.
647 439 762 466 Herodis
775 439 857 470 lilius,
875 438 1031 464 .ludaeorum

237 491 361 523 quartus
372 487 526 522 alienigena
539 494 597 518 rex,
612 493 673 513 cum
687 485 739 513 sub
750 484 810 512 Tib.
820 484 926 512 Caesare
938 483 1034 512 fuisset

246 533 377 561 t‘ttSlUdliB
390 533 562 567 mancipatus
574 536 684 567 propter
694 531 886 558 accusationes
903 530 1033 557 adversus

247 585 350 614 patrem
379 579 516 614 prolatas,
545 577 643 607 deinde
670 585 684 604 a
702 577 820 604 vinculis
850 576 992 608 dimissus,
1019 583 1034 603 a

238 625 276 653 λε.
290 626 398 653 Caesare
423 633 469 652 rex
498 624 654 652 Judmorunt
680 624 886 650 transmittitur.
911 622 1034 650 Herodes

244 675 346 704 autem,
365 670 448 705 hujus
465 675 552 705 pater,
579 669 651 704 apud
677 669 840 704 Lugdunum
858 668 953 696 Galliae
969 669 1035 695 civi-

246 723 328 745 tatem
344 717 442 745 exsilio
457 717 594 752 relegatus
614 721 737 742 extrema
755 719 878 750 egestate
899 721 953 741 una
971 722 1033 741 eum

245 763 399 791 llerodiade
426 763 550 790 adultera
573 761 700 789 tnoritttr.
726 761 848 788 Puellam
874 767 949 790 vero,
973 767 1034 794 quae

244 811 394 838 saltaverat
412 809 439 836 in
457 808 637 835 decoliatione
654 806 768 834 Joannis
788 805 925 840 Baptistie,
944 806 1033 832 vivam

245 862 318 883 terra
333 855 451 890 glutivit.
473 854 521 881 llis
548 853 720 888 temporibus
735 852 892 886 Philippus,
909 859 980 878 unus
1001 859 1033 877 ex

1085 254 1206 288 magicas
1231 253 1337 281 faciens
1360 255 1386 282 in
1414 255 1481 282 urbe
1502 260 1592 283 vestra
1609 256 1684 291 regia
1705 256 1791 283 Roma
1807 257 1877 284 deus

1083 299 1308 332 existimabatur,
1320 305 1347 328 et
1359 305 1451 328 statua
1467 309 1481 328 a
1501 302 1577 330 vobis
1590 307 1621 330 ut
1641 301 1713 330 Deus
1725 303 1879 331 honoratur

1084 343 1112 371 in
1126 343 1217 372 Tiberi
1237 345 1348 373 ﬂumine
1366 346 1438 373 inter
1453 348 1522 374 duos
1536 352 1649 382 pontes,
1663 348 1768 376 habens
1780 357 1878 384 snper-

1085 390 1264 426 scriptionem
1283 392 1408 420 Latinam
1422 393 1510 420 hanc:
1529 393 1631 421 Simoni
1651 396 1699 422 deo
1722 401 1827 423 sancto.
1845 395 1880 422 Et

1085 445 1154 472 pene
1166 445 1262 465 omnes
1277 439 1387 474 quidem
1402 439 1579 472 Samaritani,
1591 441 1671 475 pauci
1690 446 1780 468 autem
1793 441 1878 469 etiam

1085 483 1114 510 in
1135 483 1197 511 aliis
1219 485 1366 519 gentibus,
1394 489 1525 521 tanquam
1549 487 1668 521 primum
1685 487 1766 514 deum
1799 488 1879 514 illum

1077 530 1250 570 'contitentes
1269 530 1398 559 adorant.

1121 575 1214 603 Mundi
1231 584 1304 604 anno
1320 577 1400 610 5550,
1418 577 1519 605 divina:
1530 578 1730 606 incarnationis
1745 587 1817 606 anno
1829 580 1878 610 50.

1085 621 1217 649 Claudius
1229 623 1357 658 imperat.
1370 623 1534 658 Apollonius
1542 631 1576 652 ex
1587 623 1778 659 Tyanensibus
1793 625 1879 653 Italia

1086 667 1285 704 Pythagoricus
1304 670 1486 705 philosophus
1504 671 1599 705 pollet,
1617 671 1655 698 ita
1671 675 1699 697 ut
1721 671 1795 698 hunc
1817 672 1878 706 ipso

1085 722 1196 750 quoque
1211 715 1364 750 Pythagora
1386 715 1572 744 Philostratus
1589 721 1616 743 et
1635 716 1680 744 alii
1698 718 1815 745 acrioris
1833 718 1878 745 in-

1085 761 1158 797 genii
1184 761 1270 789 ruisse
1297 762 1467 790 describant.
1491 762 1540 790 llis
1568 763 1741 798 temporibus
1762 765 1820 791 visa
1837 770 1879 792 est

1086 807 1145 834 avis
1159 807 1204 834 illa
1219 807 1346 840 Phoenix,
1357 807 1588 842 quemadmodum
1606 808 1732 836 scribunt
1745 809 1878 845 IEgypIii.

1086 858 1147 884 qua:
1173 855 1236 878 ante
1259 851 1311 878 654
1330 859 1419 879 annos
1444 857 1620 886 apparuerat.
1641 852 1674 879 Et
1691 853 1830 889 Desippus
1849 855 1878 882 in

244 907 349 937 septem
366 901 540 932 diaconibus,
559 899 704 926 resistebat
722 897 826 924 Simoni
841 897 874 924 de
889 898 948 923 vico
964 896 1037 922 Gitio
1053 896 1073 923 Β
1089 896 1140 923 hoc
1157 898 1319 924 concordat.

245 948 387 978 Samarite,
415 946 462 981 qui
492 945 573 972 etiam
596 944 695 971 dicitur
712 943 816 978 primus
841 950 873 969 ex
903 941 1032 977 gentibus

243 994 401 1023 eunuchum
421 992 577 1025 [Ethiopem
594 990 759 1024 haptizasse.

280 1040 373 1067 Mundi
393 1046 466 1065 anno
482 1037 562 1068 5550,
577 1036 676 1063 divina:
689 1034 888 1062 incarnationis
901 1040 974 1060 anno
986 1032 1032 1066 ιθ,

247 1087 342 1114 Petrus
364 1085 494 1120 princeps
507 1083 707 1117 apostolorum,
723 1080 895 1107 Autioehena
918 1078 1033 1105 fundata

245 1132 333 1167 primo
353 1130 488 1161 Ecclesia,
507 1128 620 1155 Romam
640 1127 727 1162 pergit
743 1125 913 1160 evangelium
934 1123 1034 1159 prmdi-

239 1182 369 1208 .caturus,
394 1176 440 1203 ubi
457 1174 564 1209 primus
583 1180 671 1208 usque
691 1172 724 1199 ad
740 1171 819 1198 linem
841 1178 921 1198 suum
938 1169 1034 1196 Eccle-

245 1224 294 1250 sia:
315 1221 434 1257 praefuit.
461 1221 596 1248 Practerea
624 1218 740 1253 primam
767 1217 912 1252 epistolam
945 1223 1033 1248 suam,

245 1277 308 1304 qua:
325 1269 358 1295 de
375 1267 519 1294 catholicis
541 1270 593 1298 est,
611 1273 626 1291 a
643 1263 729 1291 lic-rita
747 1263 833 1295 misit,
847 1266 876 1289 nt
900 1261 1034 1288 Eusebius

246 1314 355 1346 scribit,
377 1317 402 1341 et
428 1312 550 1340 Marcum
576 1311 791 1346 evangelistam,
820 1310 867 1344 qui
899 1313 963 1335 tunc
979 1306 1035 1334 Ro-

244 1359 337 1387 manis
359 1357 518 1393 petentibus
539 1360 707 1391 exposuerat
726 1354 908 1390 evangelium,
924 1358 954 1380 ut
972 1353 1035 1380 Cle-

242 1413 323 1432 mens
339 1409 365 1431 et
376 1403 471 1439 papias
483 1401 708 1436 llicropolitanus
722 1400 867 1436 episcopus
879 1399 1034 1435 perhibent.

246 1450 298 1477 Alii
317 1457 383 1477 sane
400 1449 472 1476 hanc
492 1448 526 1474 ab
551 1447 638 1482 Joppe
654 1447 767 1473 missam
785 1446 958 1473 existimant.
978 1444 1036 1472 Hoc

243 1503 356 1530 quoque
382 1500 505 1530 tempore
521 1493 597 1520 Pauli
627 1496 654 1520 et
671 1492 735 1520 Silte
765 1492 817 1519 iter
843 1492 870 1518 in
896 1490 984 1518 Derbe
1009 1495 1036 1517 et

247 1543 353 1576 Lystris
379 1541 481 1575 agitur,
503 1540 530 1566 in
552 1538 670 1573 Phrygia
696 1545 804 1573 quoque
827 1544 860 1563 ac
891 1537 994 1564 Isauria
1010 1542 1035 1564 ct

245 1586 343 1613 Cilicia
360 1589 387 1612 et
402 1584 510 1612 Galatia
529 1583 611 1610 simul
630 1587 657 1610 et
674 1582 793 1610 Troade.
807 1582 885 1609 Pauli
900 1589 996 1609 rursus
1009 1586 1036 1609 et

247 1632 332 1659 Marci
342 1636 413 1663 acta,
427 1638 487 1665 quae
496 1629 630 1664 Philippis
641 1636 672 1656 ac
680 1628 883 1656 Thessalonica:
893 1633 920 1655 et
934 1628 1036 1656 Beroeaa

247 1685 367 1713 gessere,
386 1681 545 1703 narrantur.
573 1675 673 1702 Paulus
704 1675 768 1701 item
793 1673 893 1708 Ephesi
917 1678 945 1701 et
964 1674 1035 1701 Cen-

248 1724 351 1756 chreis,
366 1722 493 1750 (la-saria:
516 1729 626 1756 quoque
641 1725 668 1747 et
684 1721 847 1752 Antiochiae,
866 1720 893 1747 in
918 1719 994 1746 ltalia
1010 1724 1036 1747 et

247 1770 365 1805 Phrygia
382 1769 526 1796 laboravit.
546 1766 625 1794 Pauli
652 1772 744 1797 actus,
766 1773 836 1801 quos
851 1766 951 1800 Ephesi
973 1774 1037 1801 pro-

250 1818 308 1852 prie
338 1815 435 1851 gessit.
462 1814 581 1845 Paulus,
606 1821 667 1848 quae
684 1812 791 1840 Troade
812 1820 843 1839 ac
868 1812 951 1840 Mileti
976 1821 1036 1847 ges-

251 1864 298 1894 sit.
329 1861 456 1896 Ephesiis
478 1859 694 1888 commendavit.
717 1859 783 1892 Qum
810 1859 837 1886 in
865 1858 1037 1886 Hierusalem

249 1917 264 1936 a
290 1908 391 1936 ludatis
426 1912 500 1943 gesta
523 1911 589 1934 sunt
618 1911 715 1934 contra
747 1906 875 1934 Paulum.
902 1905 1036 1940 Paulique

249 1955 376 1983 Caesarius
396 1959 491 1981 contra
510 1952 625 1980 Felicem
641 1957 668 1979 et
690 1952 853 1980 Drusillam.
869 1951 937 1980 Item
958 1951 1037 1978 Pauli

249 2009 309 2034 qua:
325 2001 456 2029 Caesarea:
476 2000 602 2035 gesserit,
621 1999 663 2026 vel
678 1998 764 2026 Judaei
780 1999 913 2026 adversus
933 1998 1035 2033 ipsum.

249 2048 357 2075 Marcus
372 2045 540 2081 evangelista
556 2044 675 2079 ASgypto
689 2049 716 2071 et
730 2044 903 2071 Alexandria:
917 2043 1038 2071 salutare

251 2094 364 2121 verbum
380 2090 593 2125 evangelizabat.
604 2090 780 2117 Antiochena:
792 2089 921 2117 Ecclesiae
932 2090 1038 2125 primus

251 2140 399 2173 cpiscopus
421 2136 541 2162 Enodius
559 2135 609 2161 t'uit
625 2135 706 2162 annis
719 2134 825 2169 viginti.

287 2183 379 2210 Mundi
395 2190 467 2208 anno
482 2181 561 2214 5550,
576 2181 675 2207 divinat
689 2180 888 2207 incarnationis
898 2180 943 2212 40,
957 2179 1039 2208 Clau-

252 2229 315 2256 dius
341 2229 476 2262 imperat,
506 2227 591 2262 Agabi
611 2225 756 2260 prophetia
779 2225 850 2253 fame
875 2234 923 2262 per
944 2227 1037 2254 orbem

252 2275 322 2302 facta
335 2273 499 2308 completur.
516 2271 649 2300 Claudius
667 2271 741 2298 cives
757 2270 886 2298 Romana:
899 2271 976 2299 urbis
991 2272 1039 2299 de-

252 2321 376 2349 scribens
392 2319 496 2346 invenit
516 2319 606 2346 sexies
622 2319 696 2346 mille
713 2318 796 2344 millia
815 2317 879 2345 9M.

288 2366 382 2394 Mundi
397 2373 470 2392 anno
483 2365 565 2398 5546,
581 2365 681 2392 divinae
694 2364 893 2391 incarnationis
910 2371 982 2390 anno
994 2363 1038 2397 46,

255 2414 280 2440 in
299 2413 396 2439 diebus
420 2412 585 2447 Azymorum
612 2410 784 2438 dissensione
804 2410 874 2437 facta
891 2410 919 2437 in
942 2410 1041 2437 Hieru-

254 2459 338 2486 salem
355 2458 510 2485 conculcati
526 2458 598 2484 circa
620 2462 760 2491 portarunt
773 2458 864 2484 exitus
873 2456 958 2484 ιιι(ιωί
978 2465 1041 2492 per-

253 2507 310 2533 iere
338 2506 412 2532 circa
439 2503 474 2530 50
502 2504 597 2530 millia.
621 2502 697 2530 Tune
723 2508 749 2530 et
772 2503 842 2538 apud
860 2503 1040 2530 Athenienses

253 2550 440 2587 suprascripta
454 2554 495 2576 est
516 2557 575 2580 ara,
590 2548 683 2584 Ignoto
699 2549 757 2576 deo.

288 2594 390 2621 Justini
407 2593 556 2628 philosophi
572 2597 595 2619 et
615 2594 753 2628 martyris,
771 2594 803 2620 de
822 2601 940 2621 sermone
955 2594 1041 2629 primo

255 2640 290 2668 ad
320 2640 483 2668 Antoninum
502 2639 687 2674 imperatorem
711 2646 758 2672 pro
774 2639 946 2667 Christianis.
978 2639 1040 2667 Post

254 2686 445 2714 ascensionem
463 2684 569 2712 Domini
584 2685 609 2710 in
622 2685 690 2711 caelo
703 2689 906 2720 proposuerunt
918 2685 1042 2713 homines

255 2733 393 2759 daemones
410 2730 544 2766 quosdam
559 2731 683 2757 dicentes
704 2739 733 2758 se
748 2738 809 2758 esse
824 2731 907 2764 deos;
925 2731 970 2766 qui
988 2739 1041 2758 non

255 2779 344 2806 solum
365 2778 477 2805 minime
489 2777 592 2812 repulsi
610 2781 674 2804 sunt
687 2785 701 2803 a
720 2777 807 2809 vobis,
819 2778 872 2804 sed
882 2782 1043 2805 meruerunt

257 2828 382 2850 honores.
396 2823 533 2850 Simonem
546 2822 691 2856 quemdam
704 2824 918 2855 Samaritanum,
929 2824 977 2857 qui
992 2823 1044 2850 fuit

256 2869 290 2896 de
308 2869 419 2896 Castello
438 2869 512 2903 quod
529 2868 672 2896 dicebatur
690 2868 773 2901 Gitio,
788 2869 834 2904 qui
857 2869 909 2896 sub
929 2869 1044 2897 Claudio

1122 941 1214 969 Mundi
1239 951 1310 970 anno
1333 943 1419 974 5555.
1445 943 1553 973 Nerone
1576 944 1742 978 imperante,
1765 945 1880 973 divinus

1085 988 1108 1015 ei
1137 988 1286 1022 Apostolus
1312 990 1434 1017 secundo
1462 995 1504 1017 est
1532 995 1725 1025 praesentatus.
1754 991 1881 1027 Denique

1086 1033 1175 1068 primo
1198 1041 1260 1062 eum
1284 1033 1357 1062 Nero
1381 1035 1475 1062 mitior
1493 1035 1583 1063 adhuc
1604 1043 1670 1072 erga
1690 1036 1878 1065 Christianum

1086 1079 1185 1114 dogma
1215 1084 1368 1114 teneretur,
1393 1081 1511 1110 audiens
1534 1082 1672 1110 rationem
1690 1083 1751 1118 ejus
1772 1083 1881 1112 dimisit

1087 1126 1163 1152 illtnn
1181 1126 1280 1161 spiritu
1306 1127 1486 1162 dispensante
1511 1129 1545 1156 ad
1569 1128 1766 1164 perﬁciendam
1781 1130 1881 1165 prsidi-

1087 1172 1237 1198 cationem.
1266 1171 1393 1200 Secundo
1412 1181 1477 1202 vero
1495 1174 1554 1210 ipse
1575 1183 1605 1203 se
1619 1176 1767 1210 postulavit
1787 1184 1801 1203 a
1819 1176 1880 1204 Ca:-

1086 1217 1159 1244 saria
1185 1217 1333 1245 Palaestinae
1358 1219 1521 1247 mittendum
1549 1221 1582 1248 ad
1612 1221 1758 1254 Ctesarem,
1784 1226 1813 1249 et
1841 1222 1880 1250 ita

1086 1263 1196 1290 demum
1214 1263 1316 1291 Neroni
1333 1265 1421 1292 astitit
1436 1270 1463 1293 et
1479 1268 1641 1302 martyrium
1658 1269 1786 1302 sumpsit.
1801 1267 1880 1295 Unde

1085 1308 1172 1336 Judaei
1200 1317 1262 1336 eum
1277 1310 1412 1338 vidissent
1436 1311 1511 1346 quod
1530 1312 1559 1339 in
1576 1313 1650 1340 hunc
1676 1313 1793 1341 insidias
1806 1315 1881 1341 oeci-

1087 1354 1169 1382 dendi
1186 1355 1319 1390 perlicere
1345 1357 1544 1391 nequivissent,
1560 1358 1593 1386 ad
1609 1358 1741 1387 Jacobum
1763 1359 1879 1388 fratrem

1088 1401 1195 1428 Domini
1211 1402 1401 1436 perimendum
1417 1405 1544 1432 conversi
1560 1409 1637 1432 sunt.

1123 1446 1215 1474 Mundi
1232 1455 1306 1475 anno
1323 1448 1404 1480 5565,
1420 1449 1522 1477 divinae
1535 1450 1735 1479 incarnationis
1748 1459 1823 1479 anno
1831 1452 1880 1483 63,

1087 1491 1160 1520 Nero
1178 1493 1306 1529 imperat,
1318 1495 1364 1529 qui
1377 1503 1461 1530 super
1475 1496 1567 1524 omnia
1584 1496 1735 1524 infortunia
1756 1505 1806 1526 sua
1822 1498 1881 1533 pri-

1049 1560 1072 1589 c
1090 1546 1162 1565 mam
1177 1543 1274 1567 contra
1286 1539 1462 1570 Christianos
1470 1543 1691 1577 persecutionem
1701 1544 1879 1576 monstravit,

1090 1593 1152 1611 cum
1172 1585 1300 1613 videlicet
1314 1585 1413 1614 Petrus
1428 1591 1456 1615 et
1471 1586 1574 1616 Paulus
1590 1588 1675 1616 divini
1695 1589 1814 1624 apostoli
1829 1597 1880 1624 pro

1087 1630 1198 1659 Christo
1214 1633 1338 1668 martyrii
1350 1637 1413 1661 sunt
1426 1641 1513 1669 agone
1527 1635 1665 1668 coronati,
1676 1643 1748 1663 unus
1765 1635 1878 1670 quidem

1088 1677 1218 1706 deorsum
1240 1679 1351 1714 capite.
1378 1685 1412 1708 ut
1436 1681 1497 1716 ipse
1517 1681 1570 1709 sibi
1597 1682 1690 1717 elegit,
1712 1690 1879 1717 suspensus.

1087 1724 1158 1751 alter
1174 1732 1240 1753 vero
1251 1726 1340 1760 capite
1354 1731 1451 1754 sancto
1467 1731 1624 1755 truncatus.
1638 1728 1677 1756 De
1689 1729 1793 1763 quibus
1811 1729 1880 1757 Ter-

1090 1771 1224 1799 tullianus
1237 1771 1377 1799 ltomanus
1390 1773 1509 1808 scriptor
1521 1773 1579 1802 haec
1590 1774 1661 1802 inter
1673 1778 1764 1802 cetera
1777 1774 1878 1802 refert:

1088 1816 1138 1843 Hic
1164 1825 1224 1853 ergo
1243 1818 1413 1854 impugnator
1436 1819 1483 1846 Dei
1498 1820 1526 1846 in
1546 1820 1701 1853 primordiis
1717 1820 1880 1854 pra-dicatus

1089 1863 1116 1889 in
1136 1863 1319 1897 apostolorum
1337 1865 1483 1892 occisiones
1498 1866 1586 1892 elatus
1603 1870 1644 1893 est
1658 1874 1667 1892 :
1689 1875 1751 1893 nam
1775 1866 1880 1894 Paulus

1089 1907 1160 1942 apud
1177 1908 1267 1935 urbem
1282 1908 1392 1936 Rontam
1410 1910 1496 1946 capite
1514 1914 1663 1944 truncatus,
1677 1910 1772 1938 Petrus
1790 1916 1881 1938 autem

1088 1954 1176 1982 eculeo
1198 1959 1236 1981 est
1260 1963 1414 1990 suspensus.
1435 1955 1523 1989 Quam
1550 1957 1695 1984 historiam
1718 1957 1879 1985 credibilem

1090 1999 1177 2026 reddit
1187 1999 1262 2027 Pauli
1274 2000 1401 2035 Petrique
1412 2001 1547 2034 narratio,
1557 2009 1618 2036 qua:
1626 2009 1712 2037 usque
1721 2003 1748 2029 in
1757 2011 1882 2038 praesens

1089 2045 1116 2072 in
1131 2046 1297 2073 cmmeteriis
1311 2045 1367 2073 illic
1378 2047 1475 2082 positis
1488 2046 1635 2074 retinetur.
1644 2046 1693 2074 llis
1701 2049 1784 2074 etiam
1794 2047 1881 2075 Caius

1090 2091 1249 2124 historicus,
1272 2091 1311 2117 vir
1333 2091 1551 2124 ecclesiasticus,
1572 2091 1675 2119 similia
1700 2092 1810 2124 scribit,
1831 2093 1880 2127 qui

1089 2144 1150 2163 cum
1174 2136 1329 2171 Zephyrino
1343 2137 1475 2172 episcopo
1493 2136 1616 2164 Romano
1636 2138 1769 2166 adversus
1781 2146 1881 2173 quern—

1090 2182 1151 2209 dam
1172 2182 1316 2209 Proculum
1335 2182 1535 2218 Cataphrygem
1552 2182 1697 2217 disputans
1712 2183 1781 2210 dicit
1795 2192 1803 2211 :
1822 2183 1879 2218 Ego

1091 2233 1192 2262 tropwa
1206 2229 1388 2263 apostolorum
1404 2229 1497 2260 habeo,
1514 2237 1572 2264 quae
1588 2229 1725 2256 ostendam
1742 2238 1751 2257 :
1770 2231 1794 2256 si
1810 2231 1881 2257 enim

1091 2274 1204 2302 volueris
1220 2283 1325 2311 pergere
1337 2275 1380 2302 via
1395 2275 1479 2310 regali
1491 2283 1550 2310 qua:
1563 2275 1597 2302 ad
1619 2275 1777 2302 Vaticanum
1794 2276 1880 2308 ducit,

1091 2326 1137 2347 aut
1153 2321 1187 2347 ad
1203 2323 1272 2348 viam
1289 2322 1466 2353 Hostiensem,
1485 2322 1599 2349 invenies
1616 2326 1713 2355 troprra
1727 2329 1821 2348 eorum.
1836 2322 1882 2356 qui

1091 2367 1158 2394 hanc
1178 2367 1348 2394 stabilienth
1366 2367 1523 2394 Ecclesium.
1550 2367 1599 2395 llis
1616 2374 1737 2394 consona
1761 2371 1789 2394 et
1815 2367 1882 2394 Dio-

1091 2413 1186 2448 nysius
1202 2412 1363 2441 Corinthius
1383 2413 1489 2445 scribit,
1507 2412 1634 2440 indicans
1651 2413 1724 2448 quod
1740 2420 1788 2447 per
1808 2412 1881 2440 idem

1092 2462 1198 2493 tempus
1215 2459 1386 2495 martyrizati
1405 2459 1529 2492 fuerunt,
1545 2459 1581 2486 ita
1597 2458 1692 2487 dicens
1706 2468 1713 2486 :
1730 2458 1781 2486 Sed
1796 2463 1822 2486 et
1836 2467 1882 2485 ua:

1091 2503 1213 2531 [tabentes
1230 2506 1431 2533 commotionem
1456 2514 1472 2532 α
1490 2505 1570 2533 Petro
1584 2511 1609 2533 et
1623 2505 1713 2533 Paulo
1732 2505 1884 2540 plantatio-

1092 2558 1149 2577 nem
1170 2549 1295 2578 Rom/ma:
1307 2556 1331 2578 et
1345 2551 1543 2579 Corinthiorum
1554 2551 1681 2579 Ecclesia:
1691 2552 1882 2587 conjunzt'stis.

1093 2595 1198 2623 Etenim
1216 2597 1296 2624 simul
1323 2596 1490 2625 advenientes
1514 2603 1539 2624 et
1565 2598 1593 2625 in
1617 2603 1710 2625 nostra
1730 2597 1884 2625 Corinthio—

1093 2650 1151 2669 rum
1185 2642 1295 2670 ecclesia
1327 2643 1473 2670 doruerunt
1494 2648 1518 2671 et
1547 2652 1593 2678 per
1616 2653 1719 2672 omnent
1750 2644 1882 2675 ltatiam,

1093 2693 1170 2723 atque
1191 2689 1216 2715 in
1244 2689 1293 2716 hoc
1313 2690 1374 2725 urbe
1401 2690 1480 2717 simul
1505 2690 1628 2718 docentes
1652 2691 1732 2718 etiam
1753 2691 1883 2726 martyrio

1093 2743 1145 2762 uno
1171 2734 1311 2770 eodemque
1339 2739 1452 2769 tempore
1478 2736 1600 2763 coronati
1627 2741 1700 2763 sunt.
1724 2735 1883 2764 Secundum

1094 2781 1164 2807 idem
1185 2785 1292 2815 tempus
1315 2782 1368 2809 sub
1384 2781 1494 2809 Nerone
1518 2782 1656 2816 pollebant
1678 2781 1772 2809 Ratira:
1797 2787 1885 2816 poetae

1094 2826 1233 2857 Lucanus,
1253 2825 1378 2859 Ovidius,
1404 2827 1517 2862 satyrici
1542 2826 1685 2855 Iuvenalis
1707 2831 1735 2856 et
1757 2827 1882 2857 Persius.

1096 2870 1254 2905 Senecaque
1282 2871 1416 2906 tragicus,
1443 2872 1586 2901 Musonius
1611 2877 1694 2908 atque
1718 2873 1886 2902 Plutarchus
