2035 3153
166 169 231 201 1197

589 162 774 199 HISTORIA
794 168 1083 200 ECCLESIASTICA
1101 168 1149 198 EX
1169 167 1366 198 SYNCELLO.

1728 167 1795 200 1193

164 225 330 260 philosophi.
363 225 550 253 Romanorum
585 226 714 253 Ecclesia:
749 231 810 260 post
844 225 955 253 Pelrun‘
975 223 1094 254 ANerva
1131 224 1173 251 vir
1205 223 1278 252 mitis
1315 223 1456 260 sapienter
1490 224 1634 260 imperium
1670 225 1797 253 modera-

164 280 302 299 summum
320 271 405 298 Linus
426 272 533 299 exstitit
552 273 664 306 praesul.

203 317 292 344 Mundi
308 325 379 344 anno
397 316 478 350 5565,
493 318 590 345 divinae
606 318 805 346 incarnationis
822 326 895 345 anno
911 318 955 351 65.

165 363 272 391 I’ieroue
287 364 405 398 turpiter
421 365 476 390 vita
490 364 594 395 soluto,
619 365 751 399 septimus
765 363 957 399 Vespasianus

165 420 179 436 a
206 410 339 436 militibus
363 409 433 444 apud
461 409 581 436 Iudaeam
597 410 749 454 pnperator
770 410 956 437 Romanorum

164 457 318 491 appellatus
341 461 395 483 est.
426 456 505 490 Apud
528 455 633 483 Italiam
652 464 718 483 vero
734 456 820 483 Galba
841 456 958 484 Hiberia:

165 507 265 537 prmtor
280 503 391 529 venit-ns
407 501 521 528 Romam
540 502 656 537 imperat
672 502 813 530 mensibus
830 507 957 537 septem;

163 556 246 582 quem
264 549 334 575 Otho
348 556 421 575 unus
437 556 469 574 ex
486 548 642 575 senioribus
658 548 825 575 interﬁciens
842 548 958 584 imperat

164 594 259 620 Romae
273 594 415 620 mensibus
431 593 539 626 tribus;
553 601 608 628 quo
625 593 750 620 Vitellius
762 594 856 622 occiso
873 594 958 628 impe-

165 645 207 667 rat
230 640 374 666 mensibus
390 645 464 666 octo.
482 638 531 666 Hic
555 639 687 666 Sabinum
714 639 826 666 fratrem
854 639 958 674 Vespa-

164 686 235 713 siani
263 686 362 712 timore
384 686 412 712 111
436 685 604 720 Capitolium
627 685 776 720 fugientem
805 687 831 713 in
857 686 959 721 temp‘.0

162 731 241 758 Jovis
259 731 376 766 peremit
392 736 417 757 et
437 732 568 764 templum
588 731 735 758 subvertit.
753 731 853 758 Verum
871 732 929 767 ipse
943 740 958 759 a

166 777 321 804 Domitiano
339 776 450 810 juniore
471 775 635 811 Vespasiani
654 777 710 804 ﬁlio
726 777 853 812 protinus
871 778 956 805 inter-

164 825 254 850 fectus
265 827 317 850 est.
331 823 394 850 Tito
407 831 526 858 namque
540 823 649 850 seruere
661 823 717 850 ﬁlio
733 826 766 850 ad
780 823 958 850 debellandos

163 870 274 898 ludens
301 869 446 902 derelicto,
473 869 660 904 Vespasianus
681 870 708 896 in
735 869 868 897 Graeciam
885 870 958 896 venit

1010 276 1064 296 tur.

1044 314 1136 342 Mundi
1151 323 1223 342 anno
1240 315 1318 348 5590,
1334 315 1433 343 divina:
1447 316 1645 344 incarnationis
1664 316 1709 349 90,
1727 316 1798 344 Tra~

1006 360 1088 395 janus
1104 362 1228 396 imperat.
1245 361 1340 389 Justus
1360 362 1528 390 Tiberiensis
1542 361 1653 390 Iudaeus
1676 364 1798 390 conscri-

1009 410 1071 442 ptor
1085 407 1255 441 agnoscitur.
1273 407 1461 436 Tertullianus
1476 409 1607 437 historice
1633 414 1726 436 narrat
1742 409 1799 437 Pli-

1009 453 1083 479 nium
1100 453 1257 481 Secundum
1272 454 1454 490 quarumdam
1474 455 1678 489 provinciarum
1704 462 1799 489 gerere

1009 499 1194 533 praesidatum,
1217 503 1244 527 et
1258 503 1346 527 morte
1364 500 1497 535 plurimos
1518 499 1587 528 aﬁici
1613 500 1798 534 Christianos,

1009 551 1092 578 super
1103 545 1203 579 quibus
1218 546 1348 574 haesitans
1368 545 1434 582 quid
1446 550 1520 574 esset
1537 546 1684 582 agendum,
1703 546 1800 582 Traja-

1009 598 1045 617 no
1064 591 1185 626 suggerit
1202 592 1239 618 nil
1249 599 1296 619 eos
1308 596 1395 620 morte
1411 600 1505 627 gerere
1517 593 1643 630 Signum,
1661 593 1715 621 nisi
1727 594 1799 628 quod

1009 635 1089 663 idolis
1106 644 1159 663 non
1171 637 1345 665 immolarent
1360 638 1532 677 etChristum
1545 638 1627 667 veluti
1637 638 1721 667 Deum
1737 642 1801 667 ante

1010 682 1098 709 lucem
1119 689 1265 717 surgentes
1286 685 1440 715 laudarent.
1464 692 1478 711 a
1498 686 1577 713 malis
1599 687 1726 715 omnibus
1753 689 1800 715 aL-

1009 727 1154 756 stinentes.
1176 730 1216 756 Ad
1233 738 1314 765 quem
1333 729 1469 765 Trajanus
1483 731 1609 758 rescribit
1623 731 1799 760 Christianos

1012 774 1172 803 nullatenus
1192 777 1383 811 inquirendos.

1045 819 1136 847 Mundi
1157 828 1229 849 anno
1245 823 1326 855 5596,
1341 823 1441 850 divinze
1456 824 1654 852 incarnationis
1670 833 1741 853 anno
1752 825 1797 860 96,

1007 864 1138 893 Joannem
1160 867 1316 903 deiloquum
1333 873 1358 896 et
1385 871 1538 905 apostolum
1561 870 1679 898 Irenaens
1700 876 1726 899 et
1752 872 1798 899 alii

164 918 298 953 gaudens.
315 921 343 942 ut
364 915 451 943 Graeci
469 917 600 948 fatentur,
620 917 646 943 in
665 916 708 943 bis
724 924 785 950 quae
800 915 928 943 audiebat
942 923 956 942 a
973 908 993 934 Β
1007 912 1132 940 scribunt
1143 916 1318 948 superstitem
1331 924 1418 951 usque
1431 916 1464 943 ad
1478 920 1600 951 tempora
1615 917 1799 951 permansisse

164 955 302 996 'I‘yanensi
317 960 464 994 Apollonio
478 960 510 987 de
526 964 650 995 tempore
672 960 780 995 imperii
801 968 833 987 ac
849 961 957 988 caeteris

165 1007 246 1034 bonis
271 1006 408 1038 fertioris,
422 1006 539 1040 loquens
558 1013 621 1032 cum
647 1014 680 1033 eo
702 1007 774 1041 apud
796 1006 956 1042 Egyptum,

165 1053 200 1078 ab
226 1051 301 1079 Indis
332 1056 360 1079 et
387 1052 567 1079 Brachmanis
589 1059 620 1079 ac
647 1052 880 1087 gymnosophistis
903 1052 957 1079 illic

164 1098 327 1132 degentibus
345 1097 490 1124 redeunte.
509 1097 577 1124 Cum
598 1105 664 1133 ergo
687 1097 809 1124 venisset
825 1098 852 1124 in
869 1097 959 1125 Hella-

165 1143 238 1173 dem,
252 1143 324 1176 cepit
340 1142 451 1177 refugas
466 1143 602 1170 civitates.
622 1142 744 1177 Denique
763 1142 876 1170 Romam
893 1151 958 1175 pro-

166 1190 256 1216 fectus
270 1189 415 1224 imperavit
435 1192 545 1219 ornate,
561 1188 664 1215 Neroni
690 1189 835 1221 resistens,
847 1193 876 1216 et
892 1189 958 1216 sub-

166 1239 285 1264 stantias
301 1244 334 1263 ac
345 1237 407 1270 jura
423 1243 559 1264 revocans
575 1235 664 1262 urbis.

201 1283 293 1310 Mundi
308 1291 381 1310 anno
400 1282 482 1315 5566,
493 1281 593 1309 divinae
612 1281 812 1309 incarnationis
827 1288 900 1308 anno
912 1281 956 1314 66,

166 1327 321 1354 Antiochia:
333 1327 456 1362 lgnatins
469 1326 619 1361 episcopus
631 1326 719 1353 deifer
733 1325 860 1353 habetur.
873 1325 958 1360 Igitur

167 1375 276 1410 primus
291 1373 504 1408 alienigenarum
520 1379 567 1399 rex
581 1370 739 1398 Iudaeorum
755 1370 879 1399 Herodes
895 1371 957 1403 fuit,

165 1421 213 1455 qui
234 1427 334 1454 pueros
365 1417 514 1448 interfecit,
536 1417 617 1445 annis
635 1417 689 1451 '57;
714 1417 866 1444 Archelaus
886 1417 958 1444 ﬁlius

133 1458 141 1466 ”
166 1466 227 1500 ejus
239 1465 321 1492 annis
332 1465 348 1492 9
358 1473 364 1494 z
379 1464 503 1491 Herodes
515 1463 600 1491 frater
607 1463 667 1497 ejus
678 1463 759 1490 annis
767 1463 817 1496 24;
827 1462 956 1498 Agrippa,

164 1512 213 1546 qui
229 1516 256 1538 et
271 1509 404 1542 Herodes,
427 1510 500 1537 ﬁlius
522 1509 652 1542 Herodis,
668 1510 715 1544 qui
731 1516 793 1536 esca
817 1509 958 1536 vermibus

166 1564 209 1585 ist
223 1557 323 1589 factus,
341 1558 422 1584 annis
436 1557 469 1589 7;
491 1556 609 1591 Agrippa
627 1556 699 1583 tilius
715 1555 787 1590 ejus.
804 1555 850 1590 qui
869 1556 959 1582 minor

166 1604 322 1633 dicebatur.
335 1603 416 1630 anuis
427 1602 483 1635 25;
498 1602 531 1629 ad
545 1610 625 1637 quem
644 1609 732 1637 usque
747 1602 780 1628 ab
794 1601 958 1636 alienigenis

165 1650 306 1677 detentum
324 1656 438 1683 regnum
453 1647 611 1676 Iudaeorum
627 1648 788 1683 perduravit
802 1655 891 1676 annos
906 1648 958 1676 100

165 1705 181 1722 a
195 1696 284 1730 primo
299 1695 418 1722 Herode.

201 1741 295 1768 Mundi
307 1748 381 1767 anno
395 1740 478 1770 5575,
500 1739 598 1766 divinae
616 1739 815 1767 incarnationis
828 1746 900 1766 anno
911 1739 957 1771 75,

167 1786 303 1815 Vesuvius
323 1794 403 1813 mons
427 1786 479 1812 sub
501 1784 564 1811 'I‘ito
588 1784 749 1820 Vespasiani
780 1784 836 1812 ﬁlio
853 1785 880 1812 in
895 1793 958 1811 ver-

165 1834 219 1860 tice
242 1833 348 1860 scisstts
371 1832 460 1866 ignem
487 1830 588 1861 emisit,
606 1831 675 1858 adeo
705 1834 733 1858 ut
768 1831 959 1858 incenderetur

167 1877 298 1912 udjacens
314 1876 389 1910 regio
403 1883 464 1904 cum
481 1875 650 1902 civitatibus.
681 1875 853 1903 Domitianus
872 1882 959 1902 eunu-

167 1923 268 1951 chisari
293 1923 367 1949 viros
385 1921 483 1956 jussit,
498 1924 526 1948 et
547 1929 660 1949 uxorem
683 1922 838 1956 nuncupari
865 1924 958 1956 Augu-

169 1973 258 1996 stam:
272 1969 318 2003 qui
342 1973 402 2002 post
424 1967 558 1995 Neronem
576 1967 715 1995 secundus
740 1968 957 2002 persecutionem

169 2015 263 2042 intulit
276 2014 452 2046 Christianis;
469 2022 587 2049 quorum
606 2015 685 2041 11111111
717 2014 851 2049 martyrio
879 2021 959 2041 cora-

169 2063 226 2089 nati
245 2066 320 2092 sunt.
337 2066 367 2089 ut
384 2062 492 2090 Bretius
506 2062 602 2089 scribit
617 2070 623 2094 ;
657 2061 727 2088 111181
744 2068 814 2096 quos
829 2066 854 2088 et
867 2060 959 2088 Flavia

168 2108 320 2139 Douticilla,
338 2108 503 2136 consobrina
519 2107 670 2135 Clementis
688 2107 774 2134 Flavii
789 2107 958 2138 censularis.

169 2161 199 2183 ut
212 2155 369 2183 Christiana
387 2155 507 2189 fugatur,
522 2155 633 2189 ipseque
643 2154 770 2181 Clemens
785 2162 834 2188 pro
849 2153 959 2181 Christo

170 2202 321 2236 perimitur.
356 2200 444 2235 Hujus
476 2204 567 2226 autem
598 2199 755 2234 Stephanus
786 2199 898 2234 quidam
926 2206 959 2226 ex

168 2246 289 2278 libertis,
308 2246 383 2272 circa
413 2245 580 2272 Clementem
602 2245 743 2272 dominum
759 2253 837 2272 suum
859 2245 960 2273 amoris

169 2290 269 2318 adiectu
298 2290 436 2323 detentus,
464 2290 574 2318 insidiis
609 2289 792 2317 Domitianum
816 2292 929 2325 peremit
953 2298 960 2322 ;

169 2338 242 2365 unde
256 2338 359 2364 honore
374 2345 389 2364 a
408 2341 503 2364 senatu
516 2337 615 2372 dignus
629 2337 741 2365 eﬁ‘cctus
753 2342 805 2370 est,
817 2345 850 2364 eo
861 2337 930 2372 quod
946 2345 961 2364 a

171 2384 290 2412 maximo
300 2384 372 2410 malo
387 2383 527 2410 Romanos
543 2383 660 2410 eruerit.
860 2389 867 2394 ’

205 2428 298 2456 Mundi
315 2436 389 2456 anno
403 2428 484 2459 55⁸18,
496 2429 596 2455 divinae
610 2428 809 2455 incarnationis
827 2435 900 2454 anno
916 2427 960 2458 '78,

170 2478 285 2510 quartus
303 2479 365 2508 post
387 2481 524 2502 summum
550 2473 658 2500 Petrum
675 2472 768 2499 Romae
793 2477 890 2506 praeest
908 2473 962 2499 Ec-

169 2520 262 2548 clesiae
271 2519 409 2552 Clemens,
428 2519 509 2553 cujus
526 2522 553 2546 et
565 2517 712 2552 Apostolus
739 2516 765 2544 111
785 2517 906 2552 Epistola
927 2517 960 2544 ad

170 2566 362 2601 I‘hilippenses
386 2565 507 2593 secunda
529 2565 654 2591 meminit
673 2563 767 2591 dicens
782 2573 789 2591 ε
807 2563 874 2590 Cum
901 2563 962 2590 Cte-

171 2618 257 2640 nmttc
274 2618 299 2640 et
321 2613 424 2640 uetaris
449 2611 661 2645 tooperatoribm
692 2610 766 2642 meis.
783 2618 893 2645 quorum
915 2618 961 2635 no-

172 2660 247 2686 mina
256 2663 317 2686 sunt
332 2659 360 2685 1η
373 2659 440 2685 libra
456 2659 525 2684 vim.
553 2657 640 2690 Hujus
661 2657 780 2690 Epistola
813 2657 899 2682 fertur
926 2655 960 2681 ad

171 2704 332 2732 Corinthios
352 2704 447 2734 missa,
464 2710 545 2737 quam
562 2706 618 2728 tota
633 2701 741 2736 recipitI
759 2705 787 2728 ut
810 2700 960 2735 Egesippus

173 2754 307 2780 testatur,
337 2749 471 2776 Ecclesia.
494 2748 586 2774 Romae
614 2754 723 2782 quoque
752 2747 805 2773 sub
836 2746 961 2773 Evaristo

172 2802 240 2829 papa
254 2794 387 2821 divinitus
403 2794 482 2828 signa
507 2793 602 2824 multa,
621 2797 649 2820 et
677 2800 724 2827 per
751 2796 838 2819 totum
854 2792 958 2823 orbem,

171 2840 268 2867 eﬂ‘eeta
286 2843 360 2867 sunt.

210 2886 301 2914 Mundi
338 2894 410 2912 anno
436 2885 525 2916 52389,
551 2883 649 2911 divina:
681 2883 879 2910 incarnationis
914 2883 959 2914 811,

1009 958 1131 993 Trajani,
1152 967 1214 986 cum
1228 961 1329 995 quibus
1349 961 1449 997 Papias
1474 961 1696 997 Hieropolitanus
1707 967 1733 990 et
1747 962 1797 989 Po-

1010 1006 1138 1041 charpus
1161 1007 1286 1042 Smyrna:
1302 1007 1449 1042 cpiscopus
1462 1007 1604 1036 auditores
1629 1009 1689 1044 ejus
1712 1007 1799 1037 fuisse

1009 1057 1175 1080 1105811111111.

1045 1098 1139 1125 Mundi
1168 1106 1239 1125 anno
1270 1097 1350 1130 5600,
1377 1097 1478 1126 divinae
1504 1098 1703 1127 incarnationis
1726 1107 1799 1128 anno

1009 1144 1173 1176 centesimo,
1189 1143 1326 1178 Trajauus
1344 1143 1425 1179 Lysio
1439 1144 1541 1177 Quinto
1557 1144 1666 1173 Judazos
1681 1153 1696 1172 a
1709 1145 1795 1174 Meso-

1015 1190 1136 1222 potamia
1151 1190 1302 1217 seditiones
1314 1190 1448 1218 facientes
1461 1190 1545 1225 jussit
1561 1190 1674 1219 auferri.
1703 1192 1738 1218 At
1754 1192 1800 1220 ille

1009 1235 1266 1271 pluribusludzcoru
1272 1244 1296 1262 111
1309 1236 1428 1263 millibus
1437 1237 1582 1266 trucidatis
1591 1245 1692 1273 praeses
1701 1237 1800 1266 Iudam

1009 1286 1152 1316 propterea
1167 1282 1355 1310 constituitur.

1045 1328 1138 1355 Illundi
1155 1336 1227 1356 anno
1236 1326 1423 1362 5609,divinae
1439 1330 1638 1358 incarnationis
1653 1338 1726 1358 anno
1734 1330 1798 1364 I09.

1009 1373 1100 1401 Elius
1111 1374 1248 1401 Adrianus
1266 1374 1416 1408 imperans.
1444 1374 1585 1408 Quadrato
1611 1375 1799 1410 apostolorum

1007 1419 1128 1446 auditori
1143 1423 1171 1446 et
1182 1419 1293 1446 Aristidi
1311 1419 1474 1448 Atheniensi
1487 1421 1649 1455 philosopho
1660 1427 1709 1454 pro
1720 1420 1800 1448 Chri-

1010 1466 1107 1492 stianis
1127 1465 1179 1492 sibi
1198 1465 1397 1498 scribentibus,
1418 1473 1524 1493 necnon
1540 1470 1566 1493 et
1589 1465 1723 1493 Sereunio
1741 1467 1800 1493 cla—

1011 1510 1121 1538 rissinto
1136 1511 1199 1539 duci
1222 1505 1354 1538 scribenti
1378 1511 1510 1546 injustum
1542 1511 1600 1539 fore
1617 1512 1676 1539 sine
1695 1511 1800 1547 judicio

1009 1555 1186 1584 Christianos
1203 1556 1304 1588 occidi,
1324 1557 1422 1584 scribit
1451 1557 1566 1585 Minutio
1594 1557 1707 1585 Fuuano
1735 1565 1801 1593 pro-

1012 1602 1118 1630 consuli
1134 1602 1206 1630 Asiaa
1233 1603 1373 1630 neminem
1396 1603 1579 1631 occidendum
1597 1611 1652 1631 non
1676 1609 1801 1631 exstante

1013 1653 1174 1675 accusatore
1191 1651 1218 1675 et
1236 1648 1362 1676 crimine.

1049 1692 1142 1719 Mundi
1169 1700 1244 1719 anno
1261 1693 1342 1725 5621,
1373 1693 1472 1720 divinae
1498 1693 1699 1721 incarnationis
1728 1700 1802 1721 anno

1014 1739 1075 1771 I2I,
1092 1738 1246 1766 Hadrianus
1257 1738 1327 1773 apud
1352 1738 1472 1766 Athenas
1490 1744 1622 1770 moratur,
1637 1739 1692 1766 illic
1703 1739 1802 1767 biblio-

1013 1785 1108 1812 thecas
1123 1785 1278 1812 constituit.
1307 1784 1408 1812 Judaeis
1430 1793 1495 1812 vero
1512 1786 1630 1820 pessima
1648 1790 1722 1813 sorte
1749 1793 1802 1821 pu-

1013 1830 1078 1857 nitis
1093 1830 1193 1857 bellum
1213 1831 1285 1865 quod
1301 1831 1434 1858 adversus
1458 1831 1520 1858 illos
1545 1831 1700 1866 agitabatur
1720 1831 1801 1859 ﬁnem

1012 1876 1117 1908 habuit,
1132 1877 1240 1904 excidio
1257 1876 1454 1913 Hierosolymis
1483 1877 1633 1904 novissime
1659 1877 1801 1909 desolatis.

1013 1923 1050 1949 ita
1066 1927 1162 1950 utnec
1192 1923 1261 1957 lapis
1296 1930 1380 1958 super
1409 1923 1538 1958 lapidem,
1567 1923 1718 1950 secundum
1732 1923 1802 1951 divi-

1013 1977 1076 1996 nam
1091 1977 1195 2002 vocem,
1213 1969 1248 1996 sit
1271 1968 1298 1995 in
1321 1976 1352 1996 ea
1369 1969 1493 1996 relictus.
1521 1968 1572 1996 Per
1597 1969 1668 1995 idem
1694 1972 1801 2004 tempus

1014 2014 1185 2042 Phavorinus
1203 2019 1231 2042 et
1252 2014 1370 2041 Palmum
1385 2014 1508 2042 rhetores
1540 2014 1672 2049 insignes,
1692 2022 1799 2042 necnon

1013 2064 1040 2087 et
1056 2059 1178 2087 Herodes
1196 2059 1370 2087 Atheniensis
1386 2063 1413 2087 et
1436 2059 1543 2087 Marcus
1572 2059 1720 2094 Byzantius
1737 2059 1801 2087 rhe-

1014 2110 1088 2132 tores
1101 2105 1281 2132 habebantur.
1312 2103 1398 2131 Porro
1427 2109 1488 2138 post
1517 2103 1617 2138 Joscpb
1641 2103 1800 2139 Hierosoly-

1013 2159 1120 2178 morum
1136 2151 1219 2178 Judas
1232 2150 1374 2177 ordinatur
1392 2151 1550 2185 episcopus,
1564 2149 1597 2176 ad
1613 2150 1691 2184 cujus
1701 2158 1802 2177 secun-

1014 2196 1078 2223 dum
1098 2203 1199 2223 annum
1218 2196 1402 2228 perduravere
1418 2203 1433 2222 e
1458 2194 1670 2222 circumcisione
1681 2195 1803 2230 episcopi

1015 2243 1058 2270 15.
1078 2243 1136 2270 Sub
1150 2251 1204 2277 quo
1225 2243 1349 2270 videlicet
1366 2242 1516 2277 perfectum
1533 2245 1560 2268 et
1581 2247 1732 2268 extremum
1759 2242 1802 2268 fa-

1013 2294 1086 2316 ctum
1096 2293 1140 2317 est
1149 2289 1269 2316 civitatis
1284 2293 1310 2315 et
1334 2288 1455 2314 nationis
1474 2286 1632 2313 Iudaeorum
1651 2287 1800 2314 excidium.

1014 2337 1084 2372 Ergo
1103 2336 1206 2370 primus
1219 2343 1251 2362 ex
1267 2334 1393 2369 gentibus
1410 2333 1517 2361 Marcus
1534 2332 1584 2359 fuit
1596 2332 1802 2367 Hierosolymo-

1013 2391 1073 2409 rqu
1091 2382 1238 2415 episcopus
1254 2379 1334 2406 annis
1349 2379 1375 2405 8.

1049 2426 1142 2453 Mundi
1157 2433 1228 2452 anno
1244 2424 1323 2457 5651),
1333 2423 1431 2450 divinae
1441 2423 1639 2451 incarnationis
1650 2431 1722 2450 anno
1738 2424 1801 2456 15H,

1014 2471 1046 2497 T.
1066 2469 1223 2496 Antoninus
1237 2474 1421 2501 cognomento
1439 2467 1504 2496 Pius
1518 2476 1578 2495 cum
1598 2469 1660 2496 ﬁliis
1673 2469 1800 2503 imperat.

1012 2515 1137 2543 Justinus
1153 2514 1331 2550 philosophus
1346 2521 1396 2549 pro
1412 2514 1478 2541 recti
1494 2513 1629 2542 sermonis
1652 2515 1738 2541 nostri
1757 2522 1802 2540 ra-

1013 2563 1086 2589 tione
1103 2561 1202 2589 librtun
1217 2561 1417 2595 apologeticum
1435 2561 1573 2588 Antonino
1601 2561 1731 2595 porrexit.
1750 2560 1800 2586 Per

1013 2613 1135 2643 tempora
1149 2615 1214 2635 sane
1233 2607 1331 2642 Hygini
1346 2611 1372 2634 et
1389 2606 1428 2633 Pii
1448 2606 1635 2634 Romanorum
1656 2607 1800 2643 episcopo-

1013 2662 1072 2681 rum
1085 2661 1172 2688 usque
1188 2653 1221 2680 ad
1236 2654 1377 2680 Anicetum
1391 2652 1552 2679 Valentinus
1568 2656 1595 2680 et
1606 2652 1693 2680 Cerdo
1704 2657 1800 2680 aucto-

1014 2711 1057 2729 res
1074 2701 1219 2729 Marcionis
1237 2700 1373 2727 haereseos
1389 2700 1460 2734 apud
1471 2699 1566 2726 urbem
1580 2699 1694 2727 Romam
1714 2699 1799 2727 fuisse

1013 2752 1176 2775 noscuntur.
1212 2746 1346 2773 Arrianus
1374 2745 1552 2780 philosophus
1581 2743 1800 2773 Nicoumzlieusis

1013 2798 1114 2829 praetor
1145 2793 1318 2827 agnoscitur,
1351 2799 1456 2818 necnon
1474 2797 1500 2819 et
1530 2790 1663 2817 Maximus
1688 2791 1798 2826 Tyrius,

1012 2838 1174 2873 Apollonius
1191 2837 1314 2870 Stoicus,
1343 2836 1558 2867 Chalcedonius,
1580 2836 1713 2864 Basilides
1732 2836 1800 2872 Sey-

1013 2883 1210 2918 tiiopolitanus.
1236 2881 1283 2909 Isti
1300 2882 1380 2908 etiam
1398 2881 1671 2915 utagistrchrissimi
1684 2880 1801 2910 Cmsaris
