  <div class='ocr_page' id='page_1' title='image "/cluster/home/n/w/nwhite01/storage/ocr_20150623/108/njp.32101077772919/639.png"; bbox 0 0 2035 3153; ppageno 0'>
   <div class='ocr_carea' id='block_1_1' title="bbox 236 148 303 180">
    <p class='ocr_par' dir='ltr' id='par_1_1' title="bbox 236 148 303 180">
     <span class='ocr_line' id='line_1_1' title="bbox 236 148 303 180; baseline 0.015 -1"><span class='ocrx_word' id='word_1_1' title='bbox 236 148 303 180; x_wconf 78' lang='grc' dir='ltr'><strong>11υ9</strong></span> 
     </span>
    </p>
   </div>
   <div class='ocr_carea' id='block_1_2' title="bbox 782 144 1313 177">
    <p class='ocr_par' dir='ltr' id='par_1_2' title="bbox 782 144 1313 177">
     <span class='ocr_line' id='line_1_2' title="bbox 782 144 1313 177; baseline 0.002 -2"><span class='ocrx_word' id='word_1_2' title='bbox 782 145 980 177; x_wconf 82' lang='lat' dir='ltr'><strong>ANASTASII</strong></span> <span class='ocrx_word' id='word_1_3' title='bbox 1002 144 1313 176; x_wconf 80' lang='lat' dir='ltr'><strong>BIBLIOTHECARII</strong></span> 
     </span>
    </p>
   </div>
   <div class='ocr_carea' id='block_1_3' title="bbox 1802 145 1868 178">
    <p class='ocr_par' dir='ltr' id='par_1_3' title="bbox 1802 145 1868 178">
     <span class='ocr_line' id='line_1_3' title="bbox 1802 145 1868 178; baseline -0.015 0"><span class='ocrx_word' id='word_1_4' title='bbox 1802 145 1868 178; x_wconf 66' lang='lat'><strong>1200</strong></span> 
     </span>
    </p>
   </div>
   <div class='ocr_carea' id='block_1_4' title="bbox 234 201 1868 239">
    <p class='ocr_par' dir='ltr' id='par_1_4' title="bbox 234 201 1868 239">
     <span class='ocr_line' id='line_1_4' title="bbox 234 201 1868 239; baseline -0.001 -7"><span class='ocrx_word' id='word_1_5' title='bbox 234 206 410 233; x_wconf 79' lang='lat' dir='ltr'><strong>exstiterunt.</strong></span> <span class='ocrx_word' id='word_1_6' title='bbox 438 203 552 231; x_wconf 78' lang='lat' dir='ltr'><strong>Criscus</strong></span> <span class='ocrx_word' id='word_1_7' title='bbox 567 202 681 238; x_wconf 74' lang='lat' dir='ltr'><strong>cynicus</strong></span> <span class='ocrx_word' id='word_1_8' title='bbox 702 203 885 239; x_wconf 84' lang='lat' dir='ltr'><strong>philosophus</strong></span> <span class='ocrx_word' id='word_1_9' title='bbox 911 201 1021 229; x_wconf 88' lang='lat' dir='ltr'><strong>Justino</strong></span> <span class='ocrx_word' id='word_1_10' title='bbox 1035 203 1061 233; x_wconf 72' lang='grc' dir='ltr'><strong>Α</strong></span> <span class='ocrx_word' id='word_1_11' title='bbox 1075 201 1214 231; x_wconf 79' lang='lat' dir='ltr'><strong>Macrinus</strong></span> <span class='ocrx_word' id='word_1_12' title='bbox 1226 202 1298 231; x_wconf 87' lang='lat' dir='ltr'><strong>filius</strong></span> <span class='ocrx_word' id='word_1_13' title='bbox 1310 203 1459 232; x_wconf 71' lang='lat' dir='ltr'><strong>Caracallae</strong></span> <span class='ocrx_word' id='word_1_14' title='bbox 1470 206 1548 238; x_wconf 87' lang='lat' dir='ltr'><strong>patre</strong></span> <span class='ocrx_word' id='word_1_15' title='bbox 1571 202 1664 231; x_wconf 82' lang='lat' dir='ltr'><strong>occiso</strong></span> <span class='ocrx_word' id='word_1_16' title='bbox 1679 203 1764 230; x_wconf 82' lang='lat' dir='ltr'><strong>sumit</strong></span> <span class='ocrx_word' id='word_1_17' title='bbox 1780 203 1868 238; x_wconf 85' lang='lat' dir='ltr'><strong>impe-</strong></span> 
     </span>
    </p>
   </div>
   <div class='ocr_carea' id='block_1_5' title="bbox 233 249 1023 286">
    <p class='ocr_par' dir='ltr' id='par_1_5' title="bbox 233 249 1023 286">
     <span class='ocr_line' id='line_1_5' title="bbox 233 249 1023 286; baseline -0.004 -8"><span class='ocrx_word' id='word_1_18' title='bbox 233 251 328 278; x_wconf 88' lang='lat' dir='ltr'><strong>divino</strong></span> <span class='ocrx_word' id='word_1_19' title='bbox 351 250 515 286; x_wconf 85' lang='lat' dir='ltr'><strong>philosopho</strong></span> <span class='ocrx_word' id='word_1_20' title='bbox 541 254 636 276; x_wconf 88' lang='lat' dir='ltr'><strong>nostro</strong></span> <span class='ocrx_word' id='word_1_21' title='bbox 655 249 788 284; x_wconf 55' lang='lat' dir='ltr'><strong>.&#39;martyrii</strong></span> <span class='ocrx_word' id='word_1_22' title='bbox 811 253 926 276; x_wconf 88' lang='lat' dir='ltr'><strong>mortem</strong></span> <span class='ocrx_word' id='word_1_23' title='bbox 955 256 1023 276; x_wconf 84' lang='lat' dir='ltr'><strong>cort-</strong></span> 
     </span>
    </p>
   </div>
   <div class='ocr_carea' id='block_1_6' title="bbox 233 295 876 331">
    <p class='ocr_par' dir='ltr' id='par_1_6' title="bbox 233 295 876 331">
     <span class='ocr_line' id='line_1_6' title="bbox 233 295 876 331; baseline -0.003 -7"><span class='ocrx_word' id='word_1_24' title='bbox 233 297 345 329; x_wconf 87' lang='lat' dir='ltr'><strong>struxit,</strong></span> <span class='ocrx_word' id='word_1_25' title='bbox 363 296 526 331; x_wconf 83' lang='lat' dir='ltr'><strong>redargutus</strong></span> <span class='ocrx_word' id='word_1_26' title='bbox 542 295 576 322; x_wconf 88' lang='lat' dir='ltr'><strong>ab</strong></span> <span class='ocrx_word' id='word_1_27' title='bbox 593 303 626 322; x_wconf 92' lang='lat' dir='ltr'><strong>eo</strong></span> <span class='ocrx_word' id='word_1_28' title='bbox 639 295 730 322; x_wconf 86' lang='lat' dir='ltr'><strong>canini</strong></span> <span class='ocrx_word' id='word_1_29' title='bbox 750 295 876 322; x_wconf 74' lang='lat' dir='ltr'><strong>latratus.</strong></span> 
     </span>
    </p>
   </div>
   <div class='ocr_carea' id='block_1_7' title="bbox 269 341 1021 375">
    <p class='ocr_par' dir='ltr' id='par_1_7' title="bbox 269 341 1021 375">
     <span class='ocr_line' id='line_1_7' title="bbox 269 341 1021 375; baseline -0.003 -6"><span class='ocrx_word' id='word_1_30' title='bbox 269 342 360 370; x_wconf 82' lang='lat' dir='ltr'><strong>Mundi</strong></span> <span class='ocrx_word' id='word_1_31' title='bbox 377 350 449 369; x_wconf 88' lang='lat' dir='ltr'><strong>anno</strong></span> <span class='ocrx_word' id='word_1_32' title='bbox 465 341 545 373; x_wconf 63' lang='lat'><strong>5640.</strong></span> <span class='ocrx_word' id='word_1_33' title='bbox 559 341 658 369; x_wconf 67' lang='lat' dir='ltr'><strong>divinae</strong></span> <span class='ocrx_word' id='word_1_34' title='bbox 668 341 865 369; x_wconf 83' lang='lat' dir='ltr'><strong>incarnationis</strong></span> <span class='ocrx_word' id='word_1_35' title='bbox 877 341 1021 375; x_wconf 74' lang='lat' dir='ltr'><strong>anttoHO,</strong></span> 
     </span>
    </p>
   </div>
   <div class='ocr_carea' id='block_1_8' title="bbox 235 386 1024 423">
    <p class='ocr_par' dir='ltr' id='par_1_8' title="bbox 235 386 1024 423">
     <span class='ocr_line' id='line_1_8' title="bbox 235 386 1024 423; baseline -0.003 -7"><span class='ocrx_word' id='word_1_36' title='bbox 235 386 458 416; x_wconf 58' lang='lat' dir='ltr'><strong>Pirts&#39;ftomanus</strong></span> <span class='ocrx_word' id='word_1_37' title='bbox 473 387 626 414; x_wconf 87' lang='lat' dir='ltr'><strong>ltahchattrr</strong></span> <span class='ocrx_word' id='word_1_38' title='bbox 641 388 796 422; x_wconf 83' lang='lat' dir='ltr'><strong>episcopus,</strong></span> <span class='ocrx_word' id='word_1_39' title='bbox 812 388 863 415; x_wconf 86' lang='lat' dir='ltr'><strong>sub</strong></span> <span class='ocrx_word' id='word_1_40' title='bbox 874 396 929 422; x_wconf 89' lang='lat' dir='ltr'><strong>qtto</strong></span> <span class='ocrx_word' id='word_1_41' title='bbox 941 387 1024 423; x_wconf 84' lang='lat' dir='ltr'><strong>Poly-</strong></span> 
     </span>
    </p>
   </div>
   <div class='ocr_carea' id='block_1_9' title="bbox 236 433 858 470">
    <p class='ocr_par' dir='ltr' id='par_1_9' title="bbox 236 433 858 470">
     <span class='ocr_line' id='line_1_9' title="bbox 236 433 858 470; baseline -0.002 -9"><span class='ocrx_word' id='word_1_42' title='bbox 236 442 335 470; x_wconf 88' lang='lat' dir='ltr'><strong>carpus</strong></span> <span class='ocrx_word' id='word_1_43' title='bbox 352 434 444 460; x_wconf 77' lang='lat' dir='ltr'><strong>Roma:</strong></span> <span class='ocrx_word' id='word_1_44' title='bbox 455 434 555 461; x_wconf 91' lang='lat' dir='ltr'><strong>multos</strong></span> <span class='ocrx_word' id='word_1_45' title='bbox 573 433 683 460; x_wconf 88' lang='lat' dir='ltr'><strong>reduxit</strong></span> <span class='ocrx_word' id='word_1_46' title='bbox 699 433 733 460; x_wconf 87' lang='lat' dir='ltr'><strong>ab</strong></span> <span class='ocrx_word' id='word_1_47' title='bbox 750 433 858 460; x_wconf 81' lang='lat' dir='ltr'><strong>haeresi.</strong></span> 
     </span>
    </p>
   </div>
   <div class='ocr_carea' id='block_1_10' title="bbox 270 477 1024 511">
    <p class='ocr_par' dir='ltr' id='par_1_10' title="bbox 270 477 1024 511">
     <span class='ocr_line' id='line_1_10' title="bbox 270 477 1024 511; baseline 0.001 -4"><span class='ocrx_word' id='word_1_48' title='bbox 270 480 362 507; x_wconf 81' lang='lat' dir='ltr'><strong>Mundi</strong></span> <span class='ocrx_word' id='word_1_49' title='bbox 387 488 460 507; x_wconf 85' lang='lat' dir='ltr'><strong>anno</strong></span> <span class='ocrx_word' id='word_1_50' title='bbox 475 477 565 511; x_wconf 73' lang='lat'><strong>&#39;5655,</strong></span> <span class='ocrx_word' id='word_1_51' title='bbox 593 478 694 506; x_wconf 62' lang='lat' dir='ltr'><strong>divinis</strong></span> <span class='ocrx_word' id='word_1_52' title='bbox 723 479 925 507; x_wconf 77' lang='lat' dir='ltr'><strong>incarnationis</strong></span> <span class='ocrx_word' id='word_1_53' title='bbox 951 488 1024 508; x_wconf 89' lang='lat' dir='ltr'><strong>anno</strong></span> 
     </span>
    </p>
   </div>
   <div class='ocr_carea' id='block_1_11' title="bbox 235 525 1024 561">
    <p class='ocr_par' dir='ltr' id='par_1_11' title="bbox 235 525 1024 561">
     <span class='ocr_line' id='line_1_11' title="bbox 235 525 1024 561; baseline -0.001 -8"><span class='ocrx_word' id='word_1_54' title='bbox 235 527 297 559; x_wconf 76' lang='lat'>155,</span> <span class='ocrx_word' id='word_1_55' title='bbox 329 526 497 561; x_wconf 82' lang='lat' dir='ltr'><strong>Polycarpus</strong></span> <span class='ocrx_word' id='word_1_56' title='bbox 520 525 644 560; x_wconf 69' lang='lat' dir='ltr'><strong>Smyrnae</strong></span> <span class='ocrx_word' id='word_1_57' title='bbox 673 532 752 552; x_wconf 88' lang='lat' dir='ltr'><strong>sacer</strong></span> <span class='ocrx_word' id='word_1_58' title='bbox 787 525 935 560; x_wconf 89' lang='lat' dir='ltr'><strong>episcoptrs</strong></span> <span class='ocrx_word' id='word_1_59' title='bbox 973 533 1024 561; x_wconf 86' lang='lat' dir='ltr'><strong>pro</strong></span> 
     </span>
    </p>
   </div>
   <div class='ocr_carea' id='block_1_12' title="bbox 235 571 1023 608">
    <p class='ocr_par' dir='ltr' id='par_1_12' title="bbox 235 571 1023 608">
     <span class='ocr_line' id='line_1_12' title="bbox 235 571 1023 608; baseline -0.003 -8"><span class='ocrx_word' id='word_1_60' title='bbox 235 573 345 600; x_wconf 87' lang='lat' dir='ltr'><strong>Christo</strong></span> <span class='ocrx_word' id='word_1_61' title='bbox 365 572 497 608; x_wconf 82' lang='lat' dir='ltr'><strong>martyrio</strong></span> <span class='ocrx_word' id='word_1_62' title='bbox 524 571 707 603; x_wconf 79' lang='lat' dir='ltr'><strong>consumitur,</strong></span> <span class='ocrx_word' id='word_1_63' title='bbox 724 579 786 598; x_wconf 89' lang='lat' dir='ltr'><strong>cttrtt</strong></span> <span class='ocrx_word' id='word_1_64' title='bbox 807 572 972 606; x_wconf 86' lang='lat' dir='ltr'><strong>imperarent</strong></span> <span class='ocrx_word' id='word_1_65' title='bbox 987 571 1023 598; x_wconf 84' lang='lat' dir='ltr'><strong>M.</strong></span> 
     </span>
    </p>
   </div>
   <div class='ocr_carea' id='block_1_13' title="bbox 235 615 1025 652">
    <p class='ocr_par' dir='ltr' id='par_1_13' title="bbox 235 615 1025 652">
     <span class='ocr_line' id='line_1_13' title="bbox 235 615 1025 652; baseline 0 -8"><span class='ocrx_word' id='word_1_66' title='bbox 235 617 362 645; x_wconf 82' lang='lat' dir='ltr'><strong>Aurelius</strong></span> <span class='ocrx_word' id='word_1_67' title='bbox 376 617 541 649; x_wconf 79' lang='lat' dir='ltr'><strong>Antoninus,</strong></span> <span class='ocrx_word' id='word_1_68' title='bbox 557 617 604 651; x_wconf 88' lang='lat' dir='ltr'><strong>qui</strong></span> <span class='ocrx_word' id='word_1_69' title='bbox 618 621 645 644; x_wconf 86' lang='lat' dir='ltr'><strong>et</strong></span> <span class='ocrx_word' id='word_1_70' title='bbox 655 615 753 648; x_wconf 84' lang='lat' dir='ltr'><strong>Verus,</strong></span> <span class='ocrx_word' id='word_1_71' title='bbox 771 617 929 652; x_wconf 84' lang='lat' dir='ltr'><strong>Luciusque</strong></span> <span class='ocrx_word' id='word_1_72' title='bbox 941 617 1025 645; x_wconf 83' lang='lat' dir='ltr'><strong>Aure—</strong></span> 
     </span>
    </p>
   </div>
   <div class='ocr_carea' id='block_1_14' title="bbox 236 662 1024 698">
    <p class='ocr_par' dir='ltr' id='par_1_14' title="bbox 236 662 1024 698">
     <span class='ocr_line' id='line_1_14' title="bbox 236 662 1024 698; baseline 0 -8"><span class='ocrx_word' id='word_1_73' title='bbox 236 663 289 691; x_wconf 87' lang='lat' dir='ltr'><strong>lius</strong></span> <span class='ocrx_word' id='word_1_74' title='bbox 305 667 331 690; x_wconf 90' lang='lat' dir='ltr'><strong>ct</strong></span> <span class='ocrx_word' id='word_1_75' title='bbox 344 662 524 690; x_wconf 87' lang='lat' dir='ltr'><strong>Commodus.</strong></span> <span class='ocrx_word' id='word_1_76' title='bbox 548 662 623 689; x_wconf 88' lang='lat' dir='ltr'><strong>Mtrlti</strong></span> <span class='ocrx_word' id='word_1_77' title='bbox 641 670 750 697; x_wconf 89' lang='lat' dir='ltr'><strong>quoque</strong></span> <span class='ocrx_word' id='word_1_78' title='bbox 774 663 846 698; x_wconf 89' lang='lat' dir='ltr'><strong>apud</strong></span> <span class='ocrx_word' id='word_1_79' title='bbox 865 663 967 690; x_wconf 82' lang='lat' dir='ltr'><strong>Callias</strong></span> <span class='ocrx_word' id='word_1_80' title='bbox 985 664 1024 690; x_wconf 87' lang='lat' dir='ltr'><strong>lc-</strong></span> 
     </span>
    </p>
   </div>
   <div class='ocr_carea' id='block_1_15' title="bbox 235 708 1024 745">
    <p class='ocr_par' dir='ltr' id='par_1_15' title="bbox 235 708 1024 745">
     <span class='ocr_line' id='line_1_15' title="bbox 235 708 1024 745; baseline 0.001 -9"><span class='ocrx_word' id='word_1_81' title='bbox 235 708 329 745; x_wconf 75' lang='lat' dir='ltr'><strong>gitime</strong></span> <span class='ocrx_word' id='word_1_82' title='bbox 344 716 393 745; x_wconf 89' lang='lat' dir='ltr'><strong>pro</strong></span> <span class='ocrx_word' id='word_1_83' title='bbox 408 709 518 736; x_wconf 75' lang='lat' dir='ltr'><strong>Christo</strong></span> <span class='ocrx_word' id='word_1_84' title='bbox 535 713 721 742; x_wconf 85' lang='lat' dir='ltr'><strong>certaverunt,</strong></span> <span class='ocrx_word' id='word_1_85' title='bbox 754 714 870 744; x_wconf 86' lang='lat' dir='ltr'><strong>quorum</strong></span> <span class='ocrx_word' id='word_1_86' title='bbox 883 710 1024 744; x_wconf 83' lang='lat' dir='ltr'><strong>passiones</strong></span> 
     </span>
    </p>
   </div>
   <div class='ocr_carea' id='block_1_16' title="bbox 236 753 1025 790">
    <p class='ocr_par' dir='ltr' id='par_1_16' title="bbox 236 753 1025 790">
     <span class='ocr_line' id='line_1_16' title="bbox 236 753 1025 790; baseline -0.001 -8"><span class='ocrx_word' id='word_1_87' title='bbox 236 756 345 790; x_wconf 67' lang='lat' dir='ltr'><strong>scripta:</strong></span> <span class='ocrx_word' id='word_1_88' title='bbox 363 760 429 782; x_wconf 88' lang='lat' dir='ltr'><strong>sunt</strong></span> <span class='ocrx_word' id='word_1_89' title='bbox 453 755 479 781; x_wconf 92' lang='lat' dir='ltr'><strong>in</strong></span> <span class='ocrx_word' id='word_1_90' title='bbox 500 754 632 781; x_wconf 87' lang='lat' dir='ltr'><strong>memoria</strong></span> <span class='ocrx_word' id='word_1_91' title='bbox 650 758 834 788; x_wconf 79' lang='lat' dir='ltr'><strong>posterorum.</strong></span> <span class='ocrx_word' id='word_1_92' title='bbox 859 753 950 782; x_wconf 90' lang='lat' dir='ltr'><strong>Melito</strong></span> <span class='ocrx_word' id='word_1_93' title='bbox 963 753 1025 781; x_wconf 86' lang='lat' dir='ltr'><strong>Sar-</strong></span> 
     </span>
    </p>
   </div>
   <div class='ocr_carea' id='block_1_17' title="bbox 235 800 1023 837">
    <p class='ocr_par' dir='ltr' id='par_1_17' title="bbox 235 800 1023 837">
     <span class='ocr_line' id='line_1_17' title="bbox 235 800 1023 837; baseline -0.003 -8"><span class='ocrx_word' id='word_1_94' title='bbox 235 801 408 830; x_wconf 84' lang='lat' dir='ltr'><strong>diancnsium</strong></span> <span class='ocrx_word' id='word_1_95' title='bbox 431 800 522 837; x_wconf 70' lang='lat' dir='ltr'><strong>Lydia:</strong></span> <span class='ocrx_word' id='word_1_96' title='bbox 534 800 683 835; x_wconf 89' lang='lat' dir='ltr'><strong>episcopus</strong></span> <span class='ocrx_word' id='word_1_97' title='bbox 705 800 834 835; x_wconf 83' lang='lat' dir='ltr'><strong>pollebat,</strong></span> <span class='ocrx_word' id='word_1_98' title='bbox 851 800 897 836; x_wconf 91' lang='lat' dir='ltr'><strong>qui</strong></span> <span class='ocrx_word' id='word_1_99' title='bbox 924 800 1023 828; x_wconf 83' lang='lat' dir='ltr'><strong>librum</strong></span> 
     </span>
    </p>
   </div>
   <div class='ocr_carea' id='block_1_18' title="bbox 235 847 1022 884">
    <p class='ocr_par' dir='ltr' id='par_1_18' title="bbox 235 847 1022 884">
     <span class='ocr_line' id='line_1_18' title="bbox 235 847 1022 884; baseline 0 -9"><span class='ocrx_word' id='word_1_100' title='bbox 235 848 434 884; x_wconf 78' lang='lat' dir='ltr'><strong>apologctictrm</strong></span> <span class='ocrx_word' id='word_1_101' title='bbox 464 855 513 882; x_wconf 89' lang='lat' dir='ltr'><strong>pro</strong></span> <span class='ocrx_word' id='word_1_102' title='bbox 537 847 701 875; x_wconf 79' lang='lat' dir='ltr'><strong>Christianis</strong></span> <span class='ocrx_word' id='word_1_103' title='bbox 727 848 866 875; x_wconf 86' lang='lat' dir='ltr'><strong>Antonino</strong></span> <span class='ocrx_word' id='word_1_104' title='bbox 891 848 1022 883; x_wconf 76' lang='lat' dir='ltr'><strong>porrexit.</strong></span> 
     </span>
    </p>
   </div>
   <div class='ocr_carea' id='block_1_19' title="bbox 1077 254 1160 273">
    <p class='ocr_par' dir='ltr' id='par_1_19' title="bbox 1077 254 1160 273">
     <span class='ocr_line' id='line_1_19' title="bbox 1077 254 1160 273; baseline 0 -1"><span class='ocrx_word' id='word_1_105' title='bbox 1077 254 1160 273; x_wconf 91' lang='lat' dir='ltr'><strong>rrum.</strong></span> 
     </span>
    </p>
   </div>
   <div class='ocr_carea' id='block_1_20' title="bbox 1110 292 1867 328">
    <p class='ocr_par' dir='ltr' id='par_1_20' title="bbox 1110 292 1867 328">
     <span class='ocr_line' id='line_1_20' title="bbox 1110 292 1867 328; baseline 0.005 -10"><span class='ocrx_word' id='word_1_106' title='bbox 1110 292 1201 319; x_wconf 81' lang='lat' dir='ltr'><strong>Mundi</strong></span> <span class='ocrx_word' id='word_1_107' title='bbox 1217 300 1290 320; x_wconf 84' lang='lat' dir='ltr'><strong>antro</strong></span> <span class='ocrx_word' id='word_1_108' title='bbox 1301 293 1380 326; x_wconf 83' lang='grc'><strong>5710,</strong></span> <span class='ocrx_word' id='word_1_109' title='bbox 1396 293 1494 320; x_wconf 81' lang='lat' dir='ltr'><strong>divinae</strong></span> <span class='ocrx_word' id='word_1_110' title='bbox 1508 293 1706 322; x_wconf 80' lang='lat' dir='ltr'><strong>incarnationis</strong></span> <span class='ocrx_word' id='word_1_111' title='bbox 1721 295 1867 328; x_wconf 63' lang='lat' dir='ltr'><strong>annoﬂto,</strong></span> 
     </span>
    </p>
   </div>
   <div class='ocr_carea' id='block_1_21' title="bbox 1075 338 1869 375">
    <p class='ocr_par' dir='ltr' id='par_1_21' title="bbox 1075 338 1869 375">
     <span class='ocr_line' id='line_1_21' title="bbox 1075 338 1869 375; baseline 0.005 -11"><span class='ocrx_word' id='word_1_112' title='bbox 1075 338 1205 365; x_wconf 84' lang='lat' dir='ltr'><strong>Callistus</strong></span> <span class='ocrx_word' id='word_1_113' title='bbox 1216 339 1361 374; x_wconf 87' lang='lat' dir='ltr'><strong>episcopus</strong></span> <span class='ocrx_word' id='word_1_114' title='bbox 1379 339 1508 367; x_wconf 77' lang='lat' dir='ltr'><strong>Romamn</strong></span> <span class='ocrx_word' id='word_1_115' title='bbox 1521 346 1619 375; x_wconf 61' lang='lat' dir='ltr'><strong>praeest</strong></span> <span class='ocrx_word' id='word_1_116' title='bbox 1631 339 1769 373; x_wconf 63' lang='lat' dir='ltr'><strong>Ecclesia,</strong></span> <span class='ocrx_word' id='word_1_117' title='bbox 1781 342 1869 368; x_wconf 77' lang='grc' dir='ltr'><strong>Δηιο-</strong></span> 
     </span>
    </p>
   </div>
   <div class='ocr_carea' id='block_1_22' title="bbox 1076 385 1442 421">
    <p class='ocr_par' dir='ltr' id='par_1_22' title="bbox 1076 385 1442 421">
     <span class='ocr_line' id='line_1_22' title="bbox 1076 385 1442 421; baseline 0.005 -10"><span class='ocrx_word' id='word_1_118' title='bbox 1076 385 1159 413; x_wconf 90' lang='lat' dir='ltr'><strong>nittus</strong></span> <span class='ocrx_word' id='word_1_119' title='bbox 1177 385 1305 413; x_wconf 81' lang='lat' dir='ltr'><strong>Aurelius</strong></span> <span class='ocrx_word' id='word_1_120' title='bbox 1317 387 1442 421; x_wconf 83' lang='lat' dir='ltr'><strong>imperat.</strong></span> 
     </span>
    </p>
   </div>
   <div class='ocr_carea' id='block_1_23' title="bbox 1110 430 1868 465">
    <p class='ocr_par' dir='ltr' id='par_1_23' title="bbox 1110 430 1868 465">
     <span class='ocr_line' id='line_1_23' title="bbox 1110 430 1868 465; baseline 0.004 -8"><span class='ocrx_word' id='word_1_121' title='bbox 1110 430 1204 459; x_wconf 90' lang='lat' dir='ltr'><strong>Mundi</strong></span> <span class='ocrx_word' id='word_1_122' title='bbox 1214 432 1372 465; x_wconf 73' lang='lat' dir='ltr'><strong>anrt05715.</strong></span> <span class='ocrx_word' id='word_1_123' title='bbox 1386 432 1485 460; x_wconf 71' lang='lat' dir='ltr'><strong>divinm</strong></span> <span class='ocrx_word' id='word_1_124' title='bbox 1501 433 1700 461; x_wconf 80' lang='lat' dir='ltr'><strong>incarnationis</strong></span> <span class='ocrx_word' id='word_1_125' title='bbox 1717 441 1790 460; x_wconf 77' lang='lat' dir='ltr'><strong>anno</strong></span> <span class='ocrx_word' id='word_1_126' title='bbox 1802 434 1868 465; x_wconf 75' lang='lat' dir='ltr'><strong>‘2l5.</strong></span> 
     </span>
    </p>
   </div>
   <div class='ocr_carea' id='block_1_24' title="bbox 1076 475 1868 515">
    <p class='ocr_par' dir='ltr' id='par_1_24' title="bbox 1076 475 1868 515">
     <span class='ocr_line' id='line_1_24' title="bbox 1076 475 1868 515; baseline 0.004 -12"><span class='ocrx_word' id='word_1_127' title='bbox 1076 475 1205 505; x_wconf 87' lang='lat' dir='ltr'><strong>Urbanus</strong></span> <span class='ocrx_word' id='word_1_128' title='bbox 1234 479 1381 513; x_wconf 88' lang='lat' dir='ltr'><strong>episcopus</strong></span> <span class='ocrx_word' id='word_1_129' title='bbox 1405 479 1559 506; x_wconf 78' lang='lat' dir='ltr'><strong>Romanum</strong></span> <span class='ocrx_word' id='word_1_130' title='bbox 1593 479 1663 514; x_wconf 78' lang='lat' dir='ltr'><strong>gerit</strong></span> <span class='ocrx_word' id='word_1_131' title='bbox 1684 479 1868 515; x_wconf 75' lang='lat' dir='ltr'><strong>pontificium.</strong></span> 
     </span>
    </p>
   </div>
   <div class='ocr_carea' id='block_1_25' title="bbox 1076 522 1868 560">
    <p class='ocr_par' dir='ltr' id='par_1_25' title="bbox 1076 522 1868 560">
     <span class='ocr_line' id='line_1_25' title="bbox 1076 522 1868 560; baseline 0.006 -12"><span class='ocrx_word' id='word_1_132' title='bbox 1076 522 1233 550; x_wconf 81' lang='lat' dir='ltr'><strong>Alexander</strong></span> <span class='ocrx_word' id='word_1_133' title='bbox 1273 523 1390 551; x_wconf 69' lang='lat' dir='ltr'><strong>Mamaeae</strong></span> <span class='ocrx_word' id='word_1_134' title='bbox 1425 524 1496 552; x_wconf 87' lang='lat' dir='ltr'><strong>filius</strong></span> <span class='ocrx_word' id='word_1_135' title='bbox 1535 525 1660 560; x_wconf 85' lang='lat' dir='ltr'><strong>imperat.</strong></span> <span class='ocrx_word' id='word_1_136' title='bbox 1703 524 1868 560; x_wconf 84' lang='lat' dir='ltr'><strong>Hippolytus</strong></span> 
     </span>
    </p>
   </div>
   <div class='ocr_carea' id='block_1_26' title="bbox 1077 567 1870 604">
    <p class='ocr_par' dir='ltr' id='par_1_26' title="bbox 1077 567 1870 604">
     <span class='ocr_line' id='line_1_26' title="bbox 1077 567 1870 604; baseline 0.006 -11"><span class='ocrx_word' id='word_1_137' title='bbox 1077 567 1226 601; x_wconf 76' lang='lat' dir='ltr'><strong>ltomattus,</strong></span> <span class='ocrx_word' id='word_1_138' title='bbox 1249 569 1396 604; x_wconf 89' lang='lat' dir='ltr'><strong>episcopus</strong></span> <span class='ocrx_word' id='word_1_139' title='bbox 1418 569 1625 597; x_wconf 87' lang='lat' dir='ltr'><strong>sacratissirnus</strong></span> <span class='ocrx_word' id='word_1_140' title='bbox 1653 570 1767 603; x_wconf 79' lang='lat' dir='ltr'><strong>Portus,</strong></span> <span class='ocrx_word' id='word_1_141' title='bbox 1789 571 1870 599; x_wconf 83' lang='lat' dir='ltr'><strong>valde</strong></span> 
     </span>
    </p>
   </div>
   <div class='ocr_carea' id='block_1_27' title="bbox 1076 612 1870 651">
    <p class='ocr_par' dir='ltr' id='par_1_27' title="bbox 1076 612 1870 651">
     <span class='ocr_line' id='line_1_27' title="bbox 1076 612 1870 651; baseline 0.006 -12"><span class='ocrx_word' id='word_1_142' title='bbox 1076 612 1176 640; x_wconf 84' lang='lat' dir='ltr'><strong>decore</strong></span> <span class='ocrx_word' id='word_1_143' title='bbox 1188 613 1280 641; x_wconf 81' lang='lat' dir='ltr'><strong>floruit</strong></span> <span class='ocrx_word' id='word_1_144' title='bbox 1297 615 1324 641; x_wconf 94' lang='lat' dir='ltr'><strong>in</strong></span> <span class='ocrx_word' id='word_1_145' title='bbox 1338 615 1510 650; x_wconf 85' lang='lat' dir='ltr'><strong>philosophia</strong></span> <span class='ocrx_word' id='word_1_146' title='bbox 1524 623 1585 651; x_wconf 74' lang='lat' dir='ltr'><strong>qua:</strong></span> <span class='ocrx_word' id='word_1_147' title='bbox 1608 616 1762 643; x_wconf 90' lang='lat' dir='ltr'><strong>secunduut</strong></span> <span class='ocrx_word' id='word_1_148' title='bbox 1789 616 1870 644; x_wconf 87' lang='lat' dir='ltr'><strong>Citri-</strong></span> 
     </span>
    </p>
   </div>
   <div class='ocr_carea' id='block_1_28' title="bbox 1077 662 1869 698">
    <p class='ocr_par' dir='ltr' id='par_1_28' title="bbox 1077 662 1869 698">
     <span class='ocr_line' id='line_1_28' title="bbox 1077 662 1869 698; baseline 0.003 -10"><span class='ocrx_word' id='word_1_149' title='bbox 1077 665 1149 688; x_wconf 82' lang='lat' dir='ltr'><strong>stum</strong></span> <span class='ocrx_word' id='word_1_150' title='bbox 1169 664 1222 694; x_wconf 86' lang='lat' dir='ltr'><strong>est,</strong></span> <span class='ocrx_word' id='word_1_151' title='bbox 1258 662 1399 696; x_wconf 71' lang='lat' dir='ltr'><strong>nutritaque</strong></span> <span class='ocrx_word' id='word_1_152' title='bbox 1415 662 1514 690; x_wconf 60' lang='lat' dir='ltr'><strong>animas</strong></span> <span class='ocrx_word' id='word_1_153' title='bbox 1549 662 1692 698; x_wconf 85' lang='lat' dir='ltr'><strong>profutura</strong></span> <span class='ocrx_word' id='word_1_154' title='bbox 1711 663 1869 698; x_wconf 88' lang='lat' dir='ltr'><strong>conrposuit</strong></span> 
     </span>
    </p>
   </div>
   <div class='ocr_carea' id='block_1_29' title="bbox 1076 710 1869 747">
    <p class='ocr_par' dir='ltr' id='par_1_29' title="bbox 1076 710 1869 747">
     <span class='ocr_line' id='line_1_29' title="bbox 1076 710 1869 747; baseline 0.006 -13"><span class='ocrx_word' id='word_1_155' title='bbox 1076 712 1264 743; x_wconf 76' lang='lat' dir='ltr'><strong>monumenta,</strong></span> <span class='ocrx_word' id='word_1_156' title='bbox 1278 713 1332 737; x_wconf 89' lang='lat' dir='ltr'><strong>tam</strong></span> <span class='ocrx_word' id='word_1_157' title='bbox 1346 710 1452 738; x_wconf 84' lang='lat' dir='ltr'><strong>scilicet</strong></span> <span class='ocrx_word' id='word_1_158' title='bbox 1469 710 1497 738; x_wconf 92' lang='lat' dir='ltr'><strong>in</strong></span> <span class='ocrx_word' id='word_1_159' title='bbox 1513 711 1665 738; x_wconf 85' lang='lat' dir='ltr'><strong>Exameron</strong></span> <span class='ocrx_word' id='word_1_160' title='bbox 1680 715 1708 738; x_wconf 90' lang='lat' dir='ltr'><strong>et</strong></span> <span class='ocrx_word' id='word_1_161' title='bbox 1718 712 1744 738; x_wconf 93' lang='lat' dir='ltr'><strong>itt</strong></span> <span class='ocrx_word' id='word_1_162' title='bbox 1760 719 1792 738; x_wconf 90' lang='lat' dir='ltr'><strong>ea</strong></span> <span class='ocrx_word' id='word_1_163' title='bbox 1808 719 1869 747; x_wconf 65' lang='lat' dir='ltr'><strong>quae</strong></span> 
     </span>
    </p>
   </div>
   <div class='ocr_carea' id='block_1_30' title="bbox 1077 753 1868 792">
    <p class='ocr_par' dir='ltr' id='par_1_30' title="bbox 1077 753 1868 792">
     <span class='ocr_line' id='line_1_30' title="bbox 1077 753 1868 792; baseline 0.005 -12"><span class='ocrx_word' id='word_1_164' title='bbox 1077 757 1137 788; x_wconf 86' lang='lat' dir='ltr'><strong>post</strong></span> <span class='ocrx_word' id='word_1_165' title='bbox 1148 753 1303 782; x_wconf 84' lang='lat' dir='ltr'><strong>Examer&#39;on</strong></span> <span class='ocrx_word' id='word_1_166' title='bbox 1316 761 1391 788; x_wconf 83' lang='lat' dir='ltr'><strong>sunt,</strong></span> <span class='ocrx_word' id='word_1_167' title='bbox 1410 756 1439 783; x_wconf 91' lang='lat' dir='ltr'><strong>in</strong></span> <span class='ocrx_word' id='word_1_168' title='bbox 1459 756 1543 783; x_wconf 88' lang='lat' dir='ltr'><strong>ntulta</strong></span> <span class='ocrx_word' id='word_1_169' title='bbox 1560 757 1642 784; x_wconf 78' lang='lat' dir='ltr'><strong>etiam</strong></span> <span class='ocrx_word' id='word_1_170' title='bbox 1668 757 1868 792; x_wconf 84' lang='lat' dir='ltr'><strong>prophetarum</strong></span> 
     </span>
    </p>
   </div>
   <div class='ocr_carea' id='block_1_31' title="bbox 1077 800 1867 838">
    <p class='ocr_par' dir='ltr' id='par_1_31' title="bbox 1077 800 1867 838">
     <span class='ocr_line' id='line_1_31' title="bbox 1077 800 1867 838; baseline 0.004 -11"><span class='ocrx_word' id='word_1_171' title='bbox 1077 806 1104 827; x_wconf 90' lang='lat' dir='ltr'><strong>et</strong></span> <span class='ocrx_word' id='word_1_172' title='bbox 1116 800 1234 829; x_wconf 80' lang='lat' dir='ltr'><strong>maxime</strong></span> <span class='ocrx_word' id='word_1_173' title='bbox 1244 801 1401 830; x_wconf 75' lang='lat' dir='ltr'><strong>Ezechielis</strong></span> <span class='ocrx_word' id='word_1_174' title='bbox 1416 806 1443 830; x_wconf 91' lang='lat' dir='ltr'><strong>et</strong></span> <span class='ocrx_word' id='word_1_175' title='bbox 1461 802 1582 830; x_wconf 86' lang='lat' dir='ltr'><strong>Danielis</strong></span> <span class='ocrx_word' id='word_1_176' title='bbox 1592 811 1600 836; x_wconf 86' lang='lat'><strong>;</strong></span> <span class='ocrx_word' id='word_1_177' title='bbox 1612 803 1678 838; x_wconf 91' lang='lat' dir='ltr'><strong>quin</strong></span> <span class='ocrx_word' id='word_1_178' title='bbox 1691 807 1718 830; x_wconf 85' lang='lat' dir='ltr'><strong>et</strong></span> <span class='ocrx_word' id='word_1_179' title='bbox 1731 803 1758 830; x_wconf 89' lang='lat' dir='ltr'><strong>in</strong></span> <span class='ocrx_word' id='word_1_180' title='bbox 1771 803 1867 831; x_wconf 73' lang='lat' dir='ltr'><strong>Canti~</strong></span> 
     </span>
    </p>
   </div>
   <div class='ocr_carea' id='block_1_32' title="bbox 1078 847 1869 877">
    <p class='ocr_par' dir='ltr' id='par_1_32' title="bbox 1078 847 1869 877">
     <span class='ocr_line' id='line_1_32' title="bbox 1078 847 1869 877; baseline 0.003 -3"><span class='ocrx_word' id='word_1_181' title='bbox 1078 854 1109 874; x_wconf 82' lang='lat' dir='ltr'><strong>ca</strong></span> <span class='ocrx_word' id='word_1_182' title='bbox 1127 847 1298 875; x_wconf 74' lang='lat' dir='ltr'><strong>canticorum</strong></span> <span class='ocrx_word' id='word_1_183' title='bbox 1309 852 1337 875; x_wconf 88' lang='lat' dir='ltr'><strong>et</strong></span> <span class='ocrx_word' id='word_1_184' title='bbox 1351 848 1377 876; x_wconf 89' lang='lat' dir='ltr'><strong>in</strong></span> <span class='ocrx_word' id='word_1_185' title='bbox 1394 848 1463 877; x_wconf 84' lang='lat' dir='ltr'><strong>alias</strong></span> <span class='ocrx_word' id='word_1_186' title='bbox 1480 849 1604 876; x_wconf 78' lang='lat' dir='ltr'><strong>ditersas</strong></span> <span class='ocrx_word' id='word_1_187' title='bbox 1620 853 1726 877; x_wconf 85' lang='lat' dir='ltr'><strong>veteres</strong></span> <span class='ocrx_word' id='word_1_188' title='bbox 1739 855 1766 877; x_wconf 90' lang='lat' dir='ltr'><strong>et</strong></span> <span class='ocrx_word' id='word_1_189' title='bbox 1781 857 1869 877; x_wconf 81' lang='lat' dir='ltr'><strong>novas</strong></span> 
     </span>
    </p>
   </div>
   <div class='ocr_carea' id='block_1_33' title="bbox 237 879 1868 931">
    <p class='ocr_par' dir='ltr' id='par_1_33' title="bbox 237 879 1868 931">
     <span class='ocr_line' id='line_1_33' title="bbox 237 879 1868 931; baseline 0 -9"><span class='ocrx_word' id='word_1_190' title='bbox 237 879 383 930; x_wconf 44' lang='lat' dir='ltr'><strong>D-iony&#39;sius</strong></span> <span class='ocrx_word' id='word_1_191' title='bbox 398 879 524 921; x_wconf 79' lang='lat' dir='ltr'><strong>Corinthi</strong></span> <span class='ocrx_word' id='word_1_192' title='bbox 548 894 704 928; x_wconf 84' lang='lat' dir='ltr'><strong>episcopus.</strong></span> <span class='ocrx_word' id='word_1_193' title='bbox 725 893 766 920; x_wconf 91' lang='lat' dir='ltr'><strong>vir</strong></span> <span class='ocrx_word' id='word_1_194' title='bbox 782 901 872 927; x_wconf 82' lang='lat' dir='ltr'><strong>sacer,</strong></span> <span class='ocrx_word' id='word_1_195' title='bbox 892 879 1060 929; x_wconf 27' lang='lat' dir='ltr'><strong>agnoschB</strong></span> <span class='ocrx_word' id='word_1_196' title='bbox 1077 892 1252 928; x_wconf 82' lang='lat' dir='ltr'><strong>Scripturas;</strong></span> <span class='ocrx_word' id='word_1_197' title='bbox 1279 894 1382 922; x_wconf 81' lang='lat' dir='ltr'><strong>interea</strong></span> <span class='ocrx_word' id='word_1_198' title='bbox 1398 894 1480 921; x_wconf 85' lang='lat' dir='ltr'><strong>etiam</strong></span> <span class='ocrx_word' id='word_1_199' title='bbox 1491 895 1518 922; x_wconf 94' lang='lat' dir='ltr'><strong>in</strong></span> <span class='ocrx_word' id='word_1_200' title='bbox 1534 895 1717 930; x_wconf 81' lang='lat' dir='ltr'><strong>Apocalypsin</strong></span> <span class='ocrx_word' id='word_1_201' title='bbox 1734 896 1868 931; x_wconf 74' lang='lat' dir='ltr'><strong>theologi,</strong></span> 
     </span>
    </p>
   </div>
   <div class='ocr_carea' id='block_1_34' title="bbox 236 939 1023 970">
    <p class='ocr_par' dir='ltr' id='par_1_34' title="bbox 236 939 1023 970">
     <span class='ocr_line' id='line_1_34' title="bbox 236 939 1023 970; baseline -0.003 -1"><span class='ocrx_word' id='word_1_202' title='bbox 236 942 325 970; x_wconf 85' lang='lat' dir='ltr'><strong>batur.</strong></span> <span class='ocrx_word' id='word_1_203' title='bbox 342 940 572 968; x_wconf 76' lang='lat' dir='ltr'><strong>&#39;Cltr&#39;rstianorum</strong></span> <span class='ocrx_word' id='word_1_204' title='bbox 589 940 762 968; x_wconf 86' lang='lat' dir='ltr'><strong>orationibus</strong></span> <span class='ocrx_word' id='word_1_205' title='bbox 786 939 929 968; x_wconf 83' lang='lat' dir='ltr'><strong>Rorn&#39;anus</strong></span> <span class='ocrx_word' id='word_1_206' title='bbox 944 948 1023 968; x_wconf 68' lang='lat' dir='ltr'><strong>exer—</strong></span> 
     </span>
    </p>
   </div>
   <div class='ocr_carea' id='block_1_35' title="bbox 233 985 1022 1022">
    <p class='ocr_par' dir='ltr' id='par_1_35' title="bbox 233 985 1022 1022">
     <span class='ocr_line' id='line_1_35' title="bbox 233 985 1022 1022; baseline -0.003 -7"><span class='ocrx_word' id='word_1_207' title='bbox 233 989 306 1016; x_wconf 88' lang='lat' dir='ltr'><strong>citus</strong></span> <span class='ocrx_word' id='word_1_208' title='bbox 319 986 392 1022; x_wconf 89' lang='lat' dir='ltr'><strong>apud</strong></span> <span class='ocrx_word' id='word_1_209' title='bbox 404 986 515 1019; x_wconf 85' lang='lat' dir='ltr'><strong>Quados</strong></span> <span class='ocrx_word' id='word_1_210' title='bbox 523 985 669 1020; x_wconf 72' lang='lat' dir='ltr'><strong>periturus</strong></span> <span class='ocrx_word' id='word_1_211' title='bbox 691 985 824 1013; x_wconf 82' lang='lat' dir='ltr'><strong>salvator.</strong></span> <span class='ocrx_word' id='word_1_212' title='bbox 851 986 1022 1021; x_wconf 88' lang='lat' dir='ltr'><strong>Theophilus</strong></span> 
     </span>
    </p>
   </div>
   <div class='ocr_carea' id='block_1_36' title="bbox 236 1031 1022 1066">
    <p class='ocr_par' dir='ltr' id='par_1_36' title="bbox 236 1031 1022 1066">
     <span class='ocr_line' id='line_1_36' title="bbox 236 1031 1022 1066; baseline -0.004 -6"><span class='ocrx_word' id='word_1_213' title='bbox 236 1031 451 1064; x_wconf 78' lang='lat' dir='ltr'><strong>Alexandrinus,</strong></span> <span class='ocrx_word' id='word_1_214' title='bbox 476 1031 556 1066; x_wconf 80' lang='lat' dir='ltr'><strong>cujus</strong></span> <span class='ocrx_word' id='word_1_215' title='bbox 569 1031 725 1065; x_wconf 81' lang='lat' dir='ltr'><strong>conscripta</strong></span> <span class='ocrx_word' id='word_1_216' title='bbox 746 1035 810 1058; x_wconf 88' lang='lat' dir='ltr'><strong>sunt</strong></span> <span class='ocrx_word' id='word_1_217' title='bbox 839 1035 866 1058; x_wconf 88' lang='lat' dir='ltr'><strong>et</strong></span> <span class='ocrx_word' id='word_1_218' title='bbox 884 1031 1022 1063; x_wconf 86' lang='lat' dir='ltr'><strong>feruntur,</strong></span> 
     </span>
    </p>
   </div>
   <div class='ocr_carea' id='block_1_37' title="bbox 235 1076 1023 1112">
    <p class='ocr_par' dir='ltr' id='par_1_37' title="bbox 235 1076 1023 1112">
     <span class='ocr_line' id='line_1_37' title="bbox 235 1076 1023 1112; baseline -0.004 -6"><span class='ocrx_word' id='word_1_219' title='bbox 235 1085 342 1106; x_wconf 89' lang='lat' dir='ltr'><strong>necnon</strong></span> <span class='ocrx_word' id='word_1_220' title='bbox 359 1081 386 1105; x_wconf 91' lang='lat' dir='ltr'><strong>et</strong></span> <span class='ocrx_word' id='word_1_221' title='bbox 401 1077 573 1104; x_wconf 84' lang='lat' dir='ltr'><strong>llcrodianus</strong></span> <span class='ocrx_word' id='word_1_222' title='bbox 590 1076 794 1104; x_wconf 86' lang='lat' dir='ltr'><strong>Grammaticus</strong></span> <span class='ocrx_word' id='word_1_223' title='bbox 818 1077 940 1112; x_wconf 90' lang='lat' dir='ltr'><strong>optimus</strong></span> <span class='ocrx_word' id='word_1_224' title='bbox 965 1077 1023 1112; x_wconf 85' lang='lat' dir='ltr'><strong>pol-</strong></span> 
     </span>
    </p>
   </div>
   <div class='ocr_carea' id='block_1_38' title="bbox 236 1123 1023 1159">
    <p class='ocr_par' dir='ltr' id='par_1_38' title="bbox 236 1123 1023 1159">
     <span class='ocr_line' id='line_1_38' title="bbox 236 1123 1023 1159; baseline -0.001 -7"><span class='ocrx_word' id='word_1_225' title='bbox 236 1124 346 1157; x_wconf 81' lang='lat' dir='ltr'><strong>lebant,</strong></span> <span class='ocrx_word' id='word_1_226' title='bbox 374 1124 664 1159; x_wconf 74' lang='lat' dir='ltr'><strong>Cataphrygarumque</strong></span> <span class='ocrx_word' id='word_1_227' title='bbox 689 1123 937 1159; x_wconf 74' lang='lat' dir='ltr'><strong>pseudoprophetis</strong></span> <span class='ocrx_word' id='word_1_228' title='bbox 964 1129 1023 1151; x_wconf 86' lang='lat' dir='ltr'><strong>orta</strong></span> 
     </span>
    </p>
   </div>
   <div class='ocr_carea' id='block_1_39' title="bbox 235 1176 287 1200">
    <p class='ocr_par' dir='ltr' id='par_1_39' title="bbox 235 1176 287 1200">
     <span class='ocr_line' id='line_1_39' title="bbox 235 1176 287 1200; baseline -0.019 -1"><span class='ocrx_word' id='word_1_229' title='bbox 235 1176 287 1200; x_wconf 88' lang='lat' dir='ltr'><strong>est.</strong></span> 
     </span>
    </p>
   </div>
   <div class='ocr_carea' id='block_1_40' title="bbox 270 1216 1024 1249">
    <p class='ocr_par' dir='ltr' id='par_1_40' title="bbox 270 1216 1024 1249">
     <span class='ocr_line' id='line_1_40' title="bbox 270 1216 1024 1249; baseline -0.005 -3"><span class='ocrx_word' id='word_1_230' title='bbox 270 1218 362 1246; x_wconf 81' lang='lat' dir='ltr'><strong>Mundi</strong></span> <span class='ocrx_word' id='word_1_231' title='bbox 389 1225 461 1245; x_wconf 90' lang='lat' dir='ltr'><strong>anno</strong></span> <span class='ocrx_word' id='word_1_232' title='bbox 477 1217 565 1249; x_wconf 77' lang='lat'><strong>5665,</strong></span> <span class='ocrx_word' id='word_1_233' title='bbox 596 1217 695 1244; x_wconf 74' lang='lat' dir='ltr'><strong>divina:</strong></span> <span class='ocrx_word' id='word_1_234' title='bbox 726 1216 926 1243; x_wconf 67' lang='lat' dir='ltr'><strong>incarnationis</strong></span> <span class='ocrx_word' id='word_1_235' title='bbox 952 1224 1024 1242; x_wconf 83' lang='lat' dir='ltr'><strong>anno</strong></span> 
     </span>
    </p>
   </div>
   <div class='ocr_carea' id='block_1_41' title="bbox 235 1261 1025 1298">
    <p class='ocr_par' dir='ltr' id='par_1_41' title="bbox 235 1261 1025 1298">
     <span class='ocr_line' id='line_1_41' title="bbox 235 1261 1025 1298; baseline -0.003 -7"><span class='ocrx_word' id='word_1_236' title='bbox 235 1264 298 1296; x_wconf 69' lang='grc'><strong>165,</strong></span> <span class='ocrx_word' id='word_1_237' title='bbox 325 1261 362 1293; x_wconf 82' lang='grc' dir='ltr'><strong>Μ.</strong></span> <span class='ocrx_word' id='word_1_238' title='bbox 383 1263 494 1290; x_wconf 88' lang='lat' dir='ltr'><strong>Attrelio</strong></span> <span class='ocrx_word' id='word_1_239' title='bbox 505 1263 644 1290; x_wconf 84' lang='lat' dir='ltr'><strong>Antonino</strong></span> <span class='ocrx_word' id='word_1_240' title='bbox 658 1263 808 1298; x_wconf 86' lang='lat' dir='ltr'><strong>imperante</strong></span> <span class='ocrx_word' id='word_1_241' title='bbox 837 1262 978 1289; x_wconf 79' lang='lat' dir='ltr'><strong>Sotericus</strong></span> <span class='ocrx_word' id='word_1_242' title='bbox 999 1266 1025 1289; x_wconf 88' lang='lat' dir='ltr'><strong>et</strong></span> 
     </span>
    </p>
   </div>
   <div class='ocr_carea' id='block_1_42' title="bbox 237 1308 1024 1343">
    <p class='ocr_par' dir='ltr' id='par_1_42' title="bbox 237 1308 1024 1343">
     <span class='ocr_line' id='line_1_42' title="bbox 237 1308 1024 1343; baseline -0.001 -6"><span class='ocrx_word' id='word_1_243' title='bbox 237 1310 365 1338; x_wconf 83' lang='lat' dir='ltr'><strong>Eleuther</strong></span> <span class='ocrx_word' id='word_1_244' title='bbox 381 1309 510 1336; x_wconf 71' lang='lat' dir='ltr'><strong>Romana&quot;</strong></span> <span class='ocrx_word' id='word_1_245' title='bbox 526 1313 647 1343; x_wconf 63' lang='lat' dir='ltr'><strong>praesunt</strong></span> <span class='ocrx_word' id='word_1_246' title='bbox 665 1309 805 1336; x_wconf 54' lang='lat' dir='ltr'><strong>Ecclesiae.</strong></span> <span class='ocrx_word' id='word_1_247' title='bbox 825 1308 954 1336; x_wconf 87' lang='lat' dir='ltr'><strong>Galicnus</strong></span> <span class='ocrx_word' id='word_1_248' title='bbox 974 1317 1024 1343; x_wconf 86' lang='lat' dir='ltr'><strong>op-</strong></span> 
     </span>
    </p>
   </div>
   <div class='ocr_carea' id='block_1_43' title="bbox 236 1354 1023 1390">
    <p class='ocr_par' dir='ltr' id='par_1_43' title="bbox 236 1354 1023 1390">
     <span class='ocr_line' id='line_1_43' title="bbox 236 1354 1023 1390; baseline -0.001 -7"><span class='ocrx_word' id='word_1_249' title='bbox 236 1357 320 1384; x_wconf 91' lang='lat' dir='ltr'><strong>timtts</strong></span> <span class='ocrx_word' id='word_1_250' title='bbox 338 1356 461 1383; x_wconf 74' lang='lat' dir='ltr'><strong>medicus</strong></span> <span class='ocrx_word' id='word_1_251' title='bbox 477 1356 606 1390; x_wconf 86' lang='lat' dir='ltr'><strong>pollebat,</strong></span> <span class='ocrx_word' id='word_1_252' title='bbox 623 1363 723 1390; x_wconf 79' lang='lat' dir='ltr'><strong>genere</strong></span> <span class='ocrx_word' id='word_1_253' title='bbox 744 1354 941 1390; x_wconf 78' lang='lat' dir='ltr'><strong>Pergamenus.</strong></span> <span class='ocrx_word' id='word_1_254' title='bbox 972 1354 1023 1382; x_wconf 83' lang='lat' dir='ltr'><strong>Ju-</strong></span> 
     </span>
    </p>
   </div>
   <div class='ocr_carea' id='block_1_44' title="bbox 236 1400 1024 1437">
    <p class='ocr_par' dir='ltr' id='par_1_44' title="bbox 236 1400 1024 1437">
     <span class='ocr_line' id='line_1_44' title="bbox 236 1400 1024 1437; baseline -0.003 -7"><span class='ocrx_word' id='word_1_255' title='bbox 236 1403 326 1430; x_wconf 86' lang='lat' dir='ltr'><strong>lianus</strong></span> <span class='ocrx_word' id='word_1_256' title='bbox 342 1402 433 1429; x_wconf 71' lang='lat' dir='ltr'><strong>Itonia:</strong></span> <span class='ocrx_word' id='word_1_257' title='bbox 449 1402 522 1437; x_wconf 78' lang='lat' dir='ltr'><strong>leges</strong></span> <span class='ocrx_word' id='word_1_258' title='bbox 538 1401 693 1436; x_wconf 78' lang='lat' dir='ltr'><strong>proruebat,</strong></span> <span class='ocrx_word' id='word_1_259' title='bbox 721 1400 824 1428; x_wconf 84' lang='lat' dir='ltr'><strong>Fronto</strong></span> <span class='ocrx_word' id='word_1_260' title='bbox 843 1402 947 1434; x_wconf 81' lang='lat' dir='ltr'><strong>rhetor,</strong></span> <span class='ocrx_word' id='word_1_261' title='bbox 960 1401 1024 1428; x_wconf 89' lang='lat' dir='ltr'><strong>Ari-</strong></span> 
     </span>
    </p>
   </div>
   <div class='ocr_carea' id='block_1_45' title="bbox 236 1445 1026 1483">
    <p class='ocr_par' dir='ltr' id='par_1_45' title="bbox 236 1445 1026 1483">
     <span class='ocr_line' id='line_1_45' title="bbox 236 1445 1026 1483; baseline -0.004 -7"><span class='ocrx_word' id='word_1_262' title='bbox 236 1449 320 1476; x_wconf 85' lang='lat' dir='ltr'><strong>stides</strong></span> <span class='ocrx_word' id='word_1_263' title='bbox 341 1447 496 1483; x_wconf 68' lang='lat' dir='ltr'><strong>Srnyrntetts</strong></span> <span class='ocrx_word' id='word_1_264' title='bbox 527 1447 660 1482; x_wconf 80' lang='lat' dir='ltr'><strong>sophista.</strong></span> <span class='ocrx_word' id='word_1_265' title='bbox 678 1445 819 1481; x_wconf 84' lang='lat' dir='ltr'><strong>Oppianus</strong></span> <span class='ocrx_word' id='word_1_266' title='bbox 845 1451 934 1481; x_wconf 85' lang='lat' dir='ltr'><strong>poeta,</strong></span> <span class='ocrx_word' id='word_1_267' title='bbox 955 1446 1026 1473; x_wconf 86' lang='lat' dir='ltr'><strong>Atti-</strong></span> 
     </span>
    </p>
   </div>
   <div class='ocr_carea' id='block_1_46' title="bbox 236 1492 1024 1528">
    <p class='ocr_par' dir='ltr' id='par_1_46' title="bbox 236 1492 1024 1528">
     <span class='ocr_line' id='line_1_46' title="bbox 236 1492 1024 1528; baseline -0.005 -6"><span class='ocrx_word' id='word_1_268' title='bbox 236 1501 286 1522; x_wconf 89' lang='lat' dir='ltr'><strong>cus</strong></span> <span class='ocrx_word' id='word_1_269' title='bbox 309 1493 468 1520; x_wconf 80' lang='lat' dir='ltr'><strong>Platonicus</strong></span> <span class='ocrx_word' id='word_1_270' title='bbox 497 1493 678 1528; x_wconf 90' lang='lat' dir='ltr'><strong>philosophus</strong></span> <span class='ocrx_word' id='word_1_271' title='bbox 707 1496 798 1519; x_wconf 91' lang='lat' dir='ltr'><strong>erant.</strong></span> <span class='ocrx_word' id='word_1_272' title='bbox 811 1492 969 1520; x_wconf 85' lang='lat' dir='ltr'><strong>Antoninus</strong></span> <span class='ocrx_word' id='word_1_273' title='bbox 996 1495 1024 1519; x_wconf 85' lang='lat' dir='ltr'><strong>et</strong></span> 
     </span>
    </p>
   </div>
   <div class='ocr_carea' id='block_1_47' title="bbox 1074 938 1870 973">
    <p class='ocr_par' dir='ltr' id='par_1_47' title="bbox 1074 938 1870 973">
     <span class='ocr_line' id='line_1_47' title="bbox 1074 938 1870 973; baseline 0.005 -8"><span class='ocrx_word' id='word_1_274' title='bbox 1074 945 1156 973; x_wconf 86' lang='lat' dir='ltr'><strong>quam</strong></span> <span class='ocrx_word' id='word_1_275' title='bbox 1178 939 1204 966; x_wconf 95' lang='lat' dir='ltr'><strong>in</strong></span> <span class='ocrx_word' id='word_1_276' title='bbox 1219 938 1313 967; x_wconf 81' lang='lat' dir='ltr'><strong>Patmo</strong></span> <span class='ocrx_word' id='word_1_277' title='bbox 1329 939 1409 967; x_wconf 87' lang='lat' dir='ltr'><strong>vidit.</strong></span> <span class='ocrx_word' id='word_1_278' title='bbox 1429 939 1463 967; x_wconf 89' lang='lat' dir='ltr'><strong>Et</strong></span> <span class='ocrx_word' id='word_1_279' title='bbox 1477 945 1574 968; x_wconf 78' lang='lat' dir='ltr'><strong>contra</strong></span> <span class='ocrx_word' id='word_1_280' title='bbox 1590 940 1757 968; x_wconf 79' lang='lat' dir='ltr'><strong>Marcionem</strong></span> <span class='ocrx_word' id='word_1_281' title='bbox 1770 946 1797 969; x_wconf 84' lang='lat' dir='ltr'><strong>et</strong></span> <span class='ocrx_word' id='word_1_282' title='bbox 1816 950 1870 969; x_wconf 72' lang='lat' dir='ltr'><strong>cat-</strong></span> 
     </span>
    </p>
   </div>
   <div class='ocr_carea' id='block_1_48' title="bbox 1074 984 1869 1021">
    <p class='ocr_par' dir='ltr' id='par_1_48' title="bbox 1074 984 1869 1021">
     <span class='ocr_line' id='line_1_48' title="bbox 1074 984 1869 1021; baseline 0.005 -11"><span class='ocrx_word' id='word_1_283' title='bbox 1074 988 1146 1011; x_wconf 89' lang='lat' dir='ltr'><strong>teras</strong></span> <span class='ocrx_word' id='word_1_284' title='bbox 1167 984 1285 1013; x_wconf 80' lang='lat' dir='ltr'><strong>haereses</strong></span> <span class='ocrx_word' id='word_1_285' title='bbox 1313 986 1435 1021; x_wconf 81' lang='lat' dir='ltr'><strong>scripsit,</strong></span> <span class='ocrx_word' id='word_1_286' title='bbox 1451 990 1479 1014; x_wconf 92' lang='lat' dir='ltr'><strong>et</strong></span> <span class='ocrx_word' id='word_1_287' title='bbox 1495 986 1528 1014; x_wconf 88' lang='lat' dir='ltr'><strong>de</strong></span> <span class='ocrx_word' id='word_1_288' title='bbox 1541 986 1575 1014; x_wconf 79' lang='grc'>16</span> <span class='ocrx_word' id='word_1_289' title='bbox 1596 995 1732 1015; x_wconf 82' lang='lat' dir='ltr'><strong>annorum</strong></span> <span class='ocrx_word' id='word_1_290' title='bbox 1750 989 1869 1018; x_wconf 76' lang='lat' dir='ltr'><strong>circulo.</strong></span> 
     </span>
    </p>
   </div>
   <div class='ocr_carea' id='block_1_49' title="bbox 1074 1031 1869 1069">
    <p class='ocr_par' dir='ltr' id='par_1_49' title="bbox 1074 1031 1869 1069">
     <span class='ocr_line' id='line_1_49' title="bbox 1074 1031 1869 1069; baseline 0.006 -12"><span class='ocrx_word' id='word_1_291' title='bbox 1074 1031 1119 1065; x_wconf 91' lang='lat' dir='ltr'><strong>qui</strong></span> <span class='ocrx_word' id='word_1_292' title='bbox 1139 1031 1166 1058; x_wconf 93' lang='lat' dir='ltr'><strong>in</strong></span> <span class='ocrx_word' id='word_1_293' title='bbox 1183 1031 1296 1059; x_wconf 68' lang='lat' dir='ltr'><strong>l’ascltze</strong></span> <span class='ocrx_word' id='word_1_294' title='bbox 1326 1033 1432 1060; x_wconf 84' lang='lat' dir='ltr'><strong>ratione</strong></span> <span class='ocrx_word' id='word_1_295' title='bbox 1457 1033 1599 1061; x_wconf 83' lang='lat' dir='ltr'><strong>observari</strong></span> <span class='ocrx_word' id='word_1_296' title='bbox 1628 1035 1708 1066; x_wconf 76' lang='lat' dir='ltr'><strong>solet,</strong></span> <span class='ocrx_word' id='word_1_297' title='bbox 1739 1036 1869 1069; x_wconf 86' lang='lat' dir='ltr'><strong>exposuit</strong></span> 
     </span>
    </p>
   </div>
   <div class='ocr_carea' id='block_1_50' title="bbox 1074 1079 1868 1114">
    <p class='ocr_par' dir='ltr' id='par_1_50' title="bbox 1074 1079 1868 1114">
     <span class='ocr_line' id='line_1_50' title="bbox 1074 1079 1868 1114; baseline 0.008 -11"><span class='ocrx_word' id='word_1_298' title='bbox 1074 1084 1218 1109; x_wconf 80' lang='lat' dir='ltr'><strong>canortern,</strong></span> <span class='ocrx_word' id='word_1_299' title='bbox 1240 1086 1321 1112; x_wconf 85' lang='lat' dir='ltr'><strong>quem</strong></span> <span class='ocrx_word' id='word_1_300' title='bbox 1352 1079 1422 1105; x_wconf 84' lang='lat' dir='ltr'><strong>intra</strong></span> <span class='ocrx_word' id='word_1_301' title='bbox 1454 1080 1573 1114; x_wconf 87' lang='lat' dir='ltr'><strong>pritrtunt</strong></span> <span class='ocrx_word' id='word_1_302' title='bbox 1595 1088 1698 1108; x_wconf 84' lang='lat' dir='ltr'><strong>annum</strong></span> <span class='ocrx_word' id='word_1_303' title='bbox 1726 1081 1868 1109; x_wconf 64' lang='lat' dir='ltr'><strong>concludt</strong></span> 
     </span>
    </p>
   </div>
   <div class='ocr_carea' id='block_1_51' title="bbox 1075 1123 1866 1161">
    <p class='ocr_par' dir='ltr' id='par_1_51' title="bbox 1075 1123 1866 1161">
     <span class='ocr_line' id='line_1_51' title="bbox 1075 1123 1866 1161; baseline 0.008 -12"><span class='ocrx_word' id='word_1_304' title='bbox 1075 1123 1223 1150; x_wconf 71' lang='lat' dir='ltr'><strong>Alexandri</strong></span> <span class='ocrx_word' id='word_1_305' title='bbox 1238 1124 1357 1151; x_wconf 57' lang='lat' dir='ltr'><strong>Mammas</strong></span> <span class='ocrx_word' id='word_1_306' title='bbox 1370 1125 1428 1152; x_wconf 87' lang='lat' dir='ltr'><strong>lilii.</strong></span> <span class='ocrx_word' id='word_1_307' title='bbox 1445 1124 1477 1152; x_wconf 81' lang='lat' dir='ltr'><strong>Et</strong></span> <span class='ocrx_word' id='word_1_308' title='bbox 1493 1129 1522 1152; x_wconf 85' lang='lat' dir='ltr'><strong>ut</strong></span> <span class='ocrx_word' id='word_1_309' title='bbox 1534 1127 1727 1161; x_wconf 86' lang='lat' dir='ltr'><strong>compendiose</strong></span> <span class='ocrx_word' id='word_1_310' title='bbox 1745 1128 1866 1159; x_wconf 79' lang='lat' dir='ltr'><strong>dicatur.</strong></span> 
     </span>
    </p>
   </div>
   <div class='ocr_carea' id='block_1_52' title="bbox 1074 1167 1870 1205">
    <p class='ocr_par' dir='ltr' id='par_1_52' title="bbox 1074 1167 1870 1205">
     <span class='ocr_line' id='line_1_52' title="bbox 1074 1167 1870 1205; baseline 0.009 -9"><span class='ocrx_word' id='word_1_311' title='bbox 1074 1167 1261 1205; x_wconf 82' lang='lat' dir='ltr'><strong>Theophrates</strong></span> <span class='ocrx_word' id='word_1_312' title='bbox 1272 1171 1295 1202; x_wconf 87' lang='lat' dir='ltr'><strong>(l</strong></span> <span class='ocrx_word' id='word_1_313' title='bbox 1303 1171 1416 1203; x_wconf 75' lang='lat' dir='ltr'><strong>)tiuvius</strong></span> <span class='ocrx_word' id='word_1_314' title='bbox 1434 1172 1562 1201; x_wconf 65' lang='lat' dir='ltr'><strong>Ecclesia:</strong></span> <span class='ocrx_word' id='word_1_315' title='bbox 1577 1174 1698 1201; x_wconf 81' lang='lat' dir='ltr'><strong>vivorum</strong></span> <span class='ocrx_word' id='word_1_316' title='bbox 1708 1174 1870 1203; x_wconf 70' lang='lat' dir='ltr'><strong>effectusest</strong></span> 
     </span>
    </p>
   </div>
   <div class='ocr_carea' id='block_1_53' title="bbox 1075 1214 1866 1254">
    <p class='ocr_par' dir='ltr' id='par_1_53' title="bbox 1075 1214 1866 1254">
     <span class='ocr_line' id='line_1_53' title="bbox 1075 1214 1866 1254; baseline 0.009 -13"><span class='ocrx_word' id='word_1_317' title='bbox 1075 1214 1250 1248; x_wconf 82' lang='lat' dir='ltr'><strong>ﬂuentorum,</strong></span> <span class='ocrx_word' id='word_1_318' title='bbox 1262 1217 1295 1243; x_wconf 87' lang='lat' dir='ltr'><strong>ad</strong></span> <span class='ocrx_word' id='word_1_319' title='bbox 1307 1221 1460 1245; x_wconf 86' lang='lat' dir='ltr'><strong>extremum</strong></span> <span class='ocrx_word' id='word_1_320' title='bbox 1472 1219 1595 1254; x_wconf 80' lang='lat' dir='ltr'><strong>martyrii</strong></span> <span class='ocrx_word' id='word_1_321' title='bbox 1604 1227 1734 1247; x_wconf 89' lang='lat' dir='ltr'><strong>coronant</strong></span> <span class='ocrx_word' id='word_1_322' title='bbox 1744 1221 1866 1248; x_wconf 87' lang='lat' dir='ltr'><strong>indutus.</strong></span> 
     </span>
    </p>
   </div>
   <div class='ocr_carea' id='block_1_54' title="bbox 1076 1257 1869 1300">
    <p class='ocr_par' dir='ltr' id='par_1_54' title="bbox 1076 1257 1869 1300">
     <span class='ocr_line' id='line_1_54' title="bbox 1076 1257 1869 1300; baseline 0.008 -12"><span class='ocrx_word' id='word_1_323' title='bbox 1076 1261 1115 1288; x_wconf 87' lang='lat' dir='ltr'><strong>Ex</strong></span> <span class='ocrx_word' id='word_1_324' title='bbox 1134 1257 1186 1289; x_wconf 91' lang='lat' dir='ltr'><strong>hoc</strong></span> <span class='ocrx_word' id='word_1_325' title='bbox 1200 1263 1282 1290; x_wconf 91' lang='lat' dir='ltr'><strong>etiam</strong></span> <span class='ocrx_word' id='word_1_326' title='bbox 1309 1263 1404 1290; x_wconf 81' lang='lat' dir='ltr'><strong>infelix</strong></span> <span class='ocrx_word' id='word_1_327' title='bbox 1416 1263 1554 1300; x_wconf 75' lang='lat' dir='ltr'><strong>Origenes</strong></span> <span class='ocrx_word' id='word_1_328' title='bbox 1570 1266 1764 1294; x_wconf 80' lang='lat' dir='ltr'><strong>conscribendi</strong></span> <span class='ocrx_word' id='word_1_329' title='bbox 1789 1275 1869 1294; x_wconf 83' lang='lat' dir='ltr'><strong>corrr-</strong></span> 
     </span>
    </p>
   </div>
   <div class='ocr_carea' id='block_1_55' title="bbox 1075 1309 1868 1348">
    <p class='ocr_par' dir='ltr' id='par_1_55' title="bbox 1075 1309 1868 1348">
     <span class='ocr_line' id='line_1_55' title="bbox 1075 1309 1868 1348; baseline 0.008 -14"><span class='ocrx_word' id='word_1_330' title='bbox 1075 1309 1225 1336; x_wconf 88' lang='lat' dir='ltr'><strong>nterrtarios</strong></span> <span class='ocrx_word' id='word_1_331' title='bbox 1247 1310 1274 1336; x_wconf 92' lang='lat' dir='ltr'><strong>in</strong></span> <span class='ocrx_word' id='word_1_332' title='bbox 1290 1309 1448 1344; x_wconf 85' lang='lat' dir='ltr'><strong>Scriptttras</strong></span> <span class='ocrx_word' id='word_1_333' title='bbox 1463 1316 1573 1338; x_wconf 88' lang='lat' dir='ltr'><strong>sanctas</strong></span> <span class='ocrx_word' id='word_1_334' title='bbox 1601 1311 1721 1339; x_wconf 82' lang='lat' dir='ltr'><strong>fotttitent</strong></span> <span class='ocrx_word' id='word_1_335' title='bbox 1740 1314 1868 1348; x_wconf 66' lang='lat' dir='ltr'><strong>sumpsit.</strong></span> 
     </span>
    </p>
   </div>
   <div class='ocr_carea' id='block_1_56' title="bbox 1077 1355 1869 1394">
    <p class='ocr_par' dir='ltr' id='par_1_56' title="bbox 1077 1355 1869 1394">
     <span class='ocr_line' id='line_1_56' title="bbox 1077 1355 1869 1394; baseline 0.006 -12"><span class='ocrx_word' id='word_1_336' title='bbox 1077 1355 1208 1383; x_wconf 77' lang='lat' dir='ltr'><strong>incitante</strong></span> <span class='ocrx_word' id='word_1_337' title='bbox 1222 1363 1252 1383; x_wconf 87' lang='lat' dir='ltr'><strong>se</strong></span> <span class='ocrx_word' id='word_1_338' title='bbox 1268 1355 1426 1388; x_wconf 82' lang='lat' dir='ltr'><strong>Ambrosio,</strong></span> <span class='ocrx_word' id='word_1_339' title='bbox 1440 1361 1467 1384; x_wconf 84' lang='lat' dir='ltr'><strong>et</strong></span> <span class='ocrx_word' id='word_1_340' title='bbox 1479 1357 1592 1390; x_wconf 68' lang='lat' dir='ltr'><strong>affatim.</strong></span> <span class='ocrx_word' id='word_1_341' title='bbox 1609 1366 1670 1392; x_wconf 62' lang='lat' dir='ltr'><strong>quae</strong></span> <span class='ocrx_word' id='word_1_342' title='bbox 1688 1358 1714 1386; x_wconf 92' lang='lat' dir='ltr'><strong>in</strong></span> <span class='ocrx_word' id='word_1_343' title='bbox 1731 1359 1783 1386; x_wconf 91' lang='lat' dir='ltr'><strong>hoc</strong></span> <span class='ocrx_word' id='word_1_344' title='bbox 1797 1368 1869 1394; x_wconf 87' lang='lat' dir='ltr'><strong>opus</strong></span> 
     </span>
    </p>
   </div>
   <div class='ocr_carea' id='block_1_57' title="bbox 1076 1403 1868 1440">
    <p class='ocr_par' dir='ltr' id='par_1_57' title="bbox 1076 1403 1868 1440">
     <span class='ocr_line' id='line_1_57' title="bbox 1076 1403 1868 1440; baseline 0.004 -11"><span class='ocrx_word' id='word_1_345' title='bbox 1076 1407 1170 1429; x_wconf 83' lang='lat' dir='ltr'><strong>essent</strong></span> <span class='ocrx_word' id='word_1_346' title='bbox 1194 1403 1364 1435; x_wconf 78' lang='lat' dir='ltr'><strong>necessaria,</strong></span> <span class='ocrx_word' id='word_1_347' title='bbox 1377 1403 1520 1438; x_wconf 73' lang='lat' dir='ltr'><strong>largiente.</strong></span> <span class='ocrx_word' id='word_1_348' title='bbox 1555 1403 1677 1439; x_wconf 86' lang='lat' dir='ltr'><strong>Denique</strong></span> <span class='ocrx_word' id='word_1_349' title='bbox 1693 1410 1798 1440; x_wconf 82' lang='lat' dir='ltr'><strong>septem</strong></span> <span class='ocrx_word' id='word_1_350' title='bbox 1814 1413 1868 1432; x_wconf 60' lang='lat' dir='ltr'><strong>nov</strong></span> 
     </span>
    </p>
   </div>
   <div class='ocr_carea' id='block_1_58' title="bbox 1077 1448 1913 1485">
    <p class='ocr_par' dir='ltr' id='par_1_58' title="bbox 1077 1448 1913 1485">
     <span class='ocr_line' id='line_1_58' title="bbox 1077 1448 1913 1485; baseline 0.004 -10"><span class='ocrx_word' id='word_1_351' title='bbox 1077 1450 1163 1476; x_wconf 85' lang='lat' dir='ltr'><strong>tarios</strong></span> <span class='ocrx_word' id='word_1_352' title='bbox 1180 1449 1309 1476; x_wconf 80' lang='lat' dir='ltr'><strong>velociter</strong></span> <span class='ocrx_word' id='word_1_353' title='bbox 1326 1454 1353 1477; x_wconf 85' lang='lat' dir='ltr'><strong>et</strong></span> <span class='ocrx_word' id='word_1_354' title='bbox 1366 1451 1470 1485; x_wconf 87' lang='lat' dir='ltr'><strong>optime</strong></span> <span class='ocrx_word' id='word_1_355' title='bbox 1490 1450 1644 1478; x_wconf 80' lang='lat' dir='ltr'><strong>scribentes</strong></span> <span class='ocrx_word' id='word_1_356' title='bbox 1667 1451 1803 1483; x_wconf 84' lang='lat' dir='ltr'><strong>adhibuit,</strong></span> <span class='ocrx_word' id='word_1_357' title='bbox 1819 1451 1867 1480; x_wconf 67' lang='lat' dir='ltr'><strong>Sed</strong></span> <span class='ocrx_word' id='word_1_358' title='bbox 1907 1448 1913 1454; x_wconf 80' lang='grc'><em>’</em></span> 
     </span>
    </p>
   </div>
   <div class='ocr_carea' id='block_1_59' title="bbox 1076 1495 1869 1529">
    <p class='ocr_par' dir='ltr' id='par_1_59' title="bbox 1076 1495 1869 1529">
     <span class='ocr_line' id='line_1_59' title="bbox 1076 1495 1869 1529; baseline 0.004 -8"><span class='ocrx_word' id='word_1_359' title='bbox 1076 1498 1103 1522; x_wconf 90' lang='lat' dir='ltr'><strong>et</strong></span> <span class='ocrx_word' id='word_1_360' title='bbox 1128 1495 1236 1529; x_wconf 80' lang='lat' dir='ltr'><strong>puellas</strong></span> <span class='ocrx_word' id='word_1_361' title='bbox 1261 1495 1396 1523; x_wconf 84' lang='lat' dir='ltr'><strong>scribendi</strong></span> <span class='ocrx_word' id='word_1_362' title='bbox 1418 1502 1476 1523; x_wconf 79' lang='lat' dir='ltr'><strong>arte</strong></span> <span class='ocrx_word' id='word_1_363' title='bbox 1491 1495 1668 1524; x_wconf 72' lang='lat' dir='ltr'><strong>doctissitttas</strong></span> <span class='ocrx_word' id='word_1_364' title='bbox 1693 1497 1727 1524; x_wconf 87' lang='lat' dir='ltr'><strong>ad</strong></span> <span class='ocrx_word' id='word_1_365' title='bbox 1756 1497 1869 1524; x_wconf 84' lang='lat' dir='ltr'><strong>inenar-</strong></span> 
     </span>
    </p>
   </div>
   <div class='ocr_carea' id='block_1_60' title="bbox 235 1537 1868 1577">
    <p class='ocr_par' dir='ltr' id='par_1_60' title="bbox 235 1537 1868 1577">
     <span class='ocr_line' id='line_1_60' title="bbox 235 1537 1868 1577; baseline 0.003 -11"><span class='ocrx_word' id='word_1_366' title='bbox 235 1539 403 1567; x_wconf 89' lang='lat' dir='ltr'><strong>Commodus</strong></span> <span class='ocrx_word' id='word_1_367' title='bbox 423 1539 496 1573; x_wconf 75' lang='lat' dir='ltr'><strong>leges</strong></span> <span class='ocrx_word' id='word_1_368' title='bbox 511 1542 536 1565; x_wconf 85' lang='lat' dir='ltr'><strong>et</strong></span> <span class='ocrx_word' id='word_1_369' title='bbox 549 1538 759 1565; x_wconf 83' lang='lat' dir='ltr'><strong>constitutiones</strong></span> <span class='ocrx_word' id='word_1_370' title='bbox 769 1537 839 1565; x_wconf 83' lang='lat' dir='ltr'><strong>bene</strong></span> <span class='ocrx_word' id='word_1_371' title='bbox 849 1538 1025 1565; x_wconf 89' lang='lat' dir='ltr'><strong>consideratt-</strong></span> <span class='ocrx_word' id='word_1_372' title='bbox 1040 1549 1061 1577; x_wconf 70' lang='grc' dir='ltr'>ο</span> <span class='ocrx_word' id='word_1_373' title='bbox 1077 1540 1192 1567; x_wconf 80' lang='lat' dir='ltr'><strong>rabilem</strong></span> <span class='ocrx_word' id='word_1_374' title='bbox 1210 1541 1234 1568; x_wconf 89' lang='lat' dir='ltr'><strong>ei</strong></span> <span class='ocrx_word' id='word_1_375' title='bbox 1256 1542 1439 1576; x_wconf 69' lang='lat' dir='ltr'><strong>praestandam</strong></span> <span class='ocrx_word' id='word_1_376' title='bbox 1467 1543 1636 1570; x_wconf 85' lang='lat' dir='ltr'><strong>alacritatem</strong></span> <span class='ocrx_word' id='word_1_377' title='bbox 1654 1543 1786 1571; x_wconf 81' lang='lat' dir='ltr'><strong>dictandi.</strong></span> <span class='ocrx_word' id='word_1_378' title='bbox 1813 1544 1868 1572; x_wconf 88' lang='lat' dir='ltr'><strong>Sed</strong></span> 
     </span>
    </p>
   </div>
   <div class='ocr_carea' id='block_1_61' title="bbox 237 1587 505 1612">
    <p class='ocr_par' dir='ltr' id='par_1_61' title="bbox 237 1587 505 1612">
     <span class='ocr_line' id='line_1_61' title="bbox 237 1587 505 1612; baseline -0.011 0"><span class='ocrx_word' id='word_1_379' title='bbox 237 1590 277 1612; x_wconf 86' lang='lat' dir='ltr'><strong>tes</strong></span> <span class='ocrx_word' id='word_1_380' title='bbox 294 1587 505 1612; x_wconf 86' lang='lat' dir='ltr'><strong>renovaverunt.</strong></span> 
     </span>
    </p>
   </div>
   <div class='ocr_carea' id='block_1_62' title="bbox 272 1625 1025 1660">
    <p class='ocr_par' dir='ltr' id='par_1_62' title="bbox 272 1625 1025 1660">
     <span class='ocr_line' id='line_1_62' title="bbox 272 1625 1025 1660; baseline 0 -6"><span class='ocrx_word' id='word_1_381' title='bbox 272 1626 364 1654; x_wconf 85' lang='lat' dir='ltr'><strong>ltlundi</strong></span> <span class='ocrx_word' id='word_1_382' title='bbox 381 1633 453 1653; x_wconf 87' lang='lat' dir='ltr'><strong>anno</strong></span> <span class='ocrx_word' id='word_1_383' title='bbox 466 1625 546 1658; x_wconf 71' lang='grc'>5672,</span> <span class='ocrx_word' id='word_1_384' title='bbox 560 1625 658 1653; x_wconf 84' lang='lat' dir='ltr'><strong>divina:</strong></span> <span class='ocrx_word' id='word_1_385' title='bbox 670 1625 868 1654; x_wconf 84' lang='lat' dir='ltr'><strong>incarnationis</strong></span> <span class='ocrx_word' id='word_1_386' title='bbox 881 1634 952 1655; x_wconf 87' lang='lat' dir='ltr'><strong>anno</strong></span> <span class='ocrx_word' id='word_1_387' title='bbox 964 1628 1025 1660; x_wconf 76' lang='grc'><strong>172,</strong></span> 
     </span>
    </p>
   </div>
   <div class='ocr_carea' id='block_1_63' title="bbox 237 1671 1027 1709">
    <p class='ocr_par' dir='ltr' id='par_1_63' title="bbox 237 1671 1027 1709">
     <span class='ocr_line' id='line_1_63' title="bbox 237 1671 1027 1709; baseline 0 -8"><span class='ocrx_word' id='word_1_388' title='bbox 237 1672 387 1701; x_wconf 88' lang='lat' dir='ltr'><strong>Commodo</strong></span> <span class='ocrx_word' id='word_1_389' title='bbox 417 1671 570 1707; x_wconf 85' lang='lat' dir='ltr'><strong>imperante</strong></span> <span class='ocrx_word' id='word_1_390' title='bbox 599 1671 717 1700; x_wconf 75' lang='lat' dir='ltr'><strong>lrenretrs</strong></span> <span class='ocrx_word' id='word_1_391' title='bbox 747 1672 893 1708; x_wconf 85' lang='lat' dir='ltr'><strong>episcopus</strong></span> <span class='ocrx_word' id='word_1_392' title='bbox 916 1673 1027 1709; x_wconf 74' lang='lat' dir='ltr'><strong>Lugdu-</strong></span> 
     </span>
    </p>
   </div>
   <div class='ocr_carea' id='block_1_64' title="bbox 238 1717 1026 1746">
    <p class='ocr_par' dir='ltr' id='par_1_64' title="bbox 238 1717 1026 1746">
     <span class='ocr_line' id='line_1_64' title="bbox 238 1717 1026 1746; baseline 0 -1"><span class='ocrx_word' id='word_1_393' title='bbox 238 1718 332 1745; x_wconf 87' lang='lat' dir='ltr'><strong>nensis</strong></span> <span class='ocrx_word' id='word_1_394' title='bbox 343 1717 443 1745; x_wconf 85' lang='lat' dir='ltr'><strong>divinis</strong></span> <span class='ocrx_word' id='word_1_395' title='bbox 462 1717 552 1744; x_wconf 89' lang='lat' dir='ltr'><strong>verbis</strong></span> <span class='ocrx_word' id='word_1_396' title='bbox 569 1720 596 1744; x_wconf 86' lang='lat' dir='ltr'><strong>et</strong></span> <span class='ocrx_word' id='word_1_397' title='bbox 615 1717 723 1744; x_wconf 83' lang='lat' dir='ltr'><strong>actibus</strong></span> <span class='ocrx_word' id='word_1_398' title='bbox 741 1718 917 1745; x_wconf 87' lang='lat' dir='ltr'><strong>coruscabat.</strong></span> <span class='ocrx_word' id='word_1_399' title='bbox 943 1718 1026 1746; x_wconf 89' lang='lat' dir='ltr'><strong>Com-</strong></span> 
     </span>
    </p>
   </div>
   <div class='ocr_carea' id='block_1_65' title="bbox 238 1762 1026 1798">
    <p class='ocr_par' dir='ltr' id='par_1_65' title="bbox 238 1762 1026 1798">
     <span class='ocr_line' id='line_1_65' title="bbox 238 1762 1026 1798; baseline 0 -7"><span class='ocrx_word' id='word_1_400' title='bbox 238 1765 336 1791; x_wconf 86' lang='lat' dir='ltr'><strong>modus</strong></span> <span class='ocrx_word' id='word_1_401' title='bbox 348 1762 552 1790; x_wconf 88' lang='lat' dir='ltr'><strong>honorabilibus</strong></span> <span class='ocrx_word' id='word_1_402' title='bbox 566 1770 598 1790; x_wconf 91' lang='lat' dir='ltr'><strong>ex</strong></span> <span class='ocrx_word' id='word_1_403' title='bbox 610 1767 705 1790; x_wconf 80' lang='lat' dir='ltr'><strong>senatu</strong></span> <span class='ocrx_word' id='word_1_404' title='bbox 718 1764 867 1798; x_wconf 86' lang='lat' dir='ltr'><strong>peremptis</strong></span> <span class='ocrx_word' id='word_1_405' title='bbox 882 1764 965 1791; x_wconf 87' lang='lat' dir='ltr'><strong>etiam</strong></span> <span class='ocrx_word' id='word_1_406' title='bbox 976 1763 1026 1792; x_wconf 79' lang='lat' dir='ltr'><strong>Ju-</strong></span> 
     </span>
    </p>
   </div>
   <div class='ocr_carea' id='block_1_66' title="bbox 239 1808 685 1844">
    <p class='ocr_par' dir='ltr' id='par_1_66' title="bbox 239 1808 685 1844">
     <span class='ocr_line' id='line_1_66' title="bbox 239 1808 685 1844; baseline -0.004 -6"><span class='ocrx_word' id='word_1_407' title='bbox 239 1811 343 1838; x_wconf 88' lang='lat' dir='ltr'><strong>lianum</strong></span> <span class='ocrx_word' id='word_1_408' title='bbox 361 1809 547 1844; x_wconf 73' lang='lat' dir='ltr'><strong>legislatorem</strong></span> <span class='ocrx_word' id='word_1_409' title='bbox 572 1808 685 1836; x_wconf 91' lang='lat' dir='ltr'><strong>occidit.</strong></span> 
     </span>
    </p>
   </div>
   <div class='ocr_carea' id='block_1_67' title="bbox 273 1855 1025 1889">
    <p class='ocr_par' dir='ltr' id='par_1_67' title="bbox 273 1855 1025 1889">
     <span class='ocr_line' id='line_1_67' title="bbox 273 1855 1025 1889; baseline 0.001 -6"><span class='ocrx_word' id='word_1_410' title='bbox 273 1855 365 1884; x_wconf 80' lang='lat' dir='ltr'><strong>Mundi</strong></span> <span class='ocrx_word' id='word_1_411' title='bbox 378 1863 450 1883; x_wconf 86' lang='lat' dir='ltr'><strong>anno</strong></span> <span class='ocrx_word' id='word_1_412' title='bbox 460 1855 540 1888; x_wconf 79' lang='lat'><strong>5685,</strong></span> <span class='ocrx_word' id='word_1_413' title='bbox 552 1855 651 1882; x_wconf 72' lang='lat' dir='ltr'><strong>divina:</strong></span> <span class='ocrx_word' id='word_1_414' title='bbox 664 1855 865 1883; x_wconf 81' lang='lat' dir='ltr'><strong>incarnationis</strong></span> <span class='ocrx_word' id='word_1_415' title='bbox 882 1862 955 1884; x_wconf 88' lang='lat' dir='ltr'><strong>anno</strong></span> <span class='ocrx_word' id='word_1_416' title='bbox 963 1855 1025 1889; x_wconf 70' lang='lat'><strong>185,</strong></span> 
     </span>
    </p>
   </div>
   <div class='ocr_carea' id='block_1_68' title="bbox 238 1900 1027 1937">
    <p class='ocr_par' dir='ltr' id='par_1_68' title="bbox 238 1900 1027 1937">
     <span class='ocr_line' id='line_1_68' title="bbox 238 1900 1027 1937; baseline 0 -7"><span class='ocrx_word' id='word_1_417' title='bbox 238 1902 332 1930; x_wconf 78' lang='lat' dir='ltr'><strong>Victor</strong></span> <span class='ocrx_word' id='word_1_418' title='bbox 350 1902 478 1929; x_wconf 79' lang='lat' dir='ltr'><strong>Romamre</strong></span> <span class='ocrx_word' id='word_1_419' title='bbox 503 1901 632 1929; x_wconf 67' lang='lat' dir='ltr'><strong>Ecclesiae</strong></span> <span class='ocrx_word' id='word_1_420' title='bbox 655 1900 735 1929; x_wconf 84' lang='lat' dir='ltr'><strong>ﬂoret</strong></span> <span class='ocrx_word' id='word_1_421' title='bbox 757 1901 915 1937; x_wconf 80' lang='lat' dir='ltr'><strong>episcopus,</strong></span> <span class='ocrx_word' id='word_1_422' title='bbox 937 1901 1027 1930; x_wconf 82' lang='lat' dir='ltr'><strong>Julius</strong></span> 
     </span>
    </p>
   </div>
   <div class='ocr_carea' id='block_1_69' title="bbox 239 1947 1027 1983">
    <p class='ocr_par' dir='ltr' id='par_1_69' title="bbox 239 1947 1027 1983">
     <span class='ocr_line' id='line_1_69' title="bbox 239 1947 1027 1983; baseline -0.001 -6"><span class='ocrx_word' id='word_1_423' title='bbox 239 1949 367 1977; x_wconf 82' lang='lat' dir='ltr'><strong>Pertinax</strong></span> <span class='ocrx_word' id='word_1_424' title='bbox 396 1949 522 1983; x_wconf 84' lang='lat' dir='ltr'><strong>imperat.</strong></span> <span class='ocrx_word' id='word_1_425' title='bbox 556 1947 621 1976; x_wconf 86' lang='lat' dir='ltr'><strong>Post</strong></span> <span class='ocrx_word' id='word_1_426' title='bbox 643 1956 724 1983; x_wconf 84' lang='lat' dir='ltr'><strong>quem</strong></span> <span class='ocrx_word' id='word_1_427' title='bbox 758 1947 885 1976; x_wconf 72' lang='lat' dir='ltr'><strong>Julianus</strong></span> <span class='ocrx_word' id='word_1_428' title='bbox 913 1953 1027 1977; x_wconf 81' lang='lat' dir='ltr'><strong>vocatus</strong></span> 
     </span>
    </p>
   </div>
   <div class='ocr_carea' id='block_1_70' title="bbox 238 1993 1027 2029">
    <p class='ocr_par' dir='ltr' id='par_1_70' title="bbox 238 1993 1027 2029">
     <span class='ocr_line' id='line_1_70' title="bbox 238 1993 1027 2029; baseline 0 -7"><span class='ocrx_word' id='word_1_429' title='bbox 238 1995 334 2022; x_wconf 83' lang='lat' dir='ltr'><strong>Didius</strong></span> <span class='ocrx_word' id='word_1_430' title='bbox 348 1993 455 2021; x_wconf 84' lang='lat' dir='ltr'><strong>duobus</strong></span> <span class='ocrx_word' id='word_1_431' title='bbox 470 1997 574 2021; x_wconf 88' lang='lat' dir='ltr'><strong>tarttunt</strong></span> <span class='ocrx_word' id='word_1_432' title='bbox 588 1994 730 2021; x_wconf 78' lang='lat' dir='ltr'><strong>mensibus</strong></span> <span class='ocrx_word' id='word_1_433' title='bbox 745 1993 883 2029; x_wconf 88' lang='lat' dir='ltr'><strong>imperat;</strong></span> <span class='ocrx_word' id='word_1_434' title='bbox 911 1995 958 2029; x_wconf 90' lang='lat' dir='ltr'><strong>qui</strong></span> <span class='ocrx_word' id='word_1_435' title='bbox 975 2001 1027 2029; x_wconf 91' lang='lat' dir='ltr'><strong>pro</strong></span> 
     </span>
    </p>
   </div>
   <div class='ocr_carea' id='block_1_71' title="bbox 237 2038 1027 2075">
    <p class='ocr_par' dir='ltr' id='par_1_71' title="bbox 237 2038 1027 2075">
     <span class='ocr_line' id='line_1_71' title="bbox 237 2038 1027 2075; baseline -0.003 -7"><span class='ocrx_word' id='word_1_436' title='bbox 237 2048 271 2068; x_wconf 88' lang='lat' dir='ltr'><strong>eo</strong></span> <span class='ocrx_word' id='word_1_437' title='bbox 280 2039 353 2075; x_wconf 88' lang='lat' dir='ltr'><strong>quod</strong></span> <span class='ocrx_word' id='word_1_438' title='bbox 365 2039 490 2075; x_wconf 85' lang='lat' dir='ltr'><strong>pecuniis</strong></span> <span class='ocrx_word' id='word_1_439' title='bbox 509 2038 654 2074; x_wconf 85' lang='lat' dir='ltr'><strong>imperium</strong></span> <span class='ocrx_word' id='word_1_440' title='bbox 677 2039 794 2074; x_wconf 88' lang='lat' dir='ltr'><strong>adeptus</strong></span> <span class='ocrx_word' id='word_1_441' title='bbox 808 2038 907 2071; x_wconf 83' lang='lat' dir='ltr'><strong>fuerat,</strong></span> <span class='ocrx_word' id='word_1_442' title='bbox 922 2047 936 2066; x_wconf 90' lang='lat' dir='ltr'><strong>a</strong></span> <span class='ocrx_word' id='word_1_443' title='bbox 950 2040 1027 2074; x_wconf 88' lang='lat' dir='ltr'><strong>prin-</strong></span> 
     </span>
    </p>
   </div>
   <div class='ocr_carea' id='block_1_72' title="bbox 238 2084 1026 2122">
    <p class='ocr_par' dir='ltr' id='par_1_72' title="bbox 238 2084 1026 2122">
     <span class='ocr_line' id='line_1_72' title="bbox 238 2084 1026 2122; baseline -0.001 -8"><span class='ocrx_word' id='word_1_444' title='bbox 238 2087 330 2122; x_wconf 89' lang='lat' dir='ltr'><strong>cipatu</strong></span> <span class='ocrx_word' id='word_1_445' title='bbox 356 2086 501 2121; x_wconf 86' lang='lat' dir='ltr'><strong>deponitur</strong></span> <span class='ocrx_word' id='word_1_446' title='bbox 518 2085 553 2112; x_wconf 88' lang='lat' dir='ltr'><strong>ab</strong></span> <span class='ocrx_word' id='word_1_447' title='bbox 570 2085 665 2112; x_wconf 89' lang='lat' dir='ltr'><strong>amicis</strong></span> <span class='ocrx_word' id='word_1_448' title='bbox 687 2084 792 2118; x_wconf 87' lang='lat' dir='ltr'><strong>Severi,</strong></span> <span class='ocrx_word' id='word_1_449' title='bbox 808 2093 823 2112; x_wconf 88' lang='lat' dir='ltr'><strong>a</strong></span> <span class='ocrx_word' id='word_1_450' title='bbox 849 2086 950 2120; x_wconf 85' lang='lat' dir='ltr'><strong>quibus</strong></span> <span class='ocrx_word' id='word_1_451' title='bbox 964 2093 1026 2114; x_wconf 81' lang='lat' dir='ltr'><strong>mox</strong></span> 
     </span>
    </p>
   </div>
   <div class='ocr_carea' id='block_1_73' title="bbox 239 2129 1027 2166">
    <p class='ocr_par' dir='ltr' id='par_1_73' title="bbox 239 2129 1027 2166">
     <span class='ocr_line' id='line_1_73' title="bbox 239 2129 1027 2166; baseline 0 -8"><span class='ocrx_word' id='word_1_452' title='bbox 239 2131 388 2166; x_wconf 88' lang='lat' dir='ltr'><strong>imperator</strong></span> <span class='ocrx_word' id='word_1_453' title='bbox 403 2133 524 2156; x_wconf 89' lang='lat' dir='ltr'><strong>creatur.</strong></span> <span class='ocrx_word' id='word_1_454' title='bbox 551 2129 612 2162; x_wconf 89' lang='lat' dir='ltr'><strong>Quo</strong></span> <span class='ocrx_word' id='word_1_455' title='bbox 633 2134 755 2164; x_wconf 87' lang='lat' dir='ltr'><strong>tempore</strong></span> <span class='ocrx_word' id='word_1_456' title='bbox 771 2129 898 2157; x_wconf 86' lang='lat' dir='ltr'><strong>Clemens</strong></span> <span class='ocrx_word' id='word_1_457' title='bbox 914 2131 1027 2166; x_wconf 80' lang='lat' dir='ltr'><strong>presby-</strong></span> 
     </span>
    </p>
   </div>
   <div class='ocr_carea' id='block_1_74' title="bbox 240 2174 1025 2212">
    <p class='ocr_par' dir='ltr' id='par_1_74' title="bbox 240 2174 1025 2212">
     <span class='ocr_line' id='line_1_74' title="bbox 240 2174 1025 2212; baseline 0.003 -9"><span class='ocrx_word' id='word_1_458' title='bbox 240 2181 283 2203; x_wconf 87' lang='lat' dir='ltr'><strong>ter</strong></span> <span class='ocrx_word' id='word_1_459' title='bbox 311 2175 524 2206; x_wconf 85' lang='lat' dir='ltr'><strong>Alexandrinus,</strong></span> <span class='ocrx_word' id='word_1_460' title='bbox 539 2174 659 2208; x_wconf 87' lang='lat' dir='ltr'><strong>optimus</strong></span> <span class='ocrx_word' id='word_1_461' title='bbox 685 2175 812 2210; x_wconf 88' lang='lat' dir='ltr'><strong>ntagistcr</strong></span> <span class='ocrx_word' id='word_1_462' title='bbox 841 2175 868 2202; x_wconf 94' lang='lat' dir='ltr'><strong>irt</strong></span> <span class='ocrx_word' id='word_1_463' title='bbox 903 2176 1025 2212; x_wconf 88' lang='lat' dir='ltr'><strong>philoso-</strong></span> 
     </span>
    </p>
   </div>
   <div class='ocr_carea' id='block_1_75' title="bbox 1079 1585 1868 1624">
    <p class='ocr_par' dir='ltr' id='par_1_75' title="bbox 1079 1585 1868 1624">
     <span class='ocr_line' id='line_1_75' title="bbox 1079 1585 1868 1624; baseline 0.008 -12"><span class='ocrx_word' id='word_1_464' title='bbox 1079 1585 1105 1612; x_wconf 88' lang='lat' dir='ltr'><strong>in</strong></span> <span class='ocrx_word' id='word_1_465' title='bbox 1127 1585 1287 1613; x_wconf 82' lang='lat' dir='ltr'><strong>barathrum</strong></span> <span class='ocrx_word' id='word_1_466' title='bbox 1311 1588 1420 1622; x_wconf 79' lang='lat' dir='ltr'><strong>gentilis</strong></span> <span class='ocrx_word' id='word_1_467' title='bbox 1441 1589 1664 1624; x_wconf 73' lang='lat' dir='ltr'><strong>prodigiosaeqttc</strong></span> <span class='ocrx_word' id='word_1_468' title='bbox 1689 1589 1868 1618; x_wconf 63' lang='lat' dir='ltr'><strong>fabrtlationis</strong></span> 
     </span>
    </p>
   </div>
   <div class='ocr_carea' id='block_1_76' title="bbox 1077 1630 1869 1668">
    <p class='ocr_par' dir='ltr' id='par_1_76' title="bbox 1077 1630 1869 1668">
     <span class='ocr_line' id='line_1_76' title="bbox 1077 1630 1869 1668; baseline 0.006 -11"><span class='ocrx_word' id='word_1_469' title='bbox 1077 1630 1205 1664; x_wconf 87' lang='lat' dir='ltr'><strong>delapsus</strong></span> <span class='ocrx_word' id='word_1_470' title='bbox 1234 1632 1436 1660; x_wconf 86' lang='lat' dir='ltr'><strong>restitutionem</strong></span> <span class='ocrx_word' id='word_1_471' title='bbox 1459 1637 1486 1660; x_wconf 89' lang='lat' dir='ltr'><strong>et</strong></span> <span class='ocrx_word' id='word_1_472' title='bbox 1500 1634 1731 1668; x_wconf 70' lang='lat' dir='ltr'><strong>przeexistetrtiarn</strong></span> <span class='ocrx_word' id='word_1_473' title='bbox 1759 1642 1869 1663; x_wconf 83' lang='lat' dir='ltr'><strong>necnon</strong></span> 
     </span>
    </p>
   </div>
   <div class='ocr_carea' id='block_1_77' title="bbox 1078 1675 1869 1713">
    <p class='ocr_par' dir='ltr' id='par_1_77' title="bbox 1078 1675 1869 1713">
     <span class='ocr_line' id='line_1_77' title="bbox 1078 1675 1869 1713; baseline 0.008 -11"><span class='ocrx_word' id='word_1_474' title='bbox 1078 1680 1104 1702; x_wconf 85' lang='lat' dir='ltr'><strong>et</strong></span> <span class='ocrx_word' id='word_1_475' title='bbox 1128 1675 1182 1703; x_wconf 85' lang='lat' dir='ltr'><strong>alia</strong></span> <span class='ocrx_word' id='word_1_476' title='bbox 1213 1677 1338 1711; x_wconf 69' lang='lat' dir='ltr'><strong>quaedam</strong></span> <span class='ocrx_word' id='word_1_477' title='bbox 1367 1679 1494 1712; x_wconf 79' lang='lat' dir='ltr'><strong>dogmata</strong></span> <span class='ocrx_word' id='word_1_478' title='bbox 1520 1679 1698 1713; x_wconf 69' lang='lat' dir='ltr'><strong>praedicavit,</strong></span> <span class='ocrx_word' id='word_1_479' title='bbox 1721 1684 1749 1707; x_wconf 85' lang='lat' dir='ltr'><strong>et</strong></span> <span class='ocrx_word' id='word_1_480' title='bbox 1768 1680 1830 1708; x_wconf 89' lang='lat' dir='ltr'><strong>ideo</strong></span> <span class='ocrx_word' id='word_1_481' title='bbox 1852 1688 1869 1708; x_wconf 83' lang='lat' dir='ltr'><strong>a</strong></span> 
     </span>
    </p>
   </div>
   <div class='ocr_carea' id='block_1_78' title="bbox 1077 1722 1868 1760">
    <p class='ocr_par' dir='ltr' id='par_1_78' title="bbox 1077 1722 1868 1760">
     <span class='ocr_line' id='line_1_78' title="bbox 1077 1722 1868 1760; baseline 0.005 -11"><span class='ocrx_word' id='word_1_482' title='bbox 1077 1722 1162 1749; x_wconf 91' lang='lat' dir='ltr'><strong>choro</strong></span> <span class='ocrx_word' id='word_1_483' title='bbox 1171 1727 1330 1750; x_wconf 82' lang='lat' dir='ltr'><strong>sanctorum</strong></span> <span class='ocrx_word' id='word_1_484' title='bbox 1346 1723 1476 1758; x_wconf 80' lang='lat' dir='ltr'><strong>expulsus</strong></span> <span class='ocrx_word' id='word_1_485' title='bbox 1497 1728 1549 1752; x_wconf 88' lang='lat' dir='ltr'><strong>est.</strong></span> <span class='ocrx_word' id='word_1_486' title='bbox 1569 1723 1666 1752; x_wconf 84' lang='lat' dir='ltr'><strong>Fertur</strong></span> <span class='ocrx_word' id='word_1_487' title='bbox 1688 1730 1780 1752; x_wconf 87' lang='lat' dir='ltr'><strong>autem</strong></span> <span class='ocrx_word' id='word_1_488' title='bbox 1793 1727 1868 1760; x_wconf 84' lang='lat' dir='ltr'><strong>quod</strong></span> 
     </span>
    </p>
   </div>
   <div class='ocr_carea' id='block_1_79' title="bbox 1076 1770 1870 1806">
    <p class='ocr_par' dir='ltr' id='par_1_79' title="bbox 1076 1770 1870 1806">
     <span class='ocr_line' id='line_1_79' title="bbox 1076 1770 1870 1806; baseline 0.006 -10"><span class='ocrx_word' id='word_1_489' title='bbox 1076 1770 1202 1802; x_wconf 67' lang='lat' dir='ltr'><strong>Mamaea,</strong></span> <span class='ocrx_word' id='word_1_490' title='bbox 1224 1775 1311 1798; x_wconf 78' lang='lat' dir='ltr'><strong>mater</strong></span> <span class='ocrx_word' id='word_1_491' title='bbox 1327 1771 1502 1806; x_wconf 86' lang='lat' dir='ltr'><strong>imperatoris</strong></span> <span class='ocrx_word' id='word_1_492' title='bbox 1525 1771 1684 1806; x_wconf 81' lang='lat' dir='ltr'><strong>Alexandri,</strong></span> <span class='ocrx_word' id='word_1_493' title='bbox 1705 1781 1768 1801; x_wconf 88' lang='lat' dir='ltr'><strong>cum</strong></span> <span class='ocrx_word' id='word_1_494' title='bbox 1793 1778 1870 1801; x_wconf 76' lang='lat' dir='ltr'><strong>esset</strong></span> 
     </span>
    </p>
   </div>
   <div class='ocr_carea' id='block_1_80' title="bbox 1076 1815 1867 1855">
    <p class='ocr_par' dir='ltr' id='par_1_80' title="bbox 1076 1815 1867 1855">
     <span class='ocr_line' id='line_1_80' title="bbox 1076 1815 1867 1855; baseline 0.005 -12"><span class='ocrx_word' id='word_1_495' title='bbox 1076 1815 1177 1850; x_wconf 89' lang='lat' dir='ltr'><strong>oppido</strong></span> <span class='ocrx_word' id='word_1_496' title='bbox 1196 1815 1241 1843; x_wconf 83' lang='lat' dir='ltr'><strong>Dei</strong></span> <span class='ocrx_word' id='word_1_497' title='bbox 1262 1817 1360 1843; x_wconf 87' lang='lat' dir='ltr'><strong>etrltrix</strong></span> <span class='ocrx_word' id='word_1_498' title='bbox 1379 1838 1386 1849; x_wconf 86' lang='lat'><strong>,</strong></span> <span class='ocrx_word' id='word_1_499' title='bbox 1404 1817 1493 1844; x_wconf 88' lang='lat' dir='ltr'><strong>locuta</strong></span> <span class='ocrx_word' id='word_1_500' title='bbox 1519 1818 1555 1845; x_wconf 90' lang='lat' dir='ltr'><strong>sit</strong></span> <span class='ocrx_word' id='word_1_501' title='bbox 1573 1826 1635 1846; x_wconf 87' lang='lat' dir='ltr'><strong>cttrtt</strong></span> <span class='ocrx_word' id='word_1_502' title='bbox 1656 1819 1775 1854; x_wconf 80' lang='lat' dir='ltr'><strong>Origene</strong></span> <span class='ocrx_word' id='word_1_503' title='bbox 1793 1820 1867 1855; x_wconf 85' lang='lat' dir='ltr'><strong>apud</strong></span> 
     </span>
    </p>
   </div>
   <div class='ocr_carea' id='block_1_81' title="bbox 1077 1861 1868 1901">
    <p class='ocr_par' dir='ltr' id='par_1_81' title="bbox 1077 1861 1868 1901">
     <span class='ocr_line' id='line_1_81' title="bbox 1077 1861 1868 1901; baseline 0.005 -13"><span class='ocrx_word' id='word_1_504' title='bbox 1077 1861 1248 1889; x_wconf 83' lang='lat' dir='ltr'><strong>Antiochiam</strong></span> <span class='ocrx_word' id='word_1_505' title='bbox 1258 1862 1381 1897; x_wconf 77' lang='lat' dir='ltr'><strong>degens;</strong></span> <span class='ocrx_word' id='word_1_506' title='bbox 1409 1871 1471 1898; x_wconf 66' lang='lat' dir='ltr'><strong>quae</strong></span> <span class='ocrx_word' id='word_1_507' title='bbox 1494 1865 1577 1891; x_wconf 89' lang='lat' dir='ltr'><strong>etiam</strong></span> <span class='ocrx_word' id='word_1_508' title='bbox 1602 1873 1685 1900; x_wconf 74' lang='lat' dir='ltr'><strong>penes</strong></span> <span class='ocrx_word' id='word_1_509' title='bbox 1711 1873 1806 1894; x_wconf 86' lang='lat' dir='ltr'><strong>omnes</strong></span> <span class='ocrx_word' id='word_1_510' title='bbox 1821 1866 1868 1901; x_wconf 85' lang='lat' dir='ltr'><strong>qui</strong></span> 
     </span>
    </p>
   </div>
   <div class='ocr_carea' id='block_1_82' title="bbox 1079 1908 1868 1946">
    <p class='ocr_par' dir='ltr' id='par_1_82' title="bbox 1079 1908 1868 1946">
     <span class='ocr_line' id='line_1_82' title="bbox 1079 1908 1868 1946; baseline 0.005 -11"><span class='ocrx_word' id='word_1_511' title='bbox 1079 1908 1176 1936; x_wconf 78' lang='lat' dir='ltr'><strong>famosi</strong></span> <span class='ocrx_word' id='word_1_512' title='bbox 1201 1913 1266 1936; x_wconf 80' lang='lat' dir='ltr'><strong>turre</strong></span> <span class='ocrx_word' id='word_1_513' title='bbox 1282 1908 1501 1938; x_wconf 77' lang='lat' dir='ltr'><strong>Christianorum</strong></span> <span class='ocrx_word' id='word_1_514' title='bbox 1531 1911 1653 1946; x_wconf 82' lang='lat' dir='ltr'><strong>magistri</strong></span> <span class='ocrx_word' id='word_1_515' title='bbox 1682 1912 1868 1945; x_wconf 81' lang='lat' dir='ltr'><strong>trahebantur,</strong></span> 
     </span>
    </p>
   </div>
   <div class='ocr_carea' id='block_1_83' title="bbox 1077 1954 1869 1993">
    <p class='ocr_par' dir='ltr' id='par_1_83' title="bbox 1077 1954 1869 1993">
     <span class='ocr_line' id='line_1_83' title="bbox 1077 1954 1869 1993; baseline 0.005 -11"><span class='ocrx_word' id='word_1_516' title='bbox 1077 1954 1272 1989; x_wconf 77' lang='lat' dir='ltr'><strong>benignissime</strong></span> <span class='ocrx_word' id='word_1_517' title='bbox 1303 1955 1441 1984; x_wconf 80' lang='lat' dir='ltr'><strong>ferebatur</strong></span> <span class='ocrx_word' id='word_1_518' title='bbox 1466 1962 1583 1992; x_wconf 79' lang='lat' dir='ltr'><strong>propter</strong></span> <span class='ocrx_word' id='word_1_519' title='bbox 1613 1958 1706 1991; x_wconf 82' lang='lat' dir='ltr'><strong>fidem,</strong></span> <span class='ocrx_word' id='word_1_520' title='bbox 1724 1967 1778 1993; x_wconf 83' lang='lat' dir='ltr'><strong>qua</strong></span> <span class='ocrx_word' id='word_1_521' title='bbox 1801 1967 1869 1993; x_wconf 73' lang='lat' dir='ltr'><strong>erga</strong></span> 
     </span>
    </p>
   </div>
   <div class='ocr_carea' id='block_1_84' title="bbox 1077 2000 1868 2037">
    <p class='ocr_par' dir='ltr' id='par_1_84' title="bbox 1077 2000 1868 2037">
     <span class='ocr_line' id='line_1_84' title="bbox 1077 2000 1868 2037; baseline 0.008 -10"><span class='ocrx_word' id='word_1_522' title='bbox 1077 2000 1218 2028; x_wconf 89' lang='lat' dir='ltr'><strong>Christum</strong></span> <span class='ocrx_word' id='word_1_523' title='bbox 1233 2001 1375 2036; x_wconf 79' lang='lat' dir='ltr'><strong>ﬂagrabat.</strong></span> <span class='ocrx_word' id='word_1_524' title='bbox 1390 2002 1520 2031; x_wconf 83' lang='lat' dir='ltr'><strong>Ernmaus</strong></span> <span class='ocrx_word' id='word_1_525' title='bbox 1535 2003 1686 2031; x_wconf 49' lang='lat' dir='ltr'><strong>Palaestina!</strong></span> <span class='ocrx_word' id='word_1_526' title='bbox 1708 2006 1868 2037; x_wconf 64' lang='lat' dir='ltr'><strong>casteilutn,</strong></span> 
     </span>
    </p>
   </div>
   <div class='ocr_carea' id='block_1_85' title="bbox 1078 2046 1870 2086">
    <p class='ocr_par' dir='ltr' id='par_1_85' title="bbox 1078 2046 1870 2086">
     <span class='ocr_line' id='line_1_85' title="bbox 1078 2046 1870 2086; baseline 0.006 -12"><span class='ocrx_word' id='word_1_527' title='bbox 1078 2046 1111 2074; x_wconf 89' lang='lat' dir='ltr'><strong>de</strong></span> <span class='ocrx_word' id='word_1_528' title='bbox 1128 2055 1183 2082; x_wconf 92' lang='lat' dir='ltr'><strong>quo</strong></span> <span class='ocrx_word' id='word_1_529' title='bbox 1195 2047 1220 2074; x_wconf 94' lang='lat' dir='ltr'><strong>in</strong></span> <span class='ocrx_word' id='word_1_530' title='bbox 1233 2048 1320 2076; x_wconf 87' lang='lat' dir='ltr'><strong>sacris</strong></span> <span class='ocrx_word' id='word_1_531' title='bbox 1345 2048 1444 2083; x_wconf 71' lang='lat' dir='ltr'><strong>legitur</strong></span> <span class='ocrx_word' id='word_1_532' title='bbox 1467 2048 1635 2086; x_wconf 80' lang='lat' dir='ltr'><strong>Evangeliis,</strong></span> <span class='ocrx_word' id='word_1_533' title='bbox 1652 2051 1687 2078; x_wconf 87' lang='lat' dir='ltr'><strong>ab</strong></span> <span class='ocrx_word' id='word_1_534' title='bbox 1709 2051 1870 2079; x_wconf 77' lang='lat' dir='ltr'><strong>Alexandro</strong></span> 
     </span>
    </p>
   </div>
   <div class='ocr_carea' id='block_1_86' title="bbox 1077 2092 1868 2134">
    <p class='ocr_par' dir='ltr' id='par_1_86' title="bbox 1077 2092 1868 2134">
     <span class='ocr_line' id='line_1_86' title="bbox 1077 2092 1868 2134; baseline 0.008 -15"><span class='ocrx_word' id='word_1_535' title='bbox 1077 2092 1219 2128; x_wconf 88' lang='lat' dir='ltr'><strong>Nicopolis</strong></span> <span class='ocrx_word' id='word_1_536' title='bbox 1240 2098 1280 2121; x_wconf 86' lang='lat' dir='ltr'><strong>est</strong></span> <span class='ocrx_word' id='word_1_537' title='bbox 1295 2093 1424 2122; x_wconf 85' lang='lat' dir='ltr'><strong>honorari</strong></span> <span class='ocrx_word' id='word_1_538' title='bbox 1448 2094 1568 2129; x_wconf 86' lang='lat' dir='ltr'><strong>decreta,</strong></span> <span class='ocrx_word' id='word_1_539' title='bbox 1582 2096 1722 2131; x_wconf 76' lang='lat' dir='ltr'><strong>legatione</strong></span> <span class='ocrx_word' id='word_1_540' title='bbox 1733 2097 1868 2134; x_wconf 70' lang='lat' dir='ltr'><strong>fungente</strong></span> 
     </span>
    </p>
   </div>
   <div class='ocr_carea' id='block_1_87' title="bbox 1077 2137 1868 2177">
    <p class='ocr_par' dir='ltr' id='par_1_87' title="bbox 1077 2137 1868 2177">
     <span class='ocr_line' id='line_1_87' title="bbox 1077 2137 1868 2177; baseline 0.009 -14"><span class='ocrx_word' id='word_1_541' title='bbox 1077 2137 1219 2170; x_wconf 84' lang='lat' dir='ltr'><strong>Africano,</strong></span> <span class='ocrx_word' id='word_1_542' title='bbox 1230 2139 1274 2173; x_wconf 88' lang='lat' dir='ltr'><strong>qui</strong></span> <span class='ocrx_word' id='word_1_543' title='bbox 1285 2138 1414 2168; x_wconf 86' lang='lat' dir='ltr'><strong>historias</strong></span> <span class='ocrx_word' id='word_1_544' title='bbox 1422 2140 1449 2167; x_wconf 90' lang='lat' dir='ltr'><strong>in</strong></span> <span class='ocrx_word' id='word_1_545' title='bbox 1457 2141 1579 2176; x_wconf 88' lang='lat' dir='ltr'><strong>quinque</strong></span> <span class='ocrx_word' id='word_1_546' title='bbox 1589 2142 1666 2170; x_wconf 80' lang='lat' dir='ltr'><strong>libris</strong></span> <span class='ocrx_word' id='word_1_547' title='bbox 1685 2144 1868 2177; x_wconf 80' lang='lat' dir='ltr'><strong>conscripsit.</strong></span> 
     </span>
    </p>
   </div>
   <div class='ocr_carea' id='block_1_88' title="bbox 1112 2182 1868 2222">
    <p class='ocr_par' dir='ltr' id='par_1_88' title="bbox 1112 2182 1868 2222">
     <span class='ocr_line' id='line_1_88' title="bbox 1112 2182 1868 2222; baseline 0.011 -13"><span class='ocrx_word' id='word_1_548' title='bbox 1112 2182 1205 2211; x_wconf 84' lang='lat' dir='ltr'><strong>Mundi</strong></span> <span class='ocrx_word' id='word_1_549' title='bbox 1217 2191 1289 2212; x_wconf 87' lang='lat' dir='ltr'><strong>anno</strong></span> <span class='ocrx_word' id='word_1_550' title='bbox 1299 2185 1380 2218; x_wconf 77' lang='lat'><strong>579.8,</strong></span> <span class='ocrx_word' id='word_1_551' title='bbox 1399 2186 1499 2214; x_wconf 67' lang='lat' dir='ltr'><strong>divinat</strong></span> <span class='ocrx_word' id='word_1_552' title='bbox 1510 2187 1709 2216; x_wconf 79' lang='lat' dir='ltr'><strong>incarnationis</strong></span> <span class='ocrx_word' id='word_1_553' title='bbox 1722 2189 1868 2222; x_wconf 65' lang='lat' dir='ltr'><strong>annum,</strong></span> 
     </span>
    </p>
   </div>
   <div class='ocr_carea' id='block_1_89' title="bbox 239 2220 1870 2271">
    <p class='ocr_par' dir='ltr' id='par_1_89' title="bbox 239 2220 1870 2271">
     <span class='ocr_line' id='line_1_89' title="bbox 239 2220 1870 2271; baseline 0.01 -23"><span class='ocrx_word' id='word_1_554' title='bbox 239 2222 303 2257; x_wconf 86' lang='lat' dir='ltr'><strong>phia</strong></span> <span class='ocrx_word' id='word_1_555' title='bbox 317 2229 378 2257; x_wconf 70' lang='lat' dir='ltr'><strong>qua:</strong></span> <span class='ocrx_word' id='word_1_556' title='bbox 392 2220 542 2248; x_wconf 88' lang='lat' dir='ltr'><strong>secundum</strong></span> <span class='ocrx_word' id='word_1_557' title='bbox 564 2220 703 2248; x_wconf 83' lang='lat' dir='ltr'><strong>Christum</strong></span> <span class='ocrx_word' id='word_1_558' title='bbox 720 2226 772 2254; x_wconf 85' lang='lat' dir='ltr'><strong>est,</strong></span> <span class='ocrx_word' id='word_1_559' title='bbox 788 2223 956 2257; x_wconf 88' lang='lat' dir='ltr'><strong>compositor</strong></span> <span class='ocrx_word' id='word_1_560' title='bbox 967 2224 1027 2251; x_wconf 81' lang='lat' dir='ltr'><strong>eni-</strong></span> <span class='ocrx_word' id='word_1_561' title='bbox 1038 2222 1066 2252; x_wconf 87' lang='lat' dir='ltr'><strong>D</strong></span> <span class='ocrx_word' id='word_1_562' title='bbox 1078 2227 1243 2258; x_wconf 81' lang='lat' dir='ltr'><strong>Maximinus</strong></span> <span class='ocrx_word' id='word_1_563' title='bbox 1262 2231 1400 2266; x_wconf 87' lang='lat' dir='ltr'><strong>imperans</strong></span> <span class='ocrx_word' id='word_1_564' title='bbox 1413 2238 1509 2260; x_wconf 86' lang='lat' dir='ltr'><strong>contra</strong></span> <span class='ocrx_word' id='word_1_565' title='bbox 1530 2233 1704 2263; x_wconf 83' lang='lat' dir='ltr'><strong>Christianos</strong></span> <span class='ocrx_word' id='word_1_566' title='bbox 1737 2243 1870 2271; x_wconf 87' lang='lat' dir='ltr'><strong>perseeu-</strong></span> 
     </span>
    </p>
   </div>
   <div class='ocr_carea' id='block_1_90' title="bbox 240 2265 1025 2301">
    <p class='ocr_par' dir='ltr' id='par_1_90' title="bbox 240 2265 1025 2301">
     <span class='ocr_line' id='line_1_90' title="bbox 240 2265 1025 2301; baseline 0.003 -7"><span class='ocrx_word' id='word_1_567' title='bbox 240 2267 301 2294; x_wconf 91' lang='lat' dir='ltr'><strong>tuit.</strong></span> <span class='ocrx_word' id='word_1_568' title='bbox 327 2266 472 2293; x_wconf 75' lang='lat' dir='ltr'><strong>Pantaenus</strong></span> <span class='ocrx_word' id='word_1_569' title='bbox 499 2265 682 2301; x_wconf 84' lang='lat' dir='ltr'><strong>philosophus</strong></span> <span class='ocrx_word' id='word_1_570' title='bbox 710 2274 744 2293; x_wconf 81' lang='lat' dir='ltr'><strong>ex</strong></span> <span class='ocrx_word' id='word_1_571' title='bbox 773 2266 875 2295; x_wconf 88' lang='lat' dir='ltr'><strong>Stoicis</strong></span> <span class='ocrx_word' id='word_1_572' title='bbox 889 2268 917 2294; x_wconf 93' lang='lat' dir='ltr'><strong>in</strong></span> <span class='ocrx_word' id='word_1_573' title='bbox 933 2268 1025 2296; x_wconf 91' lang='lat' dir='ltr'><strong>divino</strong></span> 
     </span>
    </p>
   </div>
   <div class='ocr_carea' id='block_1_91' title="bbox 240 2313 1026 2350">
    <p class='ocr_par' dir='ltr' id='par_1_91' title="bbox 240 2313 1026 2350">
     <span class='ocr_line' id='line_1_91' title="bbox 240 2313 1026 2350; baseline 0 -8"><span class='ocrx_word' id='word_1_574' title='bbox 240 2315 322 2342; x_wconf 87' lang='lat' dir='ltr'><strong>verbo</strong></span> <span class='ocrx_word' id='word_1_575' title='bbox 342 2313 435 2349; x_wconf 82' lang='lat' dir='ltr'><strong>fulget.</strong></span> <span class='ocrx_word' id='word_1_576' title='bbox 451 2313 598 2340; x_wconf 85' lang='lat' dir='ltr'><strong>Africanus</strong></span> <span class='ocrx_word' id='word_1_577' title='bbox 614 2313 761 2341; x_wconf 88' lang='lat' dir='ltr'><strong>ltistorictts</strong></span> <span class='ocrx_word' id='word_1_578' title='bbox 780 2313 954 2343; x_wconf 86' lang='lat' dir='ltr'><strong>Christianus</strong></span> <span class='ocrx_word' id='word_1_579' title='bbox 966 2318 1026 2350; x_wconf 89' lang='lat' dir='ltr'><strong>pol-</strong></span> 
     </span>
    </p>
   </div>
   <div class='ocr_carea' id='block_1_92' title="bbox 240 2360 1025 2397">
    <p class='ocr_par' dir='ltr' id='par_1_92' title="bbox 240 2360 1025 2397">
     <span class='ocr_line' id='line_1_92' title="bbox 240 2360 1025 2397; baseline 0.001 -8"><span class='ocrx_word' id='word_1_580' title='bbox 240 2362 288 2389; x_wconf 84' lang='lat' dir='ltr'><strong>let.</strong></span> <span class='ocrx_word' id='word_1_581' title='bbox 327 2360 466 2388; x_wconf 84' lang='lat' dir='ltr'><strong>Musianus</strong></span> <span class='ocrx_word' id='word_1_582' title='bbox 487 2361 606 2395; x_wconf 84' lang='lat' dir='ltr'><strong>scriptor</strong></span> <span class='ocrx_word' id='word_1_583' title='bbox 618 2360 826 2388; x_wconf 82' lang='lat' dir='ltr'><strong>ecclesiasticus</strong></span> <span class='ocrx_word' id='word_1_584' title='bbox 854 2363 1025 2397; x_wconf 67' lang='lat' dir='ltr'><strong>agnoscitur.</strong></span> 
     </span>
    </p>
   </div>
   <div class='ocr_carea' id='block_1_93' title="bbox 240 2405 1026 2444">
    <p class='ocr_par' dir='ltr' id='par_1_93' title="bbox 240 2405 1026 2444">
     <span class='ocr_line' id='line_1_93' title="bbox 240 2405 1026 2444; baseline 0.003 -10"><span class='ocrx_word' id='word_1_585' title='bbox 240 2408 373 2442; x_wconf 78' lang='lat' dir='ltr'><strong>Origenes</strong></span> <span class='ocrx_word' id='word_1_586' title='bbox 392 2407 549 2434; x_wconf 82' lang='lat' dir='ltr'><strong>inscnsatus</strong></span> <span class='ocrx_word' id='word_1_587' title='bbox 567 2405 637 2441; x_wconf 84' lang='lat' dir='ltr'><strong>apud</strong></span> <span class='ocrx_word' id='word_1_588' title='bbox 654 2406 846 2434; x_wconf 80' lang='lat' dir='ltr'><strong>Alexandriam</strong></span> <span class='ocrx_word' id='word_1_589' title='bbox 864 2407 956 2435; x_wconf 88' lang='lat' dir='ltr'><strong>inania</strong></span> <span class='ocrx_word' id='word_1_590' title='bbox 967 2409 1026 2444; x_wconf 82' lang='lat' dir='ltr'><strong>opi-</strong></span> 
     </span>
    </p>
   </div>
   <div class='ocr_carea' id='block_1_94' title="bbox 241 2452 767 2487">
    <p class='ocr_par' dir='ltr' id='par_1_94' title="bbox 241 2452 767 2487">
     <span class='ocr_line' id='line_1_94' title="bbox 241 2452 767 2487; baseline -0.002 -7"><span class='ocrx_word' id='word_1_591' title='bbox 241 2458 322 2481; x_wconf 91' lang='lat' dir='ltr'><strong>natus</strong></span> <span class='ocrx_word' id='word_1_592' title='bbox 335 2452 462 2487; x_wconf 78' lang='lat' dir='ltr'><strong>dogmata</strong></span> <span class='ocrx_word' id='word_1_593' title='bbox 479 2455 600 2479; x_wconf 87' lang='lat' dir='ltr'><strong>sectatur</strong></span> <span class='ocrx_word' id='word_1_594' title='bbox 614 2452 767 2485; x_wconf 80' lang='lat' dir='ltr'><strong>gentilium.</strong></span> 
     </span>
    </p>
   </div>
   <div class='ocr_carea' id='block_1_95' title="bbox 274 2497 1025 2534">
    <p class='ocr_par' dir='ltr' id='par_1_95' title="bbox 274 2497 1025 2534">
     <span class='ocr_line' id='line_1_95' title="bbox 274 2497 1025 2534; baseline 0.003 -8"><span class='ocrx_word' id='word_1_595' title='bbox 274 2498 367 2527; x_wconf 81' lang='lat' dir='ltr'><strong>Mundi</strong></span> <span class='ocrx_word' id='word_1_596' title='bbox 377 2505 450 2525; x_wconf 87' lang='lat' dir='ltr'><strong>anno</strong></span> <span class='ocrx_word' id='word_1_597' title='bbox 465 2497 546 2528; x_wconf 82' lang='lat'><strong>5696,</strong></span> <span class='ocrx_word' id='word_1_598' title='bbox 558 2497 656 2525; x_wconf 65' lang='lat' dir='ltr'><strong>divina:</strong></span> <span class='ocrx_word' id='word_1_599' title='bbox 672 2498 870 2527; x_wconf 89' lang='lat' dir='ltr'><strong>incarnationis</strong></span> <span class='ocrx_word' id='word_1_600' title='bbox 883 2508 956 2528; x_wconf 89' lang='lat' dir='ltr'><strong>anno</strong></span> <span class='ocrx_word' id='word_1_601' title='bbox 966 2500 1025 2534; x_wconf 85' lang='grc'><strong>196,</strong></span> 
     </span>
    </p>
   </div>
   <div class='ocr_carea' id='block_1_96' title="bbox 240 2542 1022 2581">
    <p class='ocr_par' dir='ltr' id='par_1_96' title="bbox 240 2542 1022 2581">
     <span class='ocr_line' id='line_1_96' title="bbox 240 2542 1022 2581; baseline 0.001 -8"><span class='ocrx_word' id='word_1_602' title='bbox 240 2544 413 2581; x_wconf 80' lang='lat' dir='ltr'><strong>Zephyrinus</strong></span> <span class='ocrx_word' id='word_1_603' title='bbox 436 2550 582 2578; x_wconf 76' lang='lat' dir='ltr'><strong>episcopus</strong></span> <span class='ocrx_word' id='word_1_604' title='bbox 612 2542 741 2571; x_wconf 67' lang='lat' dir='ltr'><strong>Romanae</strong></span> <span class='ocrx_word' id='word_1_605' title='bbox 769 2549 867 2579; x_wconf 67' lang='lat' dir='ltr'><strong>praeest</strong></span> <span class='ocrx_word' id='word_1_606' title='bbox 886 2545 1022 2574; x_wconf 59' lang='lat' dir='ltr'><strong>Ecclesia.</strong></span> 
     </span>
    </p>
   </div>
   <div class='ocr_carea' id='block_1_97' title="bbox 241 2588 1024 2626">
    <p class='ocr_par' dir='ltr' id='par_1_97' title="bbox 241 2588 1024 2626">
     <span class='ocr_line' id='line_1_97' title="bbox 241 2588 1024 2626; baseline 0.003 -8"><span class='ocrx_word' id='word_1_607' title='bbox 241 2591 361 2618; x_wconf 78' lang='lat' dir='ltr'><strong>Severus</strong></span> <span class='ocrx_word' id='word_1_608' title='bbox 377 2588 492 2617; x_wconf 75' lang='lat' dir='ltr'><strong>Romam</strong></span> <span class='ocrx_word' id='word_1_609' title='bbox 504 2589 616 2616; x_wconf 86' lang='lat' dir='ltr'><strong>veniens</strong></span> <span class='ocrx_word' id='word_1_610' title='bbox 631 2588 772 2622; x_wconf 87' lang='lat' dir='ltr'><strong>Albinum,</strong></span> <span class='ocrx_word' id='word_1_611' title='bbox 793 2591 840 2625; x_wconf 89' lang='lat' dir='ltr'><strong>qui</strong></span> <span class='ocrx_word' id='word_1_612' title='bbox 852 2592 1024 2626; x_wconf 72' lang='lat' dir='ltr'><strong>tyrannidem</strong></span> 
     </span>
    </p>
   </div>
   <div class='ocr_carea' id='block_1_98' title="bbox 239 2634 1026 2672">
    <p class='ocr_par' dir='ltr' id='par_1_98' title="bbox 239 2634 1026 2672">
     <span class='ocr_line' id='line_1_98' title="bbox 239 2634 1026 2672; baseline 0.001 -7"><span class='ocrx_word' id='word_1_613' title='bbox 239 2640 338 2665; x_wconf 77' lang='lat' dir='ltr'><strong>contra</strong></span> <span class='ocrx_word' id='word_1_614' title='bbox 353 2634 576 2672; x_wconf 82' lang='lat' dir='ltr'><strong>Lugdunensium</strong></span> <span class='ocrx_word' id='word_1_615' title='bbox 588 2634 726 2661; x_wconf 82' lang='lat' dir='ltr'><strong>civitatem</strong></span> <span class='ocrx_word' id='word_1_616' title='bbox 737 2641 908 2670; x_wconf 83' lang='lat' dir='ltr'><strong>exercuerat,</strong></span> <span class='ocrx_word' id='word_1_617' title='bbox 923 2638 1026 2667; x_wconf 89' lang='lat' dir='ltr'><strong>intere-</strong></span> 
     </span>
    </p>
   </div>
   <div class='ocr_carea' id='block_1_99' title="bbox 241 2682 300 2710">
    <p class='ocr_par' dir='ltr' id='par_1_99' title="bbox 241 2682 300 2710">
     <span class='ocr_line' id='line_1_99' title="bbox 241 2682 300 2710; baseline -0.017 0"><span class='ocrx_word' id='word_1_618' title='bbox 241 2682 300 2710; x_wconf 84' lang='lat' dir='ltr'><strong>mit.</strong></span> 
     </span>
    </p>
   </div>
   <div class='ocr_carea' id='block_1_100' title="bbox 277 2725 1026 2763">
    <p class='ocr_par' dir='ltr' id='par_1_100' title="bbox 277 2725 1026 2763">
     <span class='ocr_line' id='line_1_100' title="bbox 277 2725 1026 2763; baseline 0.004 -8"><span class='ocrx_word' id='word_1_619' title='bbox 277 2727 368 2755; x_wconf 80' lang='lat' dir='ltr'><strong>Mundi</strong></span> <span class='ocrx_word' id='word_1_620' title='bbox 383 2734 455 2754; x_wconf 91' lang='lat' dir='ltr'><strong>anno</strong></span> <span class='ocrx_word' id='word_1_621' title='bbox 465 2725 530 2753; x_wconf 83' lang='lat' dir='ltr'><strong>570i</strong></span> <span class='ocrx_word' id='word_1_622' title='bbox 538 2745 545 2757; x_wconf 90' lang='lat'><strong>,</strong></span> <span class='ocrx_word' id='word_1_623' title='bbox 556 2725 655 2753; x_wconf 60' lang='lat' dir='ltr'><strong>divina)</strong></span> <span class='ocrx_word' id='word_1_624' title='bbox 668 2727 868 2755; x_wconf 83' lang='lat' dir='ltr'><strong>incarnationis</strong></span> <span class='ocrx_word' id='word_1_625' title='bbox 879 2736 951 2758; x_wconf 86' lang='lat' dir='ltr'><strong>anno</strong></span> <span class='ocrx_word' id='word_1_626' title='bbox 963 2730 1010 2758; x_wconf 76' lang='lat'><strong>20]</strong></span> <span class='ocrx_word' id='word_1_627' title='bbox 1019 2751 1026 2763; x_wconf 91' lang='lat'><strong>,</strong></span> 
     </span>
    </p>
   </div>
   <div class='ocr_carea' id='block_1_101' title="bbox 243 2772 1025 2808">
    <p class='ocr_par' dir='ltr' id='par_1_101' title="bbox 243 2772 1025 2808">
     <span class='ocr_line' id='line_1_101' title="bbox 243 2772 1025 2808; baseline -0.001 -5"><span class='ocrx_word' id='word_1_628' title='bbox 243 2772 547 2803; x_wconf 84' lang='lat' dir='ltr'><strong>AntoninusCaracalla</strong></span> <span class='ocrx_word' id='word_1_629' title='bbox 559 2773 677 2808; x_wconf 84' lang='lat' dir='ltr'><strong>imperat</strong></span> <span class='ocrx_word' id='word_1_630' title='bbox 692 2781 754 2801; x_wconf 88' lang='lat' dir='ltr'><strong>cum</strong></span> <span class='ocrx_word' id='word_1_631' title='bbox 767 2773 849 2804; x_wconf 84' lang='lat' dir='ltr'><strong>fratre</strong></span> <span class='ocrx_word' id='word_1_632' title='bbox 863 2773 941 2804; x_wconf 84' lang='lat' dir='ltr'><strong>Geta.</strong></span> <span class='ocrx_word' id='word_1_633' title='bbox 960 2776 1025 2805; x_wconf 79' lang='lat' dir='ltr'><strong>Dein</strong></span> 
     </span>
    </p>
   </div>
   <div class='ocr_carea' id='block_1_102' title="bbox 276 2862 737 2898">
    <p class='ocr_par' dir='ltr' id='par_1_102' title="bbox 276 2862 737 2898">
     <span class='ocr_line' id='line_1_102' title="bbox 276 2862 737 2898; baseline 0.015 -10"><span class='ocrx_word' id='word_1_634' title='bbox 276 2862 317 2898; x_wconf 78' lang='grc' dir='ltr'><strong>(Ι)</strong></span> <span class='ocrx_word' id='word_1_635' title='bbox 336 2863 480 2898; x_wconf 74' lang='lat' dir='ltr'><strong>Euphrates</strong></span> <span class='ocrx_word' id='word_1_636' title='bbox 494 2865 577 2893; x_wconf 88' lang='lat' dir='ltr'><strong>codex</strong></span> <span class='ocrx_word' id='word_1_637' title='bbox 596 2864 737 2895; x_wconf 81' lang='lat' dir='ltr'><strong>Tlruartus.</strong></span> 
     </span>
    </p>
   </div>
   <div class='ocr_carea' id='block_1_103' title="bbox 1079 2275 1869 2314">
    <p class='ocr_par' dir='ltr' id='par_1_103' title="bbox 1079 2275 1869 2314">
     <span class='ocr_line' id='line_1_103' title="bbox 1079 2275 1869 2314; baseline 0.011 -12"><span class='ocrx_word' id='word_1_638' title='bbox 1079 2275 1180 2303; x_wconf 90' lang='lat' dir='ltr'><strong>tionem</strong></span> <span class='ocrx_word' id='word_1_639' title='bbox 1190 2277 1282 2305; x_wconf 90' lang='lat' dir='ltr'><strong>movit.</strong></span> <span class='ocrx_word' id='word_1_640' title='bbox 1291 2277 1340 2306; x_wconf 84' lang='lat' dir='ltr'><strong>His</strong></span> <span class='ocrx_word' id='word_1_641' title='bbox 1351 2280 1522 2314; x_wconf 80' lang='lat' dir='ltr'><strong>temporibus</strong></span> <span class='ocrx_word' id='word_1_642' title='bbox 1531 2280 1671 2310; x_wconf 84' lang='lat' dir='ltr'><strong>Antherus</strong></span> <span class='ocrx_word' id='word_1_643' title='bbox 1682 2287 1709 2309; x_wconf 88' lang='lat' dir='ltr'><strong>et</strong></span> <span class='ocrx_word' id='word_1_644' title='bbox 1717 2281 1869 2311; x_wconf 80' lang='lat' dir='ltr'><strong>Pontianus</strong></span> 
     </span>
    </p>
   </div>
   <div class='ocr_carea' id='block_1_104' title="bbox 1080 2320 1531 2357">
    <p class='ocr_par' dir='ltr' id='par_1_104' title="bbox 1080 2320 1531 2357">
     <span class='ocr_line' id='line_1_104' title="bbox 1080 2320 1531 2357; baseline 0.011 -10"><span class='ocrx_word' id='word_1_645' title='bbox 1080 2320 1195 2348; x_wconf 80' lang='lat' dir='ltr'><strong>Romani</strong></span> <span class='ocrx_word' id='word_1_646' title='bbox 1211 2323 1344 2357; x_wconf 72' lang='lat' dir='ltr'><strong>przesules</strong></span> <span class='ocrx_word' id='word_1_647' title='bbox 1360 2324 1531 2352; x_wconf 88' lang='lat' dir='ltr'><strong>claruerunt.</strong></span> 
     </span>
    </p>
   </div>
   <div class='ocr_carea' id='block_1_105' title="bbox 1115 2367 1869 2407">
    <p class='ocr_par' dir='ltr' id='par_1_105' title="bbox 1115 2367 1869 2407">
     <span class='ocr_line' id='line_1_105' title="bbox 1115 2367 1869 2407; baseline 0.012 -14"><span class='ocrx_word' id='word_1_648' title='bbox 1115 2367 1290 2403; x_wconf 64' lang='lat' dir='ltr'><strong>Mttmlilanno</strong></span> <span class='ocrx_word' id='word_1_649' title='bbox 1305 2369 1384 2402; x_wconf 78' lang='lat' dir='ltr'><strong>573i,</strong></span> <span class='ocrx_word' id='word_1_650' title='bbox 1394 2370 1493 2398; x_wconf 65' lang='lat' dir='ltr'><strong>divinae</strong></span> <span class='ocrx_word' id='word_1_651' title='bbox 1507 2371 1707 2402; x_wconf 83' lang='lat' dir='ltr'><strong>incarnationis</strong></span> <span class='ocrx_word' id='word_1_652' title='bbox 1720 2382 1794 2402; x_wconf 85' lang='lat' dir='ltr'><strong>anno</strong></span> <span class='ocrx_word' id='word_1_653' title='bbox 1801 2374 1869 2407; x_wconf 70' lang='grc'><strong>231,</strong></span> 
     </span>
    </p>
   </div>
   <div class='ocr_carea' id='block_1_106' title="bbox 1079 2412 1869 2455">
    <p class='ocr_par' dir='ltr' id='par_1_106' title="bbox 1079 2412 1869 2455">
     <span class='ocr_line' id='line_1_106' title="bbox 1079 2412 1869 2455; baseline 0.013 -16"><span class='ocrx_word' id='word_1_654' title='bbox 1079 2412 1235 2442; x_wconf 90' lang='lat' dir='ltr'><strong>Gordianus</strong></span> <span class='ocrx_word' id='word_1_655' title='bbox 1259 2414 1385 2450; x_wconf 87' lang='lat' dir='ltr'><strong>itttperat.</strong></span> <span class='ocrx_word' id='word_1_656' title='bbox 1402 2415 1541 2446; x_wconf 85' lang='lat' dir='ltr'><strong>Fabianus</strong></span> <span class='ocrx_word' id='word_1_657' title='bbox 1560 2419 1707 2455; x_wconf 85' lang='lat' dir='ltr'><strong>episcopus</strong></span> <span class='ocrx_word' id='word_1_658' title='bbox 1724 2420 1869 2450; x_wconf 73' lang='lat' dir='ltr'><strong>Romanus</strong></span> 
     </span>
    </p>
   </div>
   <div class='ocr_carea' id='block_1_107' title="bbox 1079 2459 1321 2494">
    <p class='ocr_par' dir='ltr' id='par_1_107' title="bbox 1079 2459 1321 2494">
     <span class='ocr_line' id='line_1_107' title="bbox 1079 2459 1321 2494; baseline 0.017 -10"><span class='ocrx_word' id='word_1_659' title='bbox 1079 2463 1182 2494; x_wconf 78' lang='lat' dir='ltr'><strong>martyr</strong></span> <span class='ocrx_word' id='word_1_660' title='bbox 1198 2459 1321 2488; x_wconf 84' lang='lat' dir='ltr'><strong>habetur.</strong></span> 
     </span>
    </p>
   </div>
   <div class='ocr_carea' id='block_1_108' title="bbox 1113 2504 1868 2547">
    <p class='ocr_par' dir='ltr' id='par_1_108' title="bbox 1113 2504 1868 2547">
     <span class='ocr_line' id='line_1_108' title="bbox 1113 2504 1868 2547; baseline 0.012 -16"><span class='ocrx_word' id='word_1_661' title='bbox 1113 2504 1205 2532; x_wconf 87' lang='lat' dir='ltr'><strong>Mundi</strong></span> <span class='ocrx_word' id='word_1_662' title='bbox 1218 2514 1290 2534; x_wconf 88' lang='lat' dir='ltr'><strong>anno</strong></span> <span class='ocrx_word' id='word_1_663' title='bbox 1306 2507 1386 2541; x_wconf 78' lang='lat'><strong>5757,</strong></span> <span class='ocrx_word' id='word_1_664' title='bbox 1396 2507 1496 2537; x_wconf 67' lang='lat' dir='ltr'><strong>divina:</strong></span> <span class='ocrx_word' id='word_1_665' title='bbox 1508 2511 1708 2540; x_wconf 78' lang='lat' dir='ltr'><strong>incarnationis</strong></span> <span class='ocrx_word' id='word_1_666' title='bbox 1716 2519 1790 2541; x_wconf 81' lang='lat' dir='ltr'><strong>anno</strong></span> <span class='ocrx_word' id='word_1_667' title='bbox 1801 2514 1868 2547; x_wconf 69' lang='grc'><strong>257,</strong></span> 
     </span>
    </p>
   </div>
   <div class='ocr_carea' id='block_1_109' title="bbox 1078 2551 1871 2594">
    <p class='ocr_par' dir='ltr' id='par_1_109' title="bbox 1078 2551 1871 2594">
     <span class='ocr_line' id='line_1_109' title="bbox 1078 2551 1871 2594; baseline 0.014 -16"><span class='ocrx_word' id='word_1_668' title='bbox 1078 2551 1246 2588; x_wconf 75' lang='lat' dir='ltr'><strong>Porphyrius</strong></span> <span class='ocrx_word' id='word_1_669' title='bbox 1279 2553 1381 2583; x_wconf 84' lang='lat' dir='ltr'><strong>Plotini</strong></span> <span class='ocrx_word' id='word_1_670' title='bbox 1412 2555 1545 2585; x_wconf 89' lang='lat' dir='ltr'><strong>Platonici</strong></span> <span class='ocrx_word' id='word_1_671' title='bbox 1571 2559 1726 2594; x_wconf 87' lang='lat' dir='ltr'><strong>philosophi</strong></span> <span class='ocrx_word' id='word_1_672' title='bbox 1759 2561 1871 2588; x_wconf 84' lang='lat' dir='ltr'><strong>auditor</strong></span> 
     </span>
    </p>
   </div>
   <div class='ocr_carea' id='block_1_110' title="bbox 1078 2596 1870 2640">
    <p class='ocr_par' dir='ltr' id='par_1_110' title="bbox 1078 2596 1870 2640">
     <span class='ocr_line' id='line_1_110' title="bbox 1078 2596 1870 2640; baseline 0.014 -17"><span class='ocrx_word' id='word_1_673' title='bbox 1078 2596 1203 2626; x_wconf 86' lang='lat' dir='ltr'><strong>habetur.</strong></span> <span class='ocrx_word' id='word_1_674' title='bbox 1213 2597 1405 2636; x_wconf 84' lang='lat' dir='ltr'><strong>Theopompus</strong></span> <span class='ocrx_word' id='word_1_675' title='bbox 1415 2602 1594 2638; x_wconf 87' lang='lat' dir='ltr'><strong>philosophus</strong></span> <span class='ocrx_word' id='word_1_676' title='bbox 1609 2605 1680 2640; x_wconf 88' lang='lat' dir='ltr'><strong>apud</strong></span> <span class='ocrx_word' id='word_1_677' title='bbox 1691 2605 1870 2634; x_wconf 69' lang='lat' dir='ltr'><strong>Chaeroneam</strong></span> 
     </span>
    </p>
   </div>
   <div class='ocr_carea' id='block_1_111' title="bbox 1079 2641 1870 2686">
    <p class='ocr_par' dir='ltr' id='par_1_111' title="bbox 1079 2641 1870 2686">
     <span class='ocr_line' id='line_1_111' title="bbox 1079 2641 1870 2686; baseline 0.011 -16"><span class='ocrx_word' id='word_1_678' title='bbox 1079 2645 1108 2670; x_wconf 90' lang='lat' dir='ltr'><strong>et</strong></span> <span class='ocrx_word' id='word_1_679' title='bbox 1123 2641 1236 2672; x_wconf 84' lang='lat' dir='ltr'><strong>Nicator</strong></span> <span class='ocrx_word' id='word_1_680' title='bbox 1251 2644 1381 2680; x_wconf 66' lang='lat' dir='ltr'><strong>Sophiste</strong></span> <span class='ocrx_word' id='word_1_681' title='bbox 1405 2655 1491 2683; x_wconf 85' lang='lat' dir='ltr'><strong>penes</strong></span> <span class='ocrx_word' id='word_1_682' title='bbox 1518 2649 1641 2679; x_wconf 81' lang='lat' dir='ltr'><strong>Athenas</strong></span> <span class='ocrx_word' id='word_1_683' title='bbox 1662 2651 1790 2686; x_wconf 76' lang='lat' dir='ltr'><strong>pollebat.</strong></span> <span class='ocrx_word' id='word_1_684' title='bbox 1804 2651 1870 2679; x_wconf 83' lang='lat' dir='ltr'><strong>Plti-</strong></span> 
     </span>
    </p>
   </div>
   <div class='ocr_carea' id='block_1_112' title="bbox 1081 2688 1870 2732">
    <p class='ocr_par' dir='ltr' id='par_1_112' title="bbox 1081 2688 1870 2732">
     <span class='ocr_line' id='line_1_112' title="bbox 1081 2688 1870 2732; baseline 0.015 -18"><span class='ocrx_word' id='word_1_685' title='bbox 1081 2688 1170 2724; x_wconf 90' lang='lat' dir='ltr'><strong>lippus</strong></span> <span class='ocrx_word' id='word_1_686' title='bbox 1186 2689 1334 2725; x_wconf 85' lang='lat' dir='ltr'><strong>imperator</strong></span> <span class='ocrx_word' id='word_1_687' title='bbox 1347 2692 1416 2721; x_wconf 87' lang='lat' dir='ltr'><strong>adeo</strong></span> <span class='ocrx_word' id='word_1_688' title='bbox 1427 2694 1455 2721; x_wconf 93' lang='lat' dir='ltr'><strong>in</strong></span> <span class='ocrx_word' id='word_1_689' title='bbox 1473 2695 1526 2723; x_wconf 80' lang='lat' dir='ltr'><strong>fide</strong></span> <span class='ocrx_word' id='word_1_690' title='bbox 1537 2695 1640 2724; x_wconf 85' lang='lat' dir='ltr'><strong>Christi</strong></span> <span class='ocrx_word' id='word_1_691' title='bbox 1661 2698 1822 2732; x_wconf 85' lang='lat' dir='ltr'><strong>proﬁciebat</strong></span> <span class='ocrx_word' id='word_1_692' title='bbox 1838 2703 1870 2726; x_wconf 84' lang='lat' dir='ltr'><strong>ut</strong></span> 
     </span>
    </p>
   </div>
   <div class='ocr_carea' id='block_1_113' title="bbox 1081 2735 1871 2776">
    <p class='ocr_par' dir='ltr' id='par_1_113' title="bbox 1081 2735 1871 2776">
     <span class='ocr_line' id='line_1_113' title="bbox 1081 2735 1871 2776; baseline 0.013 -14"><span class='ocrx_word' id='word_1_693' title='bbox 1081 2735 1163 2762; x_wconf 87' lang='lat' dir='ltr'><strong>etiam</strong></span> <span class='ocrx_word' id='word_1_694' title='bbox 1180 2739 1291 2770; x_wconf 79' lang='lat' dir='ltr'><strong>peccata</strong></span> <span class='ocrx_word' id='word_1_695' title='bbox 1305 2744 1355 2764; x_wconf 80' lang='lat' dir='ltr'><strong>sua</strong></span> <span class='ocrx_word' id='word_1_696' title='bbox 1384 2744 1509 2775; x_wconf 86' lang='lat' dir='ltr'><strong>prompte</strong></span> <span class='ocrx_word' id='word_1_697' title='bbox 1531 2741 1720 2776; x_wconf 85' lang='lat' dir='ltr'><strong>confiteretur,</strong></span> <span class='ocrx_word' id='word_1_698' title='bbox 1741 2749 1768 2771; x_wconf 90' lang='lat' dir='ltr'><strong>et</strong></span> <span class='ocrx_word' id='word_1_699' title='bbox 1787 2748 1871 2772; x_wconf 85' lang='lat' dir='ltr'><strong>nocte</strong></span> 
     </span>
    </p>
   </div>
   <div class='ocr_carea' id='block_1_114' title="bbox 1082 2780 1869 2819">
    <p class='ocr_par' dir='ltr' id='par_1_114' title="bbox 1082 2780 1869 2819">
     <span class='ocr_line' id='line_1_114' title="bbox 1082 2780 1869 2819; baseline 0.017 -13"><span class='ocrx_word' id='word_1_700' title='bbox 1082 2780 1220 2814; x_wconf 79' lang='lat' dir='ltr'><strong>paschalis</strong></span> <span class='ocrx_word' id='word_1_701' title='bbox 1250 2780 1407 2813; x_wconf 74' lang='lat' dir='ltr'><strong>festivitatis</strong></span> <span class='ocrx_word' id='word_1_702' title='bbox 1436 2787 1606 2816; x_wconf 82' lang='lat' dir='ltr'><strong>multitudini</strong></span> <span class='ocrx_word' id='word_1_703' title='bbox 1635 2790 1707 2817; x_wconf 86' lang='lat' dir='ltr'><strong>inter</strong></span> <span class='ocrx_word' id='word_1_704' title='bbox 1734 2790 1869 2819; x_wconf 68' lang='lat' dir='ltr'><strong>Ecclesia</strong></span> 
     </span>
    </p>
   </div>
  </div>
