2035 3153
241 197 309 229 12οἲ

786 201 985 231 ANASTASH
1018 200 1053 230 BI
1060 201 1332 232 BLlOTHECARII

1802 202 1872 235 1204

240 261 363 295 periculis
377 260 466 287 multis
495 266 519 287 et
532 261 634 295 magnis
656 266 761 295 propter
786 262 902 288 divinior;
927 261 1027 288 cultum
1042 264 1064 291 Α
1079 261 1143 291 246.
1161 261 1255 290 Callus
1273 267 1300 290 et
1327 262 1492 290 Volusianus
1520 262 1666 296 imperant.
1686 261 1832 290 Cornelius
1843 269 1871 290 ct

240 307 368 340 affuerit?
382 306 427 332 sed
444 315 494 333 non
509 313 546 334 est
563 308 612 334 ita.
641 307 690 334 Cui
707 307 824 334 videlicet
852 308 954 334 occasio
969 315 1026 334 ere—

241 354 320 380 rlentli
337 353 389 387 fuit
406 352 516 380 Sutante
532 353 660 380 adventus
683 354 709 380 in
725 362 783 380 eum
807 359 832 380 et
849 354 979 380 habitatio
1000 354 1026 379 iu

240 399 287 426 illo
312 404 426 432 (erupere
437 399 531 431 multo,
547 404 570 426 et
589 405 618 425 ut
630 400 802 433 atljuvuretur
827 399 859 426 ab
874 400 1025 426 exorcistis.

241 443 420 472 Cumsa't'um
448 446 604 473 incurrisset
632 447 795 480 languorem,
823 455 933 480 cumque
960 446 1028 472 mori

240 490 420 518 a'stimaretur
444 492 471 518 in
487 493 554 518 tecto
566 500 616 526 quo
627 492 745 526 jacebat.
763 492 887 525 perfusus
910 496 948 518 est
967 500 1027 526 gra-

240 537 287 570 tia,
305 537 329 564 si
344 543 430 564 tamen
445 538 530 565 dicere
542 543 660 573 oporteat
676 538 831 572 ltujusmodi
851 538 914 572 quid
930 538 1027 573 gratim

239 584 395 617 suscepisse.
413 583 464 610 Sed
480 592 524 610 nec
540 589 635 612 uetera
646 589 800 611 consecutus
825 589 875 615 est,
894 592 951 611 cum
968 585 1025 610 lan-

238 637 344 662 guorem
368 629 480 663 fugi-ret,
503 637 561 663 qua:
589 629 723 663 percipere
750 629 858 656 debebat
882 629 1024 655 secundum

238 672 367 700 Ecrlesitu
380 675 508 708 regulam.
527 674 578 701 Sed
594 683 639 701 nec
657 675 822 709 signaculum
851 674 883 701 ob
904 675 1025 709 episeopo

237 725 390 746 consecutus
405 725 454 747 est.
471 719 542 755 Ergo
559 729 618 747 cum
636 721 691 747 lucc
702 720 810 754 adeptus
831 729 883 747 non
895 721 941 751 sit,
957 729 1023 754 quo-

237 766 315 792 modo
341 774 429 801 quaeso
446 766 575 800 Spiritum
594 771 714 793 sanetum
725 766 834 800 adeptus
846 768 905 793 est."
918 766 948 792 Et
964 774 1024 793 rur-

237 820 286 840 sus
305 811 389 839 infert
415 821 421 838 :
442 812 495 845 Qui
520 812 824 847 propterformidinem
845 817 868 839 et
894 813 1024 847 privatur).

235 858 378 894 quamdam
394 859 511 894 gratiam
530 864 643 893 tempore
666 859 855 892 persecutionis
886 859 1021 893 presbyte-

236 912 295 930 rum
310 912 366 930 esse
381 913 408 931 se
425 904 559 940 denegavit
579 914 584 930 ε
601 905 754 939 postulatus
769 906 837 931 enim
856 910 933 939 atque
946 913 1024 939 roga-

236 953 278 975 tus
296 948 479 975 adiaconibus
498 955 525 975 ut
545 950 629 975 exiret
649 958 662 976 e
682 949 790 979 cellula.
808 958 860 983 qua
881 957 937 976 sese
951 957 1024 976 coer-

235 1000 335 1027 cuerat,
355 995 484 1029 fratribus
503 995 686 1022 auxiliaturus
702 1001 736 1026 et,
755 1000 782 1021 ut
809 995 851 1029 fas
873 995 1025 1030 presbytero

235 1045 313 1071 esset,
327 1049 373 1074 pro
387 1040 486 1067 viribus
509 1040 721 1075 periclitantibus
738 1039 866 1074 fratribus
883 1044 907 1066 et
925 1040 1024 1067 sollici-

238 1086 337 1114 tudinis
358 1086 537 1121 indigentibus
560 1087 751 1121 opitulaturus,
769 1087 834 1113 adeo
858 1095 951 1122 parere
969 1086 1027 1114 dia-

236 1133 344 1160 couibus
356 1134 488 1160 recusavit
502 1139 530 1160 ut
543 1135 623 1160 etiam
638 1134 769 1160 swvieudo
787 1133 944 1160 discederet.
964 1132 1025 1160 Non

235 1179 304 1205 enim
323 1178 393 1205 ultra
410 1187 438 1205 se
449 1179 627 1213 presbyterum
642 1177 698 1212 fore
722 1186 886 1209 asseverans,
901 1185 960 1204 cum
982 1178 1025 1204 al-

238 1225 318 1251 terius
339 1230 407 1252 esset
420 1224 594 1259 philosophia
611 1230 726 1251 amator.
751 1224 816 1251 Dein
836 1228 897 1258 post
918 1224 1025 1258 pauxil-

237 1270 293 1297 lum
322 1270 458 1298 subinlcrt
476 1279 482 1297 :
499 1269 611 1297 Deserta
635 1271 705 1297 enim
729 1270 818 1297 clarus
835 1270 884 1296 iste
904 1269 1025 1296 Ecclesia

234 1314 295 1348 Dei,
310 1316 403 1351 inqua
424 1316 531 1343 credens
545 1317 641 1346 meruit
669 1315 878 1350 presbyteratqu
896 1323 941 1349 per
964 1324 1026 1350 gra-

235 1361 301 1388 tiam
315 1362 441 1396 episcopi,
455 1362 501 1397 qui
513 1362 547 1388 ad
559 1368 658 1389 sortem
681 1362 878 1397 presbyteratus
903 1362 927 1388 ei
942 1362 1027 1397 impo-

234 1408 298 1440 suit,
312 1407 460 1442 prohibitus
471 1414 510 1435 est
529 1408 561 1435 ab
574 1409 647 1435 onuri
662 1409 742 1440 clero,
763 1408 807 1435 sed
825 1412 849 1435 et
864 1408 938 1434 [uicis
959 1407 1027 1433 nnti-

236 1453 270 1480 tis
287 1453 465 1481 asserentibus
483 1462 534 1480 non
556 1461 611 1480 esse
634 1453 737 1480 licitum
758 1453 880 1480 clericum
894 1453 952 1487 ﬁeri
967 1461 1025 1479 eum

235 1506 318 1525 causa
344 1499 522 1533 infirmitatis,
536 1500 580 1534 qui
598 1498 625 1525 in
641 1499 706 1525 lecto
726 1499 826 1532 petitus
852 1499 967 1533 gratiam
993 1498 1024 1524 sit

236 1543 357 1578 adeptus.
385 1544 480 1571 Verum
495 1545 646 1579 episcopum
663 1549 847 1578 poposcerunt.
864 1549 892 1569 ut
908 1544 956 1570 hoc
976 1544 1025 1570 sibi

234 1590 267 1617 de
281 1590 334 1617 isto
348 1591 404 1617 solo
419 1590 583 1617 concederet.
599 1590 647 1616 His
661 1590 735 1616 addit
751 1590 895 1617 Cornelius
915 1591 1023 1624 pravis-

235 1636 333 1662 simam
366 1634 462 1662 Novati
501 1636 699 1671 impudentiam
733 1644 888 1664 asserens:
913 1636 1025 1664 Foeiens

233 1682 303 1708 enim
318 1681 475 1713 oblationes,
489 1687 512 1709 et
539 1683 699 1717 dispertiens
717 1684 857 1718 unicuique
877 1684 1025 1716 portionem

234 1731 259 1753 et
277 1726 395 1758 tradens,
414 1728 463 1754 hoc
482 1728 577 1762 jurare
592 1736 640 1761 pro
665 1728 842 1755 benedictione
857 1729 963 1755 miseros
978 1729 1025 1755 lto—

235 1773 318 1799 minus
334 1773 412 1808 cogit,
428 1778 516 1800 tenens
534 1779 646 1809 utraque
666 1782 746 1801 manu
769 1783 876 1801 omnum
893 1775 1026 1809 accipieti-

234 1817 280 1849 tis,
294 1823 320 1844 et
335 1826 386 1845 non
398 1818 532 1845 dimittens
549 1818 630 1845 donec
638 1819 735 1853 jurans
759 1819 806 1846 hoc
820 1820 892 1846 dicat
905 1827 914 1846 :
933 1820 1025 1854 (illius

233 1864 306 1890 enim
329 1865 503 1892 sermonibus
520 1866 597 1900 utar)
616 1875 624 1890 ι
641 1865 711 1892 Jura
724 1867 788 1892 milti
810 1875 856 1901 per
883 1875 978 1901 corpus
998 1871 1023 1893 et

234 1910 389 1945 sanguinem
424 1910 531 1937 Domini
553 1912 638 1938 nostri
662 1911 726 1938 Jesu
750 1911 852 1939 Citriin
868 1913 937 1948 quod
957 1921 1024 1939 nun-

233 1964 313 1990 quam
330 1965 370 1984 me
398 1957 542 1992 aliquando
558 1958 727 1993 derelinquas
755 1960 793 1986 vel
813 1961 847 1986 ad
873 1959 1023 1987 Cornelium

235 2002 346 2034 redeas;
367 2012 373 2027 ι
393 2008 416 2029 ct
433 2003 568 2038 infaustus
577 2003 661 2031 homo
682 2012 733 2045 nor;
749 2005 823 2039 prius
840 2010 928 2039 gustat
945 2013 1024 2040 quant

235 2049 284 2076 sibi
300 2054 376 2076 antea
395 2049 548 2081 ntaledicat,
561 2054 586 2076 et
600 2058 647 2084 pro
662 2058 691 2076 eo
704 2055 732 2076 ut
749 2050 821 2076 dicat
838 2056 943 2084 accepto
959 2059 1026 2084 pune

234 2096 282 2122 illo
300 2095 351 2130 (Γ)
369 2105 377 2121 ι
401 2096 616 2127 Antcn,ulterius
628 2097 688 2130 jam
706 2105 758 2123 non
782 2097 885 2124 redeam
901 2097 936 2123 ad
960 2097 1026 2125 Cor-

234 2142 333 2168 nelium
350 2151 360 2167 ι
379 2142 453 2168 dicit.
471 2142 606 2169 Prmterea
618 2142 701 2169 Fabio
716 2143 886 2169 Antiochum
895 2144 1025 2179 episcopo

235 2195 318 2223 super
333 2187 437 2215 Novato
450 2187 617 2215 claudicanti
633 2189 788 2221 Cornelius,
804 2197 864 2223 qua:
879 2190 1023 2223 przcmissa

235 2239 310 2267 sunt,
332 2237 358 2261 et
375 2234 492 2269 qualiter
514 2242 575 2262 eum
600 2235 678 2262 multi
702 2236 860 2263 desert-ntus
881 2237 914 2262 ad
933 2236 1025 2264 Eccle-

1081 307 1181 335 Lucius
1210 309 1284 336 circa
1321 309 1418 336 horum
1451 313 1574 342 tempora
1601 308 1719 335 Romani
1748 309 1870 343 episcopi

1078 364 1176 382 cruore
1188 356 1310 390 martyrii
1328 356 1435 382 lioran
1457 355 1524 382 Cum
1543 345 1652 389 plurimi
1680 354 1800 390 Scythia,
1824 356 1871 390 qui

1078 401 1158 429 Cottii
1177 402 1317 433 dicuntur,
1338 401 1462 432 Histrum
1481 401 1593 431 [luvium
1608 401 1661 428 sub
1679 401 1760 428 Det-io
1779 406 1872 428 trans-

1079 453 1227 480 mcassent,
1254 448 1408 474 Ronmnum
1437 448 1582 482 imperium
1606 447 1807 474 derastahant:
1826 447 1871 475 isti

1078 494 1169 530 Mysos
1185 493 1337 529 Nicopolim
1352 493 1489 529 fugientes
1502 494 1695 521 obtinuerunt.
1713 493 1812 520 Decius
1825 501 1874 519 au-

1077 547 1130 568 tem
1144 541 1204 567 illos
1220 548 1379 574 aggressus,
1400 545 1430 566 ut
1452 539 1589 574 Detippus
1619 539 1729 570 scribit,
1757 539 1871 572 triginta

1077 578 1198 614 millibus
1214 587 1364 614 interiectis
1379 586 1408 613 in
1437 585 1566 613 conﬂictu
1594 585 1740 615 minuitur.
1778 585 1815 612 ita
1843 591 1873 612 ut

1077 631 1291 668 Philippopolim
1314 631 1451 659 desertam
1469 631 1503 658 ab
1516 631 1557 658 eis
1573 630 1673 657 factam
1690 631 1830 658 attriueret
1844 635 1872 657 et

1076 677 1198 705 Thraces
1215 677 1293 704 multi
1313 677 1444 712 perirent.
1461 677 1548 704 Porro
1569 676 1670 704 Decius
1696 676 1872 711 impugnator

1077 724 1123 751 Dei
1137 723 1218 750 valde
1233 723 1415 758 ignominioso
1435 723 1573 750 occiditur
1588 722 1659 756 apud
1674 722 1808 757 Abrylum
1823 723 1870 756 qui

1075 770 1177 797 dicitur
1190 768 1422 796 Forothcmbroni
1440 776 1492 795 una
1510 775 1573 795 cum
1591 768 1656 794 tilio.
1673 767 1783 802 Scytha:
1806 775 1871 794 vero

1075 824 1137 844 cum
1155 815 1279 850 pluribus
1301 814 1398 850 spoliis
1423 819 1450 842 et
1473 814 1592 849 captivis
1622 813 1655 839 ad
1685 821 1734 840 sua
1768 814 1870 840 reversi

1075 865 1148 888 sunt.
1167 860 1310 887 Exercitus
1325 863 1417 886 autem
1433 858 1540 886 Gallum
1555 858 1715 893 quemdam,
1743 859 1789 892 qui
1805 859 1871 885 olim

1076 905 1172 932 consul
1189 904 1343 935 exstiterat,
1359 905 1552 939 imperatorem
1570 911 1623 930 una
1642 911 1704 930 cum
1720 903 1872 930 Volusiano

1078 950 1154 978 Decii
1169 951 1224 978 tilio
1237 950 1472 981 acclamaverunt,
1500 950 1546 984 qui
1566 953 1593 976 ct
1611 949 1750 984 imperant
1772 957 1872 976 secun-

1078 997 1143 1024 dum
1158 996 1311 1032 Dexippum
1323 996 1466 1024 mensibus
1477 996 1571 1023 decem
1585 1000 1613 1022 et
1624 1001 1698 1027 octo,
1711 995 1870 1029 uildignum

1077 1041 1158 1069 laude
1169 1046 1308 1076 gerentes,
1324 1042 1475 1069 secundum
1487 1041 1557 1068 alios
1573 1045 1663 1068 autem
1676 1041 1756 1068 annis
1770 1041 1870 1071 tribus,

1076 1092 1157 1120 porro
1173 1085 1323 1112 secundum
1340 1084 1472 1119 quosdam
1504 1084 1585 1112 annis
1604 1084 1731 1117 duobus;
1762 1093 1871 1120 perem.

1076 1131 1171 1166 ptique
1197 1136 1263 1159 sunt
1285 1131 1385 1165 proditi
1407 1140 1422 1158 a
1450 1131 1561 1166 proprio
1590 1136 1732 1166 potentatu
1762 1132 1788 1158 in
1811 1132 1872 1158 loro

1077 1177 1214 1209 Flatninii,
1234 1185 1407 1212 nequaquam
1429 1177 1502 1205 Decii
1519 1185 1610 1205 mores
1630 1177 1739 1210 sectati,
1759 1182 1789 1204 ut
1803 1185 1870 1212 quo-

1076 1222 1139 1249 dam
1162 1223 1189 1250 in
1205 1223 1266 1250 loco
1283 1223 1379 1250 beatus
1411 1223 1558 1257 Dionysius
1585 1223 1799 1255 Alexandrinus,
1823 1231 1872 1250 an-

1076 1269 1155 1296 tistes
1168 1269 1384 1301 llcrmammoni,
1402 1270 1510 1297 scribit.
1529 1269 1578 1298 His
1586 1270 1756 1304 temporibus
1766 1269 1872 1304 Grego-

1076 1314 1135 1341 rius
1145 1321 1258 1348 magnus
1265 1319 1293 1340 ct
1303 1314 1500 1341 miraculorum
1513 1315 1670 1349 patratorin
1681 1313 1872 1348 philosophia,

1076 1367 1138 1394 qua
1155 1360 1307 1387 secundum
1321 1358 1462 1387 Christum
1480 1365 1533 1393 est,
1554 1359 1725 1395 perfectione
1739 1359 1871 1394 fulgebat.

1075 1406 1161 1440 Cujus
1178 1405 1342 1441 condignam
1355 1405 1536 1433 Caesariensis
1547 1405 1694 1437 Eusebius,
1710 1406 1803 1432 nescio
1817 1413 1871 1440 qua

1077 1460 1127 1487 pro
1144 1459 1240 1483 causa,
1266 1452 1435 1479 mentionem
1451 1460 1506 1479 non
1523 1451 1600 1484 facit,
1627 1453 1781 1486 praesertim
1807 1459 1871 1478 cum

1077 1497 1315 1524 irrationabilibus
1348 1497 1601 1524 declamationibus
1640 1497 1716 1531 impii
1742 1495 1872 1532 Origenis

1076 1547 1211 1575 moretur,
1232 1543 1305 1577 quod
1322 1550 1404 1578 agere
1424 1543 1517 1578 potius
1532 1551 1616 1578 super
1645 1543 1698 1570 hoc
1726 1542 1864 1575 debuerit,

1077 1591 1123 1626 qui
1136 1598 1183 1625 per
1200 1590 1359 1617 universum
1380 1590 1475 1617 orbem
1487 1594 1625 1617 terrarum
1642 1594 1772 1624 personat
1796 1589 1869 1616 divi-

1077 1638 1175 1672 nisque
1195 1636 1288 1664 verbis
1303 1640 1431 1663 coruscat
1446 1641 1528 1669 atque
1540 1635 1683 1670 prodigiis,
1705 1635 1741 1662 ita
1756 1640 1787 1661 ut
1801 1635 1872 1669 ipsis

1075 1685 1157 1713 etiam
1174 1682 1346 1711 daemonibus
1359 1686 1389 1709 ut
1404 1682 1571 1717 quibusdam
1588 1681 1735 1716 mancipiis
1750 1682 1872 1716 impers-

1076 1734 1118 1758 rct
1130 1738 1177 1764 per
1192 1729 1305 1756 multam
1324 1729 1357 1755 ad
1372 1729 1456 1755 Deum
1475 1727 1606 1754 ﬁduciam
1622 1732 1650 1754 et
1663 1727 1725 1755 vitae
1744 1730 1772 1754 et
1791 1726 1870 1753 verbi

1077 1775 1253 1803 munditiam.
1280 1775 1398 1802 Estiuto
1426 1778 1517 1800 autem
1540 1772 1688 1800 Eusebium
1712 1773 1749 1799 ita
1767 1772 1872 1800 deiﬁca:

1075 1821 1184 1849 virtutis
1206 1821 1341 1849 mirabilis
1370 1824 1398 1847 et
1428 1818 1526 1847 deiferi
1557 1818 1682 1854 Gregorii
1706 1818 1872 1853 magnitudi-

1077 1877 1138 1897 nem
1166 1869 1301 1901 tacuisse,
1320 1876 1370 1903 pro
1389 1875 1421 1894 eo
1448 1866 1521 1900 quod
1546 1866 1715 1894 omnimodis
1736 1874 1823 1900 purus
1844 1871 1872 1894 et

1076 1915 1183 1943 alienus
1202 1915 1236 1942 ab
1255 1914 1382 1948 Origenis
1397 1913 1588 1940 deliramentis
1602 1916 1629 1940 et
1655 1912 1712 1939 Arii
1741 1912 1872 1946 blasphe-

1077 1961 1140 1989 miis
1156 1961 1249 1993 fuerit,
1268 1960 1369 1995 quibus
1382 1959 1517 1986 Eusebius
1530 1963 1588 1986 erat
1603 1958 1733 1986 inlectus.
1749 1958 1802 1990 Qui
1819 1966 1872 1986 nec

1076 2007 1216 2043 Cypriani,
1234 2006 1325 2042 magni
1341 2005 1518 2040 Carthaginis
1534 2004 1625 2040 Libyae
1641 2005 1778 2040 prtcsulis,
1795 2012 1872 2031 mar-

1077 2053 1178 2088 tyrium
1194 2053 1317 2087 scripsit.
1339 2052 1449 2078 Primus
1461 2050 1600 2086 Cypriano
1612 2050 1809 2085 dogmatisanti
1823 2057 1872 2084 per

1075 2099 1214 2126 lavacrum
1234 2097 1379 2133 quosdam,
1395 2098 1442 2132 qui
1463 2105 1497 2124 ex
1526 2096 1681 2123 haeresibus
1702 2100 1872 2122 convertun-

1076 2150 1134 2178 tur,
1163 2144 1361 2181 purllicaudos,
1385 2143 1551 2178 Stephanus,
1585 2142 1632 2177 qui
1665 2146 1727 2176 post
1754 2141 1870 2169 Lucium

1078 2189 1266 2217 Romanorum
1283 2189 1441 2216 moderatus
1456 2193 1498 2215 cst
1522 2187 1627 2219 sedero,
1644 2187 1758 2219 restitit,
1775 2192 1871 2222 utpote

1076 2244 1178 2264 novum
1207 2235 1338 2271 quiddam
1362 2239 1462 2270 pra-ter
1486 2233 1616 2261 Ecclesia:
1641 2234 1872 2261 consuetudinem

234 2281 304 2309 siam
319 2286 445 2313 currant,
471 2282 628 2309 necessario
649 2283 755 2310 seribit.
786 2283 814 2309 In
830 2283 931 2318 quibus
946 2288 972 2311 ct
990 2284 1063 2314 deD
1077 2282 1276 2310 introducenti.
1307 2281 1359 2309 Cui
1393 2281 1536 2316 Stephano
1566 2279 1714 2315 Dionysius
1751 2280 1870 2314 primam

234 2327 314 2355 beato
329 2327 422 2361 Moyse
434 2331 555 2363 martyre
579 2328 713 2361 meminit,
729 2329 848 2363 qualiter
862 2330 951 2364 ipsum
967 2329 1022 2356 No-

233 2377 326 2400 vatum
342 2378 405 2401 autc
423 2374 582 2408 martyrium
600 2382 654 2401 una
672 2382 734 2402 cum
748 2376 871 2411 quinque
886 2376 1022 2404 schisma-

233 2419 296 2446 ticis
314 2418 483 2454 presbyteris
506 2419 578 2453 ejus.
605 2419 813 2454 deprclwndens
842 2421 1020 2447 temeritatem

234 2465 332 2499 ipsius,
345 2465 638 2492 excommunicaveril.
653 2465 789 2500 Atltlitquc
800 2467 826 2492 in
836 2467 959 2502 epistolae
972 2466 1024 2494 line

233 2509 388 2545 catalogum
406 2511 598 2544 episcoporum
616 2510 662 2545 qui
690 2511 824 2538 adversus
849 2519 911 2538 cum
931 2511 1024 2539 Roma:

235 2561 420 2583 convenerant
440 2564 488 2590 per
505 2557 611 2592 singula
630 2557 753 2589 nomina,
777 2562 804 2584 ct
831 2559 1022 2593 parochiarum

234 2601 338 2628 faciens
353 2602 532 2634 mentionem,
562 2610 669 2630 necnon
685 2608 712 2631 et
736 2611 831 2631 eorum
843 2604 889 2639 qui
908 2612 970 2631 cum
988 2605 1024 2631 ob

234 2648 388 2675 necessaria
405 2648 546 2676 obstacula
567 2657 621 2676 non
649 2649 856 2683 convenissent,
872 2657 1022 2678 consense-

235 2699 298 2720 runt
314 2698 404 2721 tamen
419 2695 539 2729 propriis
562 2695 662 2723 litteris
684 2695 777 2723 divino
808 2701 905 2723 contra
931 2696 1020 2730 ipsum

233 2739 392 2774 depromptu
404 2740 521 2774 judicio.

271 2785 363 2813 Mundi
390 2795 463 2814 anno
491 2787 572 2818 5756,
601 2788 700 2815 dit'inrc
731 2788 930 2816 incarnationis
950 2797 1021 2816 anno

1077 2337 1155 2358 suam
1170 2329 1204 2356 de
1221 2329 1386 2363 baptismate
1396 2329 1482 2355 mittit
1493 2327 1652 2362 epistolam,
1674 2327 1700 2353 in
1718 2335 1773 2362 qua
1798 2327 1873 2353 inter

1077 2375 1131 2402 alia
1156 2374 1253 2402 scribit
1270 2374 1366 2401 dicens
1383 2383 1390 2401 :
1413 2373 1500 2408 Syrica
1513 2380 1577 2399 sane
1596 2380 1685 2399 omnes
1707 2377 1732 2398 et
1758 2371 1872 2402 Arabia,

1076 2422 1170 2455 quibus
1180 2428 1281 2454 semper
1300 2420 1428 2450 misistis,
1446 2424 1525 2454 atque
1539 2417 1748 2452 Mesopotamia,
1766 2417 1871 2444 Pontus

1076 2467 1100 2490 et
1116 2463 1252 2499 Bithynia,
1268 2468 1295 2490 ut
1313 2464 1475 2498 conjunctim
1487 2470 1618 2494 asserunt,
1629 2462 1766 2489 exsultant
1778 2470 1871 2488 omnes

1077 2509 1171 2544 ubique
1186 2510 1331 2536 concordia
1345 2513 1370 2536 et
1386 2517 1477 2536 amore
1491 2508 1671 2543 fraternitatis
1682 2507 1869 2542 gloriﬁcantes

1077 2555 1172 2583 Deum.
1188 2555 1324 2584 Praeterea
1340 2556 1411 2583 idem
1433 2563 1550 2591 magnus
1571 2555 1720 2588 Dionysius
1748 2554 1871 2580 Alenu-

1074 2602 1172 2629 drinns
1188 2602 1338 2637 cpiscopus
1354 2602 1388 2629 de.
1404 2602 1570 2636 baptismate
1583 2602 1682 2629 scribit
1709 2606 1766 2628 tam
1780 2601 1870 2628 eidem

1075 2648 1216 2684 Stephano
1240 2656 1323 2683 quam
1344 2649 1423 2676 Sixto
1439 2649 1561 2684 pontiﬁci
1587 2653 1614 2676 et
1633 2648 1786 2676 Pbilomeni
1808 2656 1872 2683 prc-

1076 2695 1188 2730 shytero
1200 2699 1229 2723 et
1245 2694 1377 2731 Dionysio
1392 2703 1471 2731 seque
1487 2695 1656 2731 presbytero,
1673 2696 1732 2722 viro
1748 2696 1868 2722 rationa-

1077 2742 1122 2769 bili
1140 2746 1166 2768 et
1178 2742 1308 2775 mirabili,
1321 2741 1367 2776 qui
1383 2745 1411 2769 et
1426 2746 1490 2777 post
1505 2741 1644 2769 modicqu
1661 2741 1785 2769 Romano
1799 2749 1870 2776 prte-

1076 2789 1166 2816 l'tcitur
1180 2789 1290 2816 throno.

990 2846 1103 2874 ΝΟΤιΕ.

271 2890 319 2930 ir)
339 2890 369 2916 ν-
389 2892 598 2930 (Misery-stiones
624 2895 683 2930 Nic.
702 2893 811 2930 Rigaltii
839 2894 872 2921 ad
887 2895 1048 2923 Tertullian.
1069 2895 1107 2922 Dl‘
1130 2896 1286 2930 spectaculis
1305 2896 1332 2923 in
1350 2896 1412 2928 ﬁne,
1428 2899 1454 2923 ct
1470 2895 1593 2923 blcnard.
1607 2895 1633 2922 in
1659 2895 1706 2922 lib.
1742 2895 1867 2921 Sacram.

238 2922 265 2949 S.
281 2922 406 2959 GI‘CgOI'.,
423 2934 449 2960 p.
461 2928 512 2954 389
527 2932 554 2955 ut
566 2929 626 2957 39L
641 2929 721 2957 Fara.
