2035 3153
198 158 266 191 3205

594 158 779 188 HISTORIA
796 159 1085 192 ECCLESTASTICA
1099 162 1150 191 EX
1167 161 1410 192 TIIEOPHANE.

1762 162 1829 193 12M

231 213 323 240 Mundi
354 219 426 240 anno
452 212 534 244 5713.
564 213 663 241 divina!
687 215 887 242 incarn'aliﬁms
909 223 986 246 (Iuno
1001 219 1024 246 Α
1039 225 1100 245 nem
1119 217 1252 246 adversus
1266 218 1439 246 Christianos
1454 225 1564 246 movere
1579 219 1723 251 niteretur,
1736 221 1830 249 divino

196 259 260 291 248,
277 259 443 286 Valerianus
458 263 485 286 et
500 257 631 287 Galienus
657 259 804 295 imperant.
828 260 985 295 Stephanus

195 306 290 333 Sixtus
307 308 334 332 et
351 304 498 340 Dionysius
516 303 670 333 Romanum
687 306 858 340 pontiﬁcium
875 311 984 342 gerunt.

195 351 296 378 Paulus
324 350 520 378 Samosatenus
540 351 663 379 decimus
690 352 804 387 quimus
836 353 986 381 Antiochiae

195 397 294 432 praesul
315 396 442 430 habetur,
459 398 561 432 quique
580 398 676 432 pulsus
691 401 733 426 est
756 398 851 426 divino
875 398 986 427 decreto

195 443 336 478 etjudicio
349 447 508 471 sanctorum
528 443 651 474 Patrum.
669 452 730 470 cuin
756 444 914 472 Artemonis
930 445 985 473 hae-

194 490 276 517 resim
295 494 467 517 renovasset.
485 489 586 516 Verum
605 495 666 524 post
682 489 790 518 Gallum
806 495 834 518 et
858 490 986 518 Volusia-

194 543 260 564 nnm
278 536 431 564 secundum
458 536 590 571 quosdam
607 536 772 564 {Emilianus
796 537 881 564 sumit
899 538 985 573 impe-

194 583 278 610 rium.
296 582 373 609 Tunc
386 585 412 609 et
425 581 534 617 Scythae
549 590 647 609 rursus
668 582 791 610 Histrum
812 587 987 612 transeuntes

194 627 422 657 Thessalonicam
438 628 531 654 urbem
560 627 660 663 Illyrici
688 634 879 658 vastaverunt.
906 630 986 658 Tunc

194 679 221 703 et
232 674 414 702 Athenienses
429 674 666 701 remdiﬁcaverunt
680 683 798 708 murum,
816 676 861 711 qui
878 677 986 704 destru-

195 726 257 748 ctus
271 720 360 748 fuerat
371 728 385 747 a
402 719 482 755 Syllae
496 720 674 755 temporibus.
691 721 799 756 Scythae
814 727 906 749 autem
922 730 985 749 cum

197 767 292 794 multis
313 766 415 802 pra-dis
431 766 465 793 ad
481 765 592 800 propria
618 771 783 794 remearunt.
806 766 883 794 Tunc
896 771 922 794 et
934 768 987 795 He-

195 813 249 841 luri
262 821 324 840 cum
339 811 499 848 quingentis
520 811 638 839 navibus
651 820 698 846 per
712 812 852 841 Maeotides
873 813 986 848 paludes

195 859 230 887 ad
248 858 364 886 Pontum
383 857 546 893 navigantes
568 856 730 892 Byzantium
749 862 776 885 et
795 858 986 895 Chrysopolim

195 911 339 942 ceperunt.

230 954 311 980 Anno
334 953 428 980 mundi
455 952 534 983 5755,
560 951 660 979 divinae
689 951 890 978 incarnationis
915 958 988 978 anno

194 999 260 1031 255,
275 999 406 1026 Claudius
436 999 562 1033 imperat.
582 997 675 1025 lit-iuri
707 999 790 1026 etiam
811 1005 909 1025 rursus
938 997 989 1025 sub

196 1045 249 1072 isto
261 1045 407 1071 infeliciter
422 1048 582 1078 operantur.
597 1043 662 1070 Post
677 1042 822 1070 Claudium
833 1043 985 1076 Quintilius

195 1089 316 1117 obtinuit
329 1097 377 1124 per
391 1089 450 1116 dies
463 1089 506 1120 17,
525 1093 551 1116 et
567 1092 690 1116 mortuus
706 1093 758 1116 est.

233 1135 325 1163 Mundi
351 1143 423 1163 anno
450 1135 530 1168 5764,
559 1135 657 1162 divinae
684 1134 884 1162 incarnationis
912 1142 984 1162 anno

195 1182 258 1216 9.64,
273 1183 437 1210 Aurelianus
452 1182 578 1216 imperat,
593 1181 644 1208 sub
662 1188 717 1215 quo
731 1181 809 1208 aiunt
833 1180 983 1208 Philostra-

196 1235 253 1256 tum
268 1229 477 1256 Atheniensium
501 1227 754 1262 historiographum
777 1230 804 1254 et
828 1227 982 1262 Longinum

195 1275 308 1310 pollere.
325 1275 388 1308 Qui,
402 1274 528 1302 videlicet
545 1273 721 1306 Aurelianus,
735 1280 798 1300 cum
813 1272 984 1307 persecutio-

197 1392 1667 1406 *ΨΜ

1038 263 1153 290 fulmine
1170 263 1342 298 prohibetur,
1356 263 1507 300 fraudeque
1519 272 1630 292 suorum
1648 266 1757 294 occisus
1787 272 1829 294 est

1038 309 1064 337 in
1077 309 1276 344 Caenophrurio
1297 311 1386 345 posito
1405 311 1476 338 inter
1501 311 1662 347 Byzantium
1690 316 1718 339 et
1743 312 1829 339 Hera-

1040 355 1132 382 cliam.
1147 354 1213 382 Post
1230 363 1309 390 quem
1328 356 1445 390 imperat
1459 356 1571 384 Tacitus
1585 365 1593 387 ;
1612 365 1666 392 quo
1689 363 1828 391 perempto

1039 401 1155 436 imperat
1167 401 1341 428 Philorianus
1352 410 1358 431 :
1370 410 1424 436 quo
1435 401 1579 429 interfecto
1588 402 1703 437 imperat
1712 402 1828 431 Probus.

1075 447 1166 475 Mundi
1194 455 1266 475 anno
1293 447 1375 481 5770,
1403 448 1501 475 divinae
1533 449 1729 476 incarnationis
1758 457 1830 476 auito

1039 494 1103 525 270,
1121 494 1201 521 tcrlio
1217 501 1289 521 anno
1302 493 1391 520 Probo
1410 494 1562 528 imperante
1576 494 1718 522 Anatolius
1730 494 1831 522 Laodi-

1039 546 1124 566 cenus
1154 539 1301 574 episcopus
1344 540 1544 575 philosophicis
1586 540 1685 568 studiis
1713 542 1830 569 decorus

1039 586 1210 621 agnoscitur.
1232 586 1335 618 Quarto
1353 593 1417 612 vero
1431 593 1504 613 anno
1514 586 1572 621 ejus
1589 595 1752 614 vesanorum
1775 587 1831 614 Ma-

1040 632 1206 659 nichaeorum
1240 632 1360 659 exitialis
1380 632 1498 667 perditio
1525 633 1587 660 vitae
1619 634 1758 661 hominum
1789 639 1832 662 est

1039 679 1123 704 illata.

1075 723 1166 751 Mundi
1194 732 1266 752 anno
1288 724 1370 755 5775,
1398 724 1498 751 divinae
1529 724 1728 752 incarnationis
1758 733 1830 752 anno

1038 770 1101 804 275,
1120 770 1207 797 Carus
1224 778 1285 797 cum
1305 770 1368 797 ﬁliis
1390 769 1492 797 Carino
1515 774 1541 797 et
1559 769 1725 797 Numeriano
1746 772 1830 806 impc-

1038 823 1079 844 rat
1094 826 1101 850 ;
1122 824 1238 852 qttorum
1254 825 1336 848 unus,
1363 816 1545 843 Numerianus
1572 816 1688 849 scilicet,
1705 825 1766 844 cum
1782 825 1830 843 vc-

1041 863 1128 890 nisset
1153 863 1337 893 Antiochiam,
1362 862 1448 889 voluit
1466 862 1610 889 intrarein
1642 862 1828 889 ecclesiastica

1043 912 1070 935 et
1101 909 1248 943 explorare
1277 908 1499 936 Christianorum
1533 908 1672 943 mysteria.
1702 909 1736 935 At
1766 917 1830 935 vero

1041 959 1154 981 sanctus
1174 954 1290 988 Babylas
1308 954 1449 988 prohibuit
1465 961 1539 985 etim,
1558 954 1652 981 dicens
1669 963 1675 981 :
1693 953 1754 980 Non
1770 954 1829 980 licet

1041 1000 1088 1026 tibi
1105 1000 1192 1027 videre
1205 999 1295 1026 divina
1313 999 1525 1026 Christianorum
1537 1022 1540 1025 .
1552 1000 1690 1034 mysteria,
1716 1009 1775 1026 cum
1793 1001 1829 1026 si:

1040 1045 1159 1080 pollutus
1175 1045 1278 1072 idoliris
1291 1045 1451 1079 sacrificiis;
1468 1045 1513 1078 qui
1544 1045 1703 1080 indignatus
1730 1045 1828 1072 occidit

1040 1098 1115 1116 eum.
1140 1089 1219 1117 Circa
1243 1090 1300 1117 lucc
1324 1092 1447 1124 tempora
1476 1089 1549 1117 Felix
1583 1090 1772 1125 Eutychianus
1803 1095 1829 1116 et

1039 1135 1121 1163 Caius
1135 1136 1229 1163 Roma:
1246 1135 1389 1170 pontiﬁces
1414 1135 1589 1163 exstiterunt.
1613 1135 1697 1162 Porro
1726 1135 1828 1163 Nume-

1039 1181 1133 1208 riauus
1150 1188 1211 1208 cum
1240 1180 1353 1216 triginta
1385 1183 1491 1207 tantum
1523 1181 1620 1208 diebus
1645 1186 1797 1215 regnasset,
1813 1188 1828 1208 a

1038 1235 1137 1255 socero
1165 1235 1215 1254 suo
1230 1227 1392 1254 interfectus
1411 1231 1462 1260 est,
1481 1231 1509 1254 et
1536 1227 1723 1256 Diocletianus
1745 1228 1829 1256 sumit

1037 1273 1191 1308 imperium.

552 1505 717 1537 ABHINC
743 1504 977 1541 HISAACIUS,
997 1503 1073 1542 QUI
1088 1503 1148 1534 ET
1169 1502 1467 1535 THEOPHANES.

233 1676 324 1704 Mundi
349 1684 422 1704 anno
452 1677 532 1711 5777,
558 1678 657 1706 divinae
685 1679 885 1707 incarnationis
914 1682 1021 1710 annoc
1039 1680 1180 1714 prolicere,
1196 1678 1526 1714 etdeprehendenshunc
1537 1678 1660 1705 futurum
1674 1679 1826 1714 tyrannidis

195 1723 260 1755 277,
279 1723 464 1751 Diocletianus
478 1727 505 1751 et
531 1723 711 1753 Maximianus
737 1725 882 1752 Herculius
900 1726 987 1760 impe-

197 1772 270 1799 rant,
282 1769 329 1803 qui
347 1769 470 1797 Caesares
485 1769 575 1797 fecere
598 1769 789 1798 Constantium
806 1776 831 1798 et
846 1771 987 1798 Maximia-

197 1823 262 1842 num
276 1814 426 1843 Galerium.
440 1815 472 1843 Et
489 1815 674 1844 Diocletianus
688 1818 797 1852 quidem
814 1818 894 1845 ﬁliani
909 1826 986 1845 suam

197 1861 230 1888 ad
246 1861 356 1895 nuptias
373 1862 482 1889 Galerio
502 1862 586 1896 dedit,
611 1861 758 1891 Herculius
786 1868 876 1890 autent
900 1863 988 1890 Maxi-

197 1907 306 1934 mianus
316 1907 488 1936 Theodoram
505 1909 587 1936 ﬁliam
603 1917 680 1937 suam
695 1910 876 1938 Constantino
899 1918 986 1945 copu-

198 1953 271 1986 lavit,
285 1962 440 1988 quanquam
460 1960 574 1990 uterque
590 1963 690 1983 uxores
704 1956 835 1988 haberet,
850 1963 918 1990 quas
942 1963 986 1983 re-

198 2000 266 2033 pulit
282 2000 316 2026 ob
329 2000 455 2027 affectum
477 2008 530 2036 quo
544 2009 608 2036 erga
632 2001 814 2036 imperatores
843 2002 985 2037 ﬂagrabat.

198 2045 275 2072 Tunc
297 2054 406 2081 quoque
428 2046 574 2074 Marcellus
597 2048 744 2082 episcopus
769 2048 860 2075 Roma:
883 2048 984 2076 ﬂoruit.

200 2089 386 2118 Diocletianus
402 2097 429 2119 ct
449 2091 634 2119 Maximianus
652 2091 798 2119 Herculius
817 2094 987 2127 persecutio-

199 2143 259 2163 nem
286 2144 409 2172 magnam
443 2143 469 2165 el
494 2138 659 2165 horrendam
689 2144 785 2166 contra
815 2138 987 2168 Christianos

198 2180 397 2215 excitaverunt,
416 2186 442 2209 et
457 2183 574 2217 plurima
591 2189 740 2219 martyrum
755 2184 839 2212 millia
860 2190 987 2220 patrare-

198 2231 281 2258 runt,
306 2228 415 2256 diversa
439 2233 576 2257 tormenta
610 2231 800 2266 excogitantes
832 2236 859 2259 ct
889 2233 987 2261 multas

198 2273 334 2306 nequitias
351 2279 507 2308 operantes.
875 2276 884 2285 ί

234 2318 327 2346 Mundi
354 2327 427 2348 almo
448 2321 528 2354 5788,
556 2323 655 2350 divinae
683 2323 882 2351 incarnationis
913 2332 986 2352 anno

196 2364 260 2396 288,
281 2364 452 2393 Diocletiano
464 2367 616 2401 imperante
634 2367 727 2395 Romae
737 2370 837 2404 pracsul
850 2369 985 2398 Eusebius

198 2413 323 2440 habetur.
337 2412 401 2446 Qui,
414 2413 542 2441 videlicet
560 2414 759 2446 Diocletianus,
777 2417 849 2450 apud
864 2416 985 2442 Alexan-

197 2458 283 2485 driam
302 2458 454 2486 Achilleum
482 2459 628 2486 interfecit.
654 2459 718 2486 Erat
743 2464 832 2488 autem
849 2468 912 2487 cum
928 2461 986 2494 ipso

197 2510 224 2531 et
242 2504 441 2532 Constantinus
459 2505 531 2532 ﬁlius
547 2506 718 2539 Constantis,
734 2507 781 2541 qui
808 2514 868 2533 cum
894 2506 986 2533 adhuc

198 2551 274 2578 valde
297 2552 408 2586 juvenis
434 2557 518 2584 esset,
544 2551 654 2579 fortiter
682 2554 779 2588 agebat
806 2554 833 2580 in
862 2553 984 2588 prazliis;

197 2602 277 2629 quem
293 2596 403 2623 intuens
419 2595 604 2623 Diocletianus
619 2597 720 2624 invidia
738 2602 829 2625 motus
845 2598 908 2625 dolo
920 2606 981 2633 per-

197 2641 282 2674 imere
312 2642 452 2675 satagebat
478 2652 485 2669 :
517 2643 590 2670 Dens
623 2649 712 2671 autem
739 2644 812 2671 hunc
843 2645 984 2679 inopinate

198 2686 313 2714 salvavit
327 2692 354 2714 et
366 2688 436 2722 patri
450 2689 581 2716 restituit.
598 2689 672 2717 Alias
690 2695 780 2716 autem
799 2691 835 2717 ita
853 2691 982 2717 refertur.

196 2732 378 2761 Constantino
394 2742 459 2761 vero
477 2735 532 2762 ﬁlio
548 2735 701 2762 Constanlii
720 2737 745 2762 in
762 2735 873 2763 Oriente
888 2744 919 2763 ac
932 2735 984 2763 Pa—

197 2779 303 2806 laestina
330 2780 445 2815 dcgente
459 2785 485 2808 et
503 2788 564 2808 cum
579 2781 744 2808 Christianis
768 2782 914 2814 sentiente,
942 2782 984 2808 vi-

197 2824 266 2852 dens
284 2825 356 2852 hunc
373 2825 499 2854 Galerius
523 2826 703 2854 Maximianus
720 2827 858 2855 intellectu
887 2827 985 2854 animae

199 2877 230 2896 ac
244 2871 369 2906 corporis
382 2871 480 2899 robore
494 2877 575 2906 atque
587 2871 697 2907 ingenio
713 2871 787 2900 circa
801 2872 984 2899 eruditionem

1039 1729 1065 1752 et
1081 1725 1141 1758 ejus
1156 1724 1314 1759 dogmatum
1331 1724 1545 1755 destructorem,
1563 1723 1634 1751 hunc
1651 1725 1730 1752 morti
1747 1725 1825 1752 addi-

1038 1777 1101 1798 cere
1118 1770 1212 1797 fraude
1233 1771 1377 1797 tractabat.
1408 1772 1443 1796 At
1470 1770 1514 1796 ille
1537 1769 1629 1797 divina
1656 1770 1827 1805 providentia

1039 1816 1134 1843 fraude
1149 1817 1267 1851 cognito,
1286 1816 1517 1851 quemadmodum
1540 1815 1634 1849 David,
1661 1816 1724 1851 fuga
1754 1817 1826 1844 salu-

1039 1866 1093 1890 tem
1111 1865 1259 1892 mereatur,
1279 1867 1306 1889 et
1323 1861 1355 1888 ad
1373 1866 1476 1896 patrem
1492 1868 1572 1888 suum
1598 1861 1692 1889 salvus
1717 1861 1827 1889 rediens

1038 1908 1139 1935 multas
1158 1915 1220 1934 cum
1238 1907 1284 1934 illo
1308 1908 1411 1942 gratias
1437 1907 1559 1939 Christo,
1586 1907 1631 1941 qui
1652 1915 1682 1934 se
1700 1907 1826 1938 salvavit,

1038 1954 1144 1989 agebat.
1162 1954 1241 1981 Circa
1257 1953 1315 1980 haec
1329 1961 1396 1981 sane
1415 1959 1538 1988 tempora
1554 1953 1690 1980 Miltiades
1712 1957 1739 1980 et
1763 1953 1826 1980 dein

1039 1998 1171 2026 Silvester
1196 1997 1328 2025 Romanae
1354 2002 1453 2033 gerunt
1479 1997 1608 2025 Ecclesiae
1639 1999 1824 2032 prwsulatum.

1039 2044 1123 2071 Porro
1149 2043 1324 2072 'l'heotecnus
1350 2043 1470 2076 divinus,
1502 2045 1546 2070 cui
1578 2051 1676 2078 parens
1701 2043 1842 2070 Galerius-

1038 2089 1231 2121 Maximianus,
1257 2095 1319 2115 cum
1343 2089 1515 2117 daemonibus
1540 2089 1693 2116 innnolaret
1722 2095 1749 2117 et
1780 2097 1826 2116 re~

1039 2144 1141 2172 sponsa
1157 2136 1319 2171 susciperet,
1331 2135 1463 2163 adversus
1471 2135 1644 2163 Christianos
1659 2136 1827 2171 persecutio—

1038 2192 1100 2211 nem
1118 2183 1278 2216 eommovit,
1297 2183 1464 2211 monitiones
1479 2183 1624 2211 salvatoris
1643 2182 1731 2216 ﬁnxit,
1753 2188 1779 2210 et
1792 2183 1824 2210 ad

1039 2230 1131 2257 omnia
1151 2230 1210 2257 loca
1225 2229 1252 2256 in
1267 2229 1398 2262 injuriam
1418 2229 1501 2261 misit,
1520 2234 1547 2256 et
1571 2230 1721 2256 litterarum
1740 2231 1828 2265 Inagi-

1037 2277 1104 2305 stris
1121 2284 1220 2312 pueros
1229 2276 1327 2302 docere
1339 2277 1475 2310 praecepit,
1489 2276 1602 2311 studens
1619 2284 1673 2310 quo
1686 2277 1825 2304 deridere—

1038 2327 1083 2349 tur
1106 2322 1267 2357 mysterium
1289 2326 1426 2348 nostrum.
1445 2321 1579 2349 Praiterea
1600 2321 1778 2349 Constantius
1798 2323 1824 2349 in

1037 2368 1189 2395 Britanniis
1202 2367 1328 2399 moritur,
1340 2375 1402 2393 cutn
1417 2367 1577 2401 imperasset
1586 2368 1665 2394 annis
1675 2367 1802 2394 undecim
1815 2376 1824 2401 ;

1036 2415 1083 2450 qui
1105 2421 1153 2448 pro
1165 2421 1194 2440 se
1205 2413 1418 2440 Constantinum
1436 2413 1662 2447 pronuntiaverat
1677 2413 1825 2448 imperato-

1036 2468 1106 2493 rem,
1121 2459 1332 2494 primogenitum
1351 2457 1435 2485 ﬁlium
1454 2466 1547 2490 suum,
1565 2458 1591 2485 in
1609 2463 1759 2493 conspectu
1780 2463 1824 2486 to-

1035 2507 1091 2533 tius
1107 2505 1212 2540 populi,
1226 2504 1408 2539 praesentibus
1422 2512 1532 2539 quoque
1543 2505 1650 2532 caeteris
1667 2504 1732 2532 ﬁliis
1749 2505 1820 2536 suis,

1035 2550 1208 2578 Constantini
1245 2549 1444 2584 compatriotis,
1480 2549 1640 2577 Constantio
1672 2549 1776 2577 scilicet
1799 2553 1826 2577 et

1037 2596 1216 2626 Anaballeno.
1236 2595 1283 2630 qui
1303 2599 1330 2622 et
1346 2595 1498 2622 Dalmatius
1517 2595 1607 2622 dictus
1629 2598 1682 2626 est,
1705 2595 1752 2629 qui
1767 2595 1824 2621 nati

1038 2643 1147 2670 fuerant
1162 2649 1194 2669 ex
1207 2641 1350 2668 Theodoro
1366 2641 1420 2668 tilia
1435 2639 1554 2668 Herculii
1571 2650 1578 2668 :
1595 2649 1656 2668 nam
1666 2641 1825 2668 Constanti-

1040 2697 1090 2716 nus
1105 2696 1137 2714 rx
1152 2687 1253 2714 Helena
1272 2686 1371 2719 fuerat,
1387 2687 1470 2721 priori
1485 2686 1637 2714 Constantii
1650 2686 1776 2723 conjuge.
1790 2686 1826 2713 At

1037 2734 1217 2762 Constantius
1234 2735 1330 2761 borum
1350 2738 1426 2768 pater
1439 2741 1522 2768 nepos
1537 2738 1596 2760 erat
1612 2734 1719 2761 Claudii
1738 2734 1825 2769 impe-

1038 2780 1150 2811 ratoris,
1166 2787 1199 2806 ex
1215 2779 1269 2806 lilia
1280 2779 1340 2814 ejus
1355 2778 1473 2813 genitus.
1487 2779 1572 2805 Porro
1591 2777 1725 2806 Eusebius
1735 2779 1824 2807 Caasa-

1040 2826 1141 2853 riensis
1154 2824 1221 2852 dicit
1231 2824 1305 2859 quod
1320 2824 1504 2852 Diocletianus
1529 2831 1624 2852 amens
1639 2825 1753 2853 effectus
1771 2834 1825 2852 una

1040 2878 1102 2898 cum
1119 2869 1247 2899 Herculio
1261 2870 1377 2905 imperio
1391 2870 1517 2905 deposito
1531 2870 1664 2905 privatam
1682 2871 1765 2899 vitam
1777 2876 1822 2896 ar.
