2035 3153
226 157 294 191 1207

750 159 948 190 ANASTASII
979 159 1295 191 BlBLlOTHECARIl

1784 157 1854 190 1208

224 214 335 249 ripncrit
353 222 359 247 ;
376 220 493 249 quorum
522 220 594 240 unus
619 212 730 248 quidem
754 213 904 248 suspendio
928 214 1012 240 vitam
1028 217 1049 244 Α
1065 214 1100 240 At
1116 222 1182 242 vero
1202 215 1275 242 cives
1292 212 1419 246 Romani,
1442 213 1489 249 qui
1511 213 1585 241 hunc
1615 219 1800 248 poposcerant
1824 213 1854 239 nl

221 259 379 290 mutaverit,
395 258 464 285 alter
479 265 553 290 vero,
574 258 598 285 id
611 262 653 285 cst
672 257 867 290 Diocletianus,
879 258 1011 293 languore

221 305 327 339 prolixo
343 309 524 340 consumptus
539 304 713 332 emarcnerit.
727 304 860 332 Caeterum
872 303 1009 337 Gelasins,

221 351 343 381 ejusdem
359 351 485 379 Cmsaria:
501 352 628 385 antistes,
653 351 720 379 dicit
746 352 820 387 quod
850 353 1009 388 pmnitentia

222 395 308 427 dm-ti,
322 401 349 424 et
365 396 456 423 denuo
474 396 608 431 imperare
621 398 754 430 volentes,
775 398 912 424 communi
931 406 1010 425 sena—

222 447 266 468 tus
281 441 392 468 decreto
409 441 595 476 perimuntur.
617 441 666 470 llis
682 450 748 476 ergo
761 443 795 470 de
812 443 903 470 medio
918 443 1009 475 faelis,

221 490 249 512 ct
263 494 323 521 qua:
336 485 552 514 Christianitatis
565 492 629 514 sunt
643 488 779 515 sentiente
791 488 952 516 Constantio
964 489 1010 517 de-

223 532 328 564 functo,
345 531 502 567 imperium,
522 537 551 559 ιιι
566 533 692 567 praedixi,
715 534 859 562 obtinuere
875 534 1010 562 Constan-

223 577 297 606 tinus
312 578 460 614 Augustus,
473 582 500 606 et
515 578 696 607 Maximianus
714 580 850 608 Galerius.

261 624 353 651 Mundi
381 632 455 651 anno
485 624 567 656 5797,
588 625 689 654 divina:
719 627 917 654 incarnationis
946 627 1009 661 ΞΜ,

223 671 420 698 Constantinus
435 671 641 699 sacratissimus
652 677 678 699 et
694 673 945 702 christianissimus
962 675 1012 701 im-

225 721 301 751 perat
314 717 342 744 in
359 717 454 745 Galliis
469 720 496 744 et
511 717 675 750 Britannia;
703 725 764 745 cutn
788 726 841 753 quo
866 726 914 753 per
939 719 1010 746 idem

225 769 334 799 tempus
360 763 464 798 pariter
492 763 646 798 imperabat
682 763 862 792 Maximianus
887 764 1012 792 Galerius

224 818 287 836 cum
300 809 406 837 duobus
423 808 578 836 Caesaribus
591 807 693 836 Severo
707 813 734 837 ct
745 808 903 836 Maximino.
920 810 1012 837 Romae

224 859 315 882 autent
333 854 485 882 Maxentius
501 859 636 890 tyrannus
651 854 752 889 injuste
767 855 905 890 imperans
919 856 1011 883 omnia

225 908 296 928 saeve
314 901 490 935 operabatur.
507 900 585 926 Tunc
601 904 629 927 et
650 900 788 927 Licinium
802 901 937 928 Caesarem
956 900 1011 927 Ro-

225 947 298 973 mani
311 946 493 981 appellavere,
504 946 620 981 gratiam
639 946 821 974 Constantino
842 953 1013 981 prtestantcs,

225 999 287 1019 cum
302 997 377 1020 esset
404 992 511 1019 sororis
535 992 703 1019 Constantia:
719 993 822 1027 nuptiis
851 994 1013 1026 honoratus.

226 1037 330 1073 quique
347 1037 475 1072 pietatem
492 1038 661 1074 Christiana:
672 1039 816 1073 religionis
832 1039 967 1066 fallaciter
979 1041 1015 1067 si-

229 1083 361 1110 mulabat.
378 1083 483 1110 interea
500 1083 602 1110 Severo
621 1087 732 1111 mortuo
748 1084 844 1112 Petrus
869 1085 1016 1119 cpiscopus

226 1129 442 1161 Alexandrinus,
455 1137 517 1156 cum
533 1134 607 1157 esset
623 1130 650 1157 in
667 1129 793 1157 custodia
810 1135 945 1165 praecepto
960 1130 1016 1157 Ma-

228 1175 339 1202 rimiani
351 1173 453 1202 Galerii
466 1179 493 1202 et
507 1174 647 1202 Maximini
666 1175 715 1203 filii
729 1175 798 1209 ejus,
822 1177 911 1210 capite
928 1176 1016 1204 reciso

229 1221 353 1255 glorioso
378 1221 573 1256 tnartyrizatus
600 1226 661 1254 est;
685 1221 734 1256 qui
756 1221 850 1248 Arium
871 1221 1017 1249 diaconum

227 1266 404 1294 cxsistentetn
418 1266 521 1301 absque
536 1267 730 1294 communione
744 1266 818 1299 fecit,
837 1268 883 1302 qui
905 1271 932 1294 et
949 1273 1019 1301 post-

227 1312 280 1340 hac
295 1312 422 1347 pessimae
441 1312 578 1347 opinionis
598 1312 736 1340 haereseos
754 1317 887 1348 patronus
903 1313 1018 1341 eﬂ‘ectus

229 1358 331 1386 multos
348 1365 363 1385 ι
380 1358 481 1393 pietate
507 1358 634 1385 removit.
650 1358 727 1385 Multi
750 1365 815 1385 vero
844 1362 872 1386 et
897 1358 942 1385 alii
968 1359 1019 1387 sub

227 1405 289 1432 tstis
304 1404 431 1441 tyrannis
450 1404 573 1439 martyrii
599 1412 651 1439 pro
668 1403 780 1431 Christo
797 1412 901 1432 corona
932 1404 1019 1432 induti

227 1455 302 1483 sunt,
325 1458 443 1486 quorum
469 1454 535 1477 sunt
557 1450 668 1478 Phileas
703 1450 851 1486 episcopus
882 1450 1020 1479 Thmueos

228 1496 350 1531 IEgypti,
361 1497 457 1524 Peleus
469 1500 496 1524 et
511 1495 588 1524 Nilus
599 1496 720 1531 episcopi
733 1495 856 1532 Egypti,
869 1496 1020 1524 Anthemus

1062 262 1089 289 in
1105 270 1184 289 suum
1198 265 1358 296 exsurgeret
1379 260 1558 294 adjutorium,
1570 266 1583 285 a
1598 258 1709 293 maligni
1723 257 1853 285 Maxentii

1061 308 1213 342 tyrannide
1232 307 1341 334 liberati
1360 306 1499 334 civitatem
1516 308 1661 335 coronant.
1679 312 1742 330 eum
1754 304 1855 337 gaudio

1061 355 1194 382 victorem
1208 354 1421 382 Constantinum
1435 361 1488 380 una
1503 360 1565 379 eum
1580 352 1725 379 victoriam
1738 350 1856 378 faciente

1061 408 1144 428 cruce
1157 401 1352 435 suscipientes,
1366 404 1393 427 et
1405 399 1478 426 hunc
1493 398 1657 426 salvatorctn
1671 404 1733 424 cutn
1754 396 1858 432 gaudio

1061 447 1258 473 ncclamantes.

1097 492 1189 519 Mundi
1204 499 1277 518 anno
1298 491 1379 522 5805,
1395 489 1596 518 Constantinus
1616 487 1732 522 septimo
1745 486 1855 521 imperii

1060 537 1103 565 sui
1124 545 1207 570 anno,
1225 545 1287 564 cum
1300 537 1393 564 divina
1407 543 1458 571 ope
1473 535 1587 562 Romam
1601 533 1779 564 obtinuisset.
1792 537 1861 559 ante

1061 584 1152 610 omnia
1179 590 1296 618 corpora
1330 587 1493 609 sanctorum
1524 584 1678 615 martyrum
1711 578 1802 612 colligi
1831 582 1859 604 et

1062 634 1163 657 sanctae
1180 629 1328 663 sepultura:
1341 628 1412 655 tradi
1434 626 1576 663 praecepit.
1591 624 1623 652 Et
1643 630 1722 652 erant
1739 624 1856 651 Romani

1062 674 1253 709 triumphalem
1268 674 1446 701 festivitatem
1460 676 1573 708 agentes
1594 675 1622 698 et
1640 670 1784 697 Dominum
1799 669 1857 697 col—

1063 720 1229 752 laudantes,
1268 727 1317 745 nec
1347 726 1401 745 non
1428 721 1456 744 et
1488 717 1624 744 vivificam
1655 724 1768 743 crucem
1807 724 1857 750 per

1062 770 1169 801 septem
1188 766 1248 794 dies
1274 771 1300 793 et
1326 764 1539 793 Constantinum
1568 763 1701 791 victorem
1730 763 1857 797 magnifi—

1062 817 1166 840 cantes.

1098 859 1271 886 Constantini
1305 866 1378 886 anno
1402 858 1418 886 9
1442 857 1607 885 Maximinus
1635 856 1709 883 ﬁlius
1741 854 1858 887 Galerii,

1065 904 1190 932 insiliens
1206 909 1233 932 ct.
1246 904 1359 931 sibimet
1379 904 1526 938 imperium
1550 901 1707 932 reﬂectens,
1738 901 1861 935 turpiter

1065 951 1092 977 in
1104 949 1200 978 Cilicia
1213 951 1297 977 vitam
1312 949 1409 978 finivit.
1425 949 1549 976 Audiens
1567 953 1657 976 autem
1674 946 1860 974 Maximianus

1065 995 1191 1023 Galerius
1211 999 1287 1030 pater
1315 995 1398 1029 hujus
1425 993 1592 1021 Maxentium
1623 993 1708 1020 filium
1735 991 1862 1019 Herculii

1065 1041 1159 1068 Romae
1175 1049 1189 1068 a
1205 1041 1387 1068 Constantino
1409 1048 1458 1075 per
1475 1039 1604 1066 virtutem
1632 1037 1723 1065 crucis
1747 1037 1858 1064 admer-

1066 1095 1126 1114 snm
1144 1108 1151 1119 ,
1188 1087 1292 1117 timuit,
1318 1091 1346 1113 et
1370 1085 1590 1121 persecutionem
1619 1090 1701 1118 quam
1727 1082 1862 1110 adversus

1066 1132 1239 1160 Christianos
1255 1131 1375 1166 agitabat
1391 1138 1502 1158 cessare
1514 1129 1591 1156 fecit.

1102 1177 1302 1206 Constantinus
1329 1181 1422 1203 autent
1450 1176 1558 1203 decimo
1572 1174 1682 1209 impcrii
1714 1173 1757 1202 sui
1785 1180 1860 1200 anno

1068 1230 1122 1250 una
1138 1230 1200 1249 cum
1228 1221 1336 1248 Licinio
1350 1221 1470 1254 Caesare,
1505 1221 1565 1247 zelo
1579 1219 1625 1247 Dei
1640 1213 1751 1251 dnctu's,
1767 1223 1859 1246 castra

1069 1269 1152 1295 movit
1171 1268 1304 1295 adversus
1323 1266 1517 1293 Maximianum
1534 1265 1685 1295 Galerium,
1697 1264 1746 1299 qui
1766 1263 1861 1290 mode.

1069 1315 1182 1341 rabatur
1195 1314 1343 1340 Orientem.
1363 1313 1394 1338 At
1422 1312 1468 1339 ille
1497 1315 1592 1339 contra
1619 1310 1769 1337 restiturus
1796 1316 1859 1336 cum

1071 1362 1205 1388 immensa
1226 1358 1404 1386 multitudine
1424 1365 1569 1392 aggressus
1589 1359 1632 1384 est
1645 1363 1704 1388 eos,
1726 1355 1794 1382 fisus
1814 1354 1859 1382 di-

1070 1405 1260 1433 vinationibus
1281 1405 1437 1432 daemonum
1453 1407 1481 1430 et
1499 1403 1634 1430 maleticis
1657 1401 1860 1429 adinventioni-

1071 1452 1132 1479 bus.
1149 1452 1274 1486 Cumque
1300 1450 1408 1477 vivifica
1440 1456 1509 1476 crux
1536 1456 1665 1484 magnum
1695 1447 1862 1483 pra‘cederet

1071 1498 1294 1530 Constantinum,
1311 1502 1444 1532 tyrannus
1458 1504 1512 1523 una
1530 1503 1593 1523 cum
1619 1495 1817 1530 congressione
1834 1494 1860 1520 in

227 1544 375 1577 cpiscopus
389 1541 568 1574 Nicomediae,
598 1541 740 1577 Tyrannio
765 1543 912 1578 episcopus
941 1543 1017 1578 Tyri,
1031 1549 1054 1580 α
1071 1543 1162 1579 fugam
1182 1551 1286 1577 versus,
1305 1543 1370 1570 dum
1396 1542 1547 1570 multitudo
1562 1541 1726 1572 caederetur,
1742 1540 1861 1574 impera-

229 1589 359 1615 Silvanus
374 1588 519 1622 episcopus
544 1587 659 1614 Hemisaa
674 1592 701 1615 et
714 1588 843 1616 Silvanus
868 1589 1014 1624 episcopus

228 1634 319 1665 Gaza‘,
350 1633 491 1661 Lucianus
515 1633 659 1668 presbyter
681 1633 851 1668 Antiochize,
877 1634 1015 1663 Zenobius

231 1681 374 1716 presbyter
388 1679 509 1711 Sidonis,
526 1679 685 1715 Pamphilus
713 1681 856 1717 presbyter
870 1681 994 1709 Caesarie
1007 1702 1014 1715 ,

229 1731 311 1762 atque
330 1726 376 1753 alii
390 1726 538 1753 innumeri.
557 1726 679 1761 Denique
694 1726 819 1754 Galerius
832 1727 1015 1756 Maximianus

228 1780 310 1801 cunne
340 1772 470 1808 praecepit
503 1771 724 1800 Christianorum
757 1773 951 1801 exterminium
977 1774 1015 1808 (‘2)

230 1820 300 1850 lieri,
318 1826 373 1845 non
387 1821 493 1845 tantum
512 1821 629 1852 proptch
642 1818 809 1852 impietatem
834 1826 911 1846 suam
929 1827 1016 1854 quan-

229 1869 286 1891 tutn
299 1864 334 1891 ob
348 1863 470 1898 rapinam
487 1863 715 1898 patrimoniorum
732 1863 867 1898 ipsorum.

265 1909 350 1936 Porro
362 1908 563 1936 Constantinus
586 1913 664 1937 sexto
689 1909 798 1945 imperii
825 1912 869 1938 sui
892 1918 964 1938 anno
989 1911 1015 1938 in

229 1953 445 1982 destructionem
463 1957 643 1989 tyrannorum
654 1955 785 1982 surrexit.
799 1955 953 1985 Maxentius
966 1964 1016 1983 an-

230 2007 284 2028 tem
305 2001 406 2035 impius
427 2000 500 2028 facto
515 2000 543 2027 in
559 2000 652 2032 fluvio,
668 2001 714 2036 qui
738 2001 813 2028 circa
840 2001 935 2032 urbem
961 2002 1017 2029 lto-

231 2053 304 2073 mam
317 2045 453 2078 decurrit,
476 2053 508 2073 ex
534 2045 648 2073 navibus
664 2050 747 2081 ponte
771 2051 867 2073 contra
892 2055 1017 2082 magnum

229 2092 443 2118 Constantinum
461 2091 548 2118 aciem
571 2091 675 2126 dirigit.
691 2091 738 2126 qui
755 2092 886 2119 Maxentii
904 2093 1020 2127 parebat

232 2135 367 2162 maleﬁcia
380 2135 511 2170 parvulos
527 2135 676 2162 incidentis
700 2140 811 2170 propter
835 2136 1020 2164 divinationes

231 2181 363 2208 nefarias.
381 2181 504 2215 Cumque
522 2181 549 2207 in
561 2181 733 2208 haesitatione
748 2183 834 2209 multa
845 2183 1019 2214 consisteret.

1068 1590 1168 1617 toriam
1184 1593 1286 1617 vestem
1309 1588 1449 1624 deposuit,
1475 1592 1503 1615 et
1531 1587 1644 1614 militari
1672 1586 1862 1614 circumdatus

1068 1636 1174 1667 habitu,
1191 1634 1287 1670 paucis
1306 1642 1339 1662 ex
1362 1634 1520 1661 fautoribus
1535 1640 1628 1661 secum
1652 1631 1861 1661 comitantibus,

1069 1689 1084 1708 a
1100 1681 1203 1709 villain
1217 1681 1309 1707 villam
1340 1679 1403 1716 fuga
1430 1679 1601 1707 clandestina
1628 1677 1803 1713 properabat,
1835 1681 1863 1704 et

1069 1734 1123 1754 non
1141 1726 1230 1753 solum
1241 1725 1398 1753 sacerdotes
1410 1724 1545 1752 idolorum
1553 1727 1580 1751 et
1593 1723 1620 1751 in
1632 1722 1746 1758 magicis
1758 1722 1864 1749 artibus

1069 1771 1237 1803 ditl‘amatos,
1268 1771 1316 1798 sed
1332 1775 1361 1798 et
1384 1775 1460 1798 vates
1478 1777 1574 1798 eorum
1598 1769 1741 1800 collectos,
1770 1772 1865 1803 utpote

1069 1818 1238 1852 deceptores,
1257 1816 1366 1844 occidit.

1105 1866 1207 1892 Interea
1221 1864 1420 1892 Constantinus
1435 1872 1498 1892 cum
1512 1863 1541 1890 ll
1557 1868 1670 1899 gereret
1688 1861 1797 1897 imperii
1814 1868 1864 1888 an-

1071 1918 1148 1944 num,
1171 1915 1200 1938 et
1219 1910 1309 1937 vivum
1334 1909 1474 1937 Galerium
1503 1908 1701 1936 Maximianum
1723 1911 1795 1935 esset
1818 1913 1869 1941 ag:

1070 1964 1228 1992 gressurus,
1255 1956 1349 1983 divina
1377 1956 1550 1991 praeveniens
1578 1955 1618 1982 ira
1656 1953 1865 1988 comprehendit

1071 2010 1133 2030 ettm
1148 2011 1155 2029 :
1175 2002 1284 2030 ﬂamma
1305 2002 1377 2029 enim
1393 2002 1427 2030 de
1451 2001 1540 2029 medio
1557 2001 1694 2028 viscerum
1717 2003 1743 2026 et
1759 1997 1866 2025 medul-

1073 2051 1159 2078 larum
1186 2058 1319 2079 suceensa
1346 2058 1410 2078 cum
1435 2050 1528 2077 dolore
1555 2047 1721 2076 intolerabili
1746 2053 1864 2081 pronum

1073 2105 1155 2133 super
1171 2101 1271 2124 terram
1289 2097 1461 2124 anhelantem
1474 2095 1635 2130 prostravit,
1649 2094 1687 2120 ita
1705 2097 1734 2119 ut
1747 2097 1865 2126 uterque

1074 2143 1173 2171 oculus
1187 2143 1247 2177 ejus
1266 2143 1401 2173 exsiliret,
1425 2147 1453 2169 et
1467 2148 1570 2174 caecus,
1587 2145 1616 2167 ut
1633 2148 1663 2167 re
1680 2147 1756 2171 vera,
1778 2138 1865 2165 scele-

1075 2193 1135 2217 stus
1157 2189 1371 2223 relinqueretur.
1394 2187 1481 2215 Porro
1496 2195 1558 2214 cum
1576 2194 1674 2214 carnes
1694 2185 1754 2219 ejus
1770 2189 1865 2219 putre—

231 2226 358 2261 ιιρρπυίι
371 2226 408 2257 ei.
425 2226 492 2253 Ιιοη
511 2230 590 2254 Sella
607 2226 672 2258 diei.
688 2227 809 2261 PrCliOS‘l
825 2236 893 2255 Cl‘lﬂ
909 2236 943 2256 ex
960 2229 1020 2256 luce
1037 2227 1058 2255 Ῑ)
1075 2236 1152 2262 factm
1169 2243 1224 2270 pra:
1239 2234 1433 2262 innumerabili
1449 2234 1555 2261 ossium
1573 2232 1701 2260 incendio
1721 2231 1864 2262 caderent,

231 2273 361 2305 formata,
387 2272 493 2300 habens
520 2273 793 2307 superscriptionem,
810 2273 845 2300 In
874 2274 924 2301 hoc
936 2275 1018 2302 uince.

232 2318 328 2345 Astitit
345 2322 436 2346 autent
452 2318 478 2346 ei
491 2310 625 2346 Dominus
643 2319 670 2346 in
687 2319 795 2347 visione
811 2321 912 2353 noctis,
930 2324 957 2347 et
979 2321 1022 2348 di-

233 2366 273 2391 xit
290 2373 297 2391 :
317 2363 395 2392 Utere
408 2364 480 2405 q_uod
497 2369 631 2392 ostensum
646 2370 686 2392 est
712 2365 769 2397 tibi,
798 2371 823 2393 et
844 2367 928 2394 uince.
945 2366 1022 2394 Tunc

232 2422 237 2434 ι
250 2419 315 2439 rucc
328 2419 410 2439 aurea
428 2410 557 2444 formata,
570 2419 631 2446 quae
642 2416 685 2439 est
698 2420 786 2446 usque
807 2413 834 2439 in
859 2412 1022 2441 hodiernum

232 2457 316 2489 diem,
330 2457 414 2492 jussit
428 2461 458 2484 ut
473 2461 537 2484 ante
549 2465 579 2484 se
594 2462 749 2492 portaretur
766 2458 793 2485 in
810 2459 920 2492 praelio;
937 2458 1023 2486 facta-

232 2510 286 2536 que
308 2502 506 2538 congressione
529 2503 651 2538 superati
667 2504 790 2538 suntqui
818 2504 893 2530 circa
915 2503 1023 2531 Maxen-

233 2550 301 2576 tium
317 2547 437 2580 fuerant,
461 2548 586 2582 plurimis
602 2556 635 2575 ex
651 2548 695 2575 his
710 2548 892 2583 interemptis.
908 2548 1022 2576 Maxen-

232 2594 288 2622 tius
317 2598 409 2621 autcm
434 2601 496 2621 cum
523 2593 641 2620 residuis
667 2593 786 2628 fugiens,
818 2600 898 2628 ponte
929 2594 1022 2622 divina

234 2640 333 2667 virtute
346 2639 476 2672 diScisso,
489 2639 516 2666 in
527 2638 626 2666 flumen
644 2638 823 2674 demergitur,
841 2639 1022 2674 quemadmo-

233 2686 298 2713 dum
319 2685 427 2712 Pharao
447 2685 587 2720 quondam
601 2693 665 2713 cum
680 2685 754 2712 omtti
779 2686 912 2717 exercitu,
929 2686 964 2712 ita
993 2691 1024 2713 ut

234 2730 322 2759 amnis
340 2730 446 2759 necatis
458 2731 537 2766 equis
552 2739 614 2759 cum
640 2731 836 2759 aseensoribus
852 2732 1022 2767 impleretur.

1074 2282 1131 2316 ipse
1147 2281 1350 2316 impugnautem
1363 2281 1447 2308 Deum
1460 2280 1573 2315 projecit
1591 2280 1723 2306 animam.

1110 2324 1278 2352 Duodecimn
1292 2333 1364 2352 anno
1383 2324 1490 2359 imperii
1509 2325 1551 2352 sui
1570 2324 1770 2351 Constantinus
1791 2322 1864 2349 Lici-

1075 2371 1130 2402 nio,
1141 2371 1187 2405 qui
1202 2379 1292 2398 secum
1302 2376 1410 2398 certare
1422 2370 1568 2398 videbatur
1581 2375 1609 2398 ct
1620 2370 1716 2397 dolose
1727 2369 1867 2397 Christia-

1075 2417 1193 2443 nismum
1212 2416 1370 2447 simulabat,
1391 2423 1538 2451 segregans
1554 2419 1659 2450 partem
1678 2414 1866 2441 llonmnorum

1076 2467 1157 2488 terra:
1175 2462 1291 2497 largitus
1303 2465 1356 2493 est,
1373 2461 1515 2495 appellans
1530 2469 1593 2488 eutn
1616 2461 1824 2495 imperatorem,
1839 2465 1868 2487 et

1075 2512 1243 2541 extorquens
1257 2507 1291 2534 ab
1306 2515 1338 2534 eo
1359 2506 1461 2533 ftedera
1479 2506 1517 2533 nil
1538 2514 1568 2534 se
1582 2509 1679 2532 contra
1693 2505 1869 2532 Christianos

1077 2557 1215 2580 acturum.
1233 2552 1265 2579 Et
1286 2553 1351 2579 hinc
1365 2558 1544 2587 tyrannorum
1559 2551 1647 2586 gratia
1669 2549 1716 2578 Dei
1735 2558 1868 2585 persecu-

1076 2598 1115 2625 tio
1127 2597 1297 2632 conquievit.
1880 2626 1886 2631 ξ

1113 2644 1204 2671 Mundi
1234 2651 1306 2671 anno
1333 2643 1422 2674 5810,
1451 2642 1550 2670 divinae
1581 2641 1779 2669 incarnationis
1802 2641 1865 2672 3H),

1077 2695 1176 2726 quarto
1193 2690 1300 2717 decimo
1317 2688 1425 2724 imperii
1442 2689 1484 2716 sui
1506 2695 1579 2715 anno
1596 2687 1794 2715 Constantinus
1821 2691 1866 2713 to-

1079 2737 1133 2764 tius
1146 2736 1261 2764 Romani
1277 2735 1352 2763 orbis
1376 2738 1553 2762 tnonocrator
1566 2733 1679 2762 eﬂ'ectns
1695 2741 1802 2761 omnem
1818 2741 1868 2759 cu-

988 2792 1104 2822 ΝΟΤᾹΞ.

274 2836 312 2867 (2)
329 2835 533 2864 Exterminium.
549 2837 641 2865 Utitur
657 2838 843 2866 Tcrtullianns
871 2838 931 2866 adr.
961 2839 1026 2866 Jud.
1048 2849 1072 2868 c.
1091 2842 1106 2869 8
1125 2847 1151 2870 et
1172 2842 1197 2870 li
1215 2846 1243 2870 ct
1277 2842 1338 2868 adv.
1371 2839 1572 2867 Valentiniano;
1594 2846 1617 2864 ς.

234 2871 354 2906 είπίδιυιω
369 2872 395 2898 S.
419 2871 557 2899 "amulum.
578 2871 660 2902 FAhR.

1659 2837 1699 2866 Ιϐ.
1732 2835 1869 2871 Inter-pres
