2035 3153
153 171 221 203 1209

553 173 737 203 HISTORIA
754 171 1046 203 ECCLESIASTICA
1064 174 1115 203 EX
1133 174 1155 203 Τ
1158 172 1377 204 HEOPIIANE.

1714 171 1783 203 15310

150 236 209 254 rain
228 226 369 254 transtulit
382 227 416 254 ad
432 226 536 259 divina,
552 227 687 255 eceicsias
703 227 813 262 erigens
829 231 856 253 et
872 227 940 253 libc-
957 227 979 255 Α
995 227 1141 261 baptizari.
1157 227 1221 254 Mihi
1242 231 1333 255 autetn
1359 227 1450 254 verius
1470 231 1583 262 apparet
1598 229 1671 262 quod
1690 228 1782 256 “olidi:

150 274 244 301 raliter
261 273 310 300 has
331 281 363 300 ex
381 273 488 301 ratione
508 272 617 308 publica
636 273 740 300 dilans.
758 272 809 300 Iste
826 273 940 307 primam

152 319 238 354 legem
252 319 374 353 scripsit,
385 318 520 345 idolorum
538 319 639 353 templa
650 319 693 345 his
708 318 776 345 tradi
791 325 851 353 qua:
863 317 941 345 Cit-ri-

152 370 197 392 sto
221 369 285 392 sunt
301 365 443 399 deputata.
464 365 532 391 Cum
549 372 581 392 eo
602 372 669 392 sane
693 365 767 399 leges
788 364 942 399 proferebat

151 411 265 446 Crispus
280 411 352 438 ﬁlius
365 411 436 445 ejus.
453 410 607 437 Secundam
626 418 701 441 vero,
713 410 885 438 Christianos
897 418 942 437 so-

152 457 193 484 los
220 457 338 483 militare
352 457 537 491 gentibusque
551 464 583 483 ac
598 456 765 483 exercitibus
779 456 940 491 principari,

149 509 198 528 eos
211 507 301 528 autem
314 502 360 536 qui
375 505 567 535 permanerent
581 502 607 528 in
619 501 784 533 idololatria,
797 502 939 536 capitalem

151 546 246 574 Subire
264 547 442 574 sententiam.
465 547 598 579 Tertiam,
620 547 689 574 duas
712 548 854 582 paschales
872 547 939 575 heb—

152 592 295 624 domadas,
317 600 398 619 unam
421 592 528 620 scilicet
544 597 608 620 ante
629 596 656 620 et
678 593 791 620 alteram
819 598 880 628 post
899 602 941 621 re-

152 638 363 669 surrecliouem,
382 637 441 664 sine
463 637 555 665 labore
570 638 733 672 cujusquam
751 639 843 673 operis
867 639 940 667 cele-

153 682 283 710 brandas.
305 681 351 709 His
370 683 406 709 ita
429 683 514 717 gestis
538 691 590 718 pax
609 683 744 718 profunda
760 688 787 711 et
805 685 941 719 tranquil-

153 728 216 754 iitas
241 728 359 754 obtinuit
374 729 467 755 orbem
491 733 518 756 et
537 729 686 757 exsultatio
703 730 806 762 ﬁdeles,
824 738 941 757 concur-

152 772 279 800 rentibus
309 773 420 801 assidne
454 774 582 802 omnibus
610 775 769 802 nationibus
795 775 829 803 ad
860 775 940 803 ﬁdem

151 818 264 851 Christi,
287 823 314 846 et
339 819 496 854 baptizatis,
519 827 551 847 ac
574 821 661 854 patria
689 822 940 856 conquassantibus

149 864 311 892 simulacra.

185 910 288 943 Quinto
312 911 419 939 decimo
445 911 553 946 itnperii
575 911 748 940 Constantini
773 920 845 940 anne
868 912 940 940 Lici-

150 955 215 982 nius
231 955 315 989 cmpit
332 959 428 983 contra
454 956 628 984 Christianos
646 958 863 992 persecutionem
881 967 941 985 mo-

149 1008 234 1032 \‘ere;
266 1005 293 1027 et
327 1002 415 1035 primo
443 1002 553 1036 quidem
582 1002 754 1030 Christianos
785 1004 830 1038 qui
862 1008 941 1031 erant

149 1046 177 1072 in
205 1046 308 1081 palatio
333 1052 495 1082 persecutus
515 1054 566 1082 est,
590 1050 723 1076 oblivioni
753 1051 865 1077 tradens
891 1051 941 1078 de-

149 1093 331 1120 structionem
357 1095 568 1128 praecedentium
593 1100 772 1131 tyrannorum
799 1102 826 1124 et
845 1102 940 1132 pacto-

150 1145 209 1164 rum
228 1146 326 1173 tnagno
339 1139 522 1167 Constantino
541 1141 688 1169 factorum.
707 1143 736 1170 In
757 1143 874 1172 feminas
888 1152 939 1172 au-

149 1187 204 1209 tem
217 1183 344 1211 furiendo
358 1190 385 1212 et
403 1186 584 1220 opprimendo
603 1192 685 1222 atqtte
707 1188 881 1216 Christianos
893 1197 940 1217 oc-

148 1229 267 1256 cidendo
285 1230 397 1258 minime
409 1233 579 1266 quiescebat.
596 1233 666 1261 lluic
686 1242 734 1268 per
749 1234 857 1262 litteras
870 1235 940 1262 Con-

148 1276 290 1303 stantinus
306 1276 407 1310 jubens
433 1278 467 1305 ab
491 1278 648 1313 hujusmodi
668 1280 778 1307 vesania
806 1281 938 1309 receden-

147 1322 235 1354 dum,
271 1331 443 1358 nequaquam
480 1326 663 1360 compescuit.
701 1325 770 1353 llinc
803 1327 884 1354 etiam
912 1333 940 1354 et

147 1368 254 1395 Basilea
283 1369 440 1404 episcopqu
464 1370 592 1402 Amasite,
620 1376 647 1398 et
669 1376 698 1399 ut
719 1373 829 1407 quidam
849 1373 937 1406 aiunt,

148 1413 231 1439 etiam
251 1418 362 1441 santtos
382 1415 562 1450 quadraginta
585 1421 719 1452 martyres
736 1422 763 1445 et
784 1419 854 1447 alios
869 1419 938 1446 mul-

149 1463 194 1485 tos
207 1459 279 1485 liniri
294 1467 341 1494 per
356 1461 490 1495 supplicia
507 1461 584 1489 fecit.

183 1502 268 1530 Sexto
282 1504 389 1532 decimo
406 1513 477 1533 anno
495 1506 601 1542 imperii
616 1508 791 1537 Constantini
804 1511 887 1538 Arius
903 1511 937 1538 ab

993 281 1007 300 a
1034 273 1168 301 Silvestre
1195 274 1277 300 fuerit
1303 273 1466 308 baptizatus,
1482 278 1509 300 et
1536 274 1609 308 quod
1634 275 1781 302 nominata:

993 319 1221 350 Constitutiones.
1247 327 1308 354 qua:
1330 319 1363 346 ad
1391 319 1567 346 Melcbiadem
1597 319 1731 352 feruntur,
1748 321 1783 348 ab

992 365 1103 393 Arianis
1123 365 1190 393 ﬁctae.
1208 365 1275 394 sint,
1293 365 1338 400 qui
1359 365 1475 400 gloriam
1499 365 1563 392 hinc
1581 366 1632 393 sibi
1651 366 1782 394 festinant

993 411 1149 445 acquirere,
1164 411 1205 438 vel
1218 411 1300 438 etiam
1317 411 1470 445 piissimutn
1482 411 1633 445 principem
1651 411 1779 440 lacerare.

994 457 1060 484 dum
1079 457 1185 484 scilicet
1209 465 1240 484 ex
1264 457 1315 484 hoc
1333 457 1428 483 volunt
1448 464 1510 484 eutn
1535 465 1588 483 non
1613 457 1780 492 baptizatum

994 503 1153 535 ostendere,
1178 502 1250 537 quod
1278 508 1320 530 est
1343 502 1532 530 irrationabile
1557 507 1639 537 atquo
1666 502 1782 530 falsissi’

993 557 1079 576 mum.
1093 549 1121 576 Si
1137 549 1210 576 enim
1225 557 1278 575 non
1297 553 1356 575 erat
1372 549 1398 575 in
1414 548 1524 575 Niczrna
1540 549 1647 583 synodo
1659 548 1782 582 baptiza—

993 600 1048 628 tus,
1065 603 1130 629 ergo
1144 603 1194 622 nec
1212 595 1366 622 divinoruttt
1379 594 1561 629 participator
1575 595 1779 629 mysteriorum,

993 649 1043 669 nec
1060 643 1156 668 orabat
1172 649 1234 668 cttm
1259 641 1362 668 sanctis
1386 640 1524 670 Patribus.
1547 640 1618 674 quod
1646 641 1782 674 nequissi-

992 695 1066 714 mum
1087 691 1129 714 est
1151 691 1177 713 et
1196 687 1288 714 dicere
1303 691 1329 713 ct
1348 685 1460 712 sentire.
1484 685 1600 718 Quidam
1625 692 1690 711 vero
1705 684 1782 712 Aria-

992 740 1090 760 norum
1117 737 1199 767 atqne
1223 739 1390 766 paganorum
1409 731 1488 765 quasi
1509 730 1603 765 spurio
1626 737 1724 765 magno
1736 730 1782 756 de-

993 779 1105 806 trahttnt
1128 778 1324 809 Constantino,
1342 784 1499 812 quanquam
1525 781 1553 803 et
1574 776 1625 810 ipsi
1645 776 1780 802 mentian-

993 829 1044 851 tur.
1061 824 1223 859 Gencalogia
1239 824 1311 851 enim
1333 823 1392 858 ejus
1409 823 1481 856 regia
1497 826 1566 853 erat,
1589 825 1617 849 et
1632 826 1778 856 antequam

995 870 1180 897 Diocletianus
1202 874 1284 896 esset.
1314 868 1495 896 Constantius
1525 867 1597 894 enim
1627 871 1704 901 pater
1720 867 1781 900 ejus

993 923 1079 950 nepos
1094 916 1144 942 fuit
1162 915 1268 942 Claudii
1284 914 1471 949 imperatoris,
1488 918 1516 940 et
1529 921 1562 940 ex
1577 912 1678 940 Ilelena
1695 913 1780 947 priori

992 969 1077 988 uxore
1097 969 1146 988 sua
1155 960 1366 988 Constantinum
1377 959 1475 986 habuit
1491 966 1631 993 maguum.
1645 959 1780 985 Ca'tcrum

993 1007 1088 1034 habuit
1102 1011 1129 1034 et
1145 1007 1214 1033 filios
1228 1014 1261 1033 ex
1275 1006 1418 1033 Tbeodora
1432 1006 1486 1032 ﬁlia
1504 1005 1662 1032 Maximiani
1676 1005 1780 1032 Hercu-

993 1053 1030 1083 lii,
1048 1060 1108 1087 qua:
1124 1059 1203 1079 soror
1216 1056 1276 1078 erat
1290 1050 1430 1081 Maxentii,
1450 1050 1497 1085 qui
1517 1049 1690 1085 tyrannidem
1709 1049 1780 1083 apud

993 1099 1144 1125 Romanam
1166 1097 1262 1124 urbem
1289 1095 1424 1128 exercuit,
1441 1094 1544 1130 quique
1567 1098 1725 1129 peremptus
1740 1099 1782 1121 est

991 1149 1006 1168 a
1024 1142 1207 1175 Constantino
1232 1140 1304 1175 apud
1327 1140 1458 1167 Molbium
1490 1142 1612 1174 pontetn,
1633 1139 1742 1173 quando
1755 1142 1782 1166 et

992 1188 1085 1215 crucis
1101 1188 1208 1222 signum
1230 1187 1297 1213 vidit
1313 1186 1340 1212 in
1364 1186 1445 1218 cazlo,
1460 1190 1542 1219 atque
1564 1184 1671 1212 Fausta:
1688 1184 1782 1211 uxoris

991 1233 1081 1268 magni
1094 1232 1270 1259 Constantitti
1289 1240 1296 1258 :
1312 1235 1339 1258 et
1364 1238 1444 1258 nemo
1469 1231 1585 1258 miretur
1602 1231 1624 1257 si
1645 1234 1708 1257 ante
1735 1231 1783 1256 ba-

990 1280 1132 1314 ptisnnnn,
1149 1276 1211 1305 cum
1227 1278 1316 1305 adhuc
1331 1284 1451 1312 paganos
1465 1277 1536 1304 ritus
1547 1280 1699 1308 servarent,
1711 1276 1781 1303 duas

990 1332 1099 1352 sorores
1112 1325 1249 1351 duxerant
1266 1328 1342 1358 pater
1353 1326 1381 1350 et
1396 1322 1479 1350 filius.
1505 1321 1574 1349 Sunt
1590 1325 1680 1348 autetn
1699 1329 1781 1357 gene-

991 1372 1111 1398 rationes
1125 1378 1221 1398 eorum
1236 1371 1307 1397 sicut
1325 1369 1443 1396 inferius
1458 1372 1637 1396 annotantur.

1275 1443 1494 1470 CONSTANTIUS

1065 1504 1098 1522 ex
1113 1496 1245 1522 Theodora
1256 1495 1306 1520 ﬁlia
1321 1494 1433 1520 Herculii
1446 1495 1528 1526 gignit
1638 1499 1670 1517 ex
1682 1492 1780 1526 Helena

1629 1530 1689 1548 vero
1701 1521 1782 1553 gignit

147 1548 256 1599 insania
277 1551 582 1599 cognominatusapud
603 1554 797 1582 Alexandriam
813 1556 938 1584 haeresim
953 1557 974 1585 C
990 1569 1186 1598 Constantinum,
1203 1569 1300 1599 patrem
1331 1565 1440 1599 Anam]-
1471 1565 1591 1599 ςοηειιη-
1630 1548 1771 1590 Comini“.

147 1602 226 1621 suam
239 1595 265 1621 in
281 1597 400 1624 ecclesia
417 1598 605 1626 manifestavit
622 1605 649 1627 et
665 1601 787 1628 schisma
806 1608 937 1636 operatus

146 1645 200 1672 est,
222 1647 390 1676 cooperante
411 1643 463 1670 sibi
487 1645 607 1679 maligno
625 1646 794 1679 adversario,
814 1650 860 1682 qui
883 1657 936 1676 non

147 1686 201 1712 fert
221 1686 311 1714 videre
346 1695 439 1722 pacem
458 1689 596 1717 Ecclesiae.
621 1689 721 1719 Factus
742 1698 784 1719 est
804 1698 894 1720 autem
910 1698 936 1721 et

146 1735 227 1758 teme
242 1738 333 1758 motus
350 1733 523 1761 Alexandriae
547 1736 736 1769 gravissimus,
755 1737 792 1764 ita
813 1743 842 1764 ut
857 1741 937 1766 cade-

146 1785 206 1806 rent
230 1779 329 1806 domus
355 1782 446 1809 multa:
477 1791 509 1809 ac
537 1784 655 1818 populns
687 1786 821 1820 plurimus
851 1785 936 1813 inter—

145 1831 208 1853 II'CL

182 1873 306 1908 Septimo
326 1875 433 1903 decimo
451 1876 558 1911 imperii
581 1877 624 1905 sui
649 1886 721 1905 anno
736 1878 936 1906 Constantinus

144 1925 286 1953 (‘titttperta
302 1921 360 1947 Arii
373 1923 557 1950 commotione
568 1923 647 1951 valde
662 1924 809 1955 tribulatus
824 1923 936 1958 scripsit

146 1965 301 1993 Alexandro
316 1970 344 1994 et
369 1967 435 1994 Ario
463 1977 637 1997 communem
661 1970 818 2004 epistolam,
842 1971 934 1998 consi-

144 2009 211 2036 Iinm
236 2010 307 2039 dans
332 2020 447 2047 nequam
461 2017 685 2052 _commotionem
712 2016 835 2042 solvendi
857 2021 884 2042 et
900 2016 932 2043 ad

144 2063 240 2089 pacem
269 2062 390 2085 mutuam
416 2060 559 2088 redeundi.
578 2060 651 2088 Misit
675 2066 765 2088 autem
789 2067 816 2089 et
839 2061 933 2090 Osium

143 2101 302 2136 rpi<copum
318 2103 454 2132 Corduba:
474 2105 668 2133 Alexandriam
684 2111 780 2133 contra
794 2107 890 2134 Arium
907 2111 934 2135 et

143 2147 177 2173 ad
195 2147 347 2181 Orientem,
368 2155 546 2179 correcturus
562 2152 714 2180 Orientales
734 2152 839 2181 Pascha
856 2154 933 2189 pejus

143 2201 227 2224 quant
244 2193 331 2222 Judaei
346 2204 378 2223 ex
395 2197 509 2232 antiqua
527 2199 728 2227 consuetudine
749 2200 931 2228 celebrantes.

143 2238 282 2267 Reversus
303 2247 343 2268 est
369 2247 461 2269 autem
488 2243 521 2270 ad
547 2248 694 2279 utrumque
723 2244 854 2273 inefﬁcax.
878 2245 935 2273 Hoc
951 2234 972 2261 υ

142 2285 225 2311 etiam
240 2293 312 2313 anno
331 2288 530 2317 Constantinus
545 2290 725 2318 Constantem
744 2291 829 2318 lilium
853 2299 934 2319 suum

142 2332 281 2360 Czrsarem
301 2334 366 2362 fecit
383 2340 410 2363 et
424 2337 498 2364 misit
511 2337 538 2364 in
555 2337 668 2365 Gallias.

178 2378 282 2406 Octavo
294 2380 402 2407 decimo
418 2389 484 2414 sane
500 2382 604 2416 imperii
622 2383 664 2409 sui
683 2391 766 2416 anno,
783 2388 810 2410 ut
824 2384 933 2418 quidam

141 2422 250 2456 dicunt,
266 2425 466 2454 Constantinus
479 2434 540 2454 cutn
558 2427 655 2461 Crispo
673 2428 728 2454 ﬁlio
741 2436 792 2455 suo
805 2428 898 2456 Romae
918 2437 933 2456 a

141 2467 277 2498 Silvestro
292 2471 447 2505 baptizatus
463 2476 515 2499 est.
533 2471 674 2506 Quotquot
695 2473 767 2499 enim
787 2473 813 2500 in
829 2474 933 2500 seniori

143 2515 229 2543 Roma
244 2519 400 2545 consistunt
413 2526 500 2552 usque
516 2517 605 2551 hodie,
621 2518 810 2553 baptisterium
832 2520 933 2546 habent

141 2563 169 2590 in
184 2563 522 2599 testimonium,quoniam
537 2573 551 2591 a
563 2564 697 2592 Silvestro
708 2565 801 2592 Romae
809 2566 931 2600 baptiza-

141 2612 188 2634 tus
206 2613 249 2636 cst
260 2614 322 2644 post
336 2614 516 2645 tyrannorum
534 2611 759 2645 peremptionetu.
778 2611 932 2640 Orientales

139 2658 233 2681 autem
251 2656 322 2689 apud
346 2655 530 2683 Nicomediam
546 2656 623 2683 aiunt
643 2664 704 2684 cum
725 2657 797 2684 circa
815 2662 930 2685 mortem

141 2699 178 2726 ab
195 2699 312 2728 Eusebio
334 2701 539 2729 Nicomediensi
564 2702 667 2729 Ariano
690 2703 869 2737 baptizatum,
886 2705 931 2731 ubi

141 2749 169 2773 et
189 2746 306 2781 contigit
332 2755 394 2774 eum
421 2748 557 2776 dormisse
579 2756 586 2775 :
612 2749 754 2777 diii'erebat
775 2750 860 2782 enim,
886 2752 931 2778 itt-

140 2791 251 2825 quiunt,
279 2792 460 2827 baptismum,
488 2802 602 2829 sperans
627 2795 653 2832 in
672 2794 790 2823 Jordanc
817 2796 929 2824 flumine

1659 1601 1718 1618 num

1617 1631 1729 1655 magnum
1740 1631 1782 1647 so.

1632 1655 1766 1680 lummodo.

1332 1596 1436 1627 lianurn,
1465 1598 1524 1621 tiam
1536 1603 1598 1621 uxo-

1499 1633 1553 1651 rem

1476 1657 1574 1682 Licinii.

1038 1599 1101 1625 Galli
1114 1598 1253 1626 Dalmatici,

991 1637 1022 1654 ex
1035 1637 1084 1661 quo
1096 1630 1143 1654 fuit
1155 1630 1305 1654 Daltmticus
1336 1628 1382 1661 qui
1394 1632 1421 1651 et

987 1658 1083 1693 junior,
1100 1661 1192 1693 Juliani
1208 1666 1303 1690 praeva-
1331 1658 1425 1684 Gallus.

1035 1692 1148 1716 ricatoris
1159 1690 1244 1714 frater.

1099 1756 1101 1758 '
1131 1751 1261 1777 MAGNUS
1275 1750 1385 1776 AUTEM
1398 1748 1641 1775 CONSTANTINUS

1182 1809 1212 1827 ex
1223 1803 1313 1827 Fausta
1324 1802 1371 1826 tilia
1384 1801 1494 1828 Herculii
1506 1800 1588 1832 gignit

989 1844 1112 1875 Crispum,
1129 1842 1531 1875 Constantium,__Conslantinum,
1559 1841 1727 1875 Constantem,
1751 1842 1779 1864 et

1313 1872 1438 1897 Helenam
1451 1878 1554 1896 uxorem
1566 1870 1658 1895 Juliaui
1677 1870 1769 1903 refuga)

1024 1925 1116 1953 Mundi
1129 1933 1200 1952 anno
1212 1924 1293 1956 5815,
1306 1924 1404 1951 divin-.e
1421 1911 1621 1950 incarnationis
1633 1931 1705 1950 anno
1715 1923 1777 1955 3l5,

988 1980 1090 1999 nonum
1103 1971 1241 1998 decimum
1256 1970 1363 2005 imperii
1382 1971 1423 1997 sui
1442 1977 1545 1996 annum
1563 1970 1623 2004 pius
1642 1969 1779 1996 Constan-

988 2018 1062 2045 tinus
1083 2017 1203 2052 agebat;
1232 2017 1278 2051 qui
1305 2017 1401 2043 videns
1427 2015 1562 2043 Licinium
1591 2015 1778 2049 persecutione

988 2063 1069 2092 solito
1085 2064 1209 2091 insanitis
1234 2063 1392 2090 abutentem
1409 2067 1436 2089 et
1453 2066 1548 2089 contra
1575 2060 1776 2088 benefactorem

987 2110 1132 2138 consilium
1147 2109 1337 2140 meditantem,
1359 2112 1484 2135 armatur
1503 2107 1635 2134 adversus
1653 2114 1715 2134 eum
1728 2114 1776 2140 per

987 2155 1089 2182 siccam
1107 2155 1146 2190 (3)
1172 2159 1200 2182 et
1223 2157 1307 2181 mare.
1336 2153 1459 2188 Cumque
1487 2153 1626 2188 publicum
1653 2152 1776 2186 pralium

990 2206 1127 2236 ageretur,
1140 2201 1219 2228 vivus
1235 2200 1357 2227 Licinius
1373 2200 1400 2226 in
1417 2199 1542 2234 Bithynia
1557 2207 1639 2233 penes
1658 2199 1777 2234 Chryso-

988 2247 1069 2282 polim
1087 2247 1333 2281 comprehenditur
1344 2250 1371 2272 ct
1384 2244 1556 2272 Constantini
1575 2244 1702 2271 manibus
1722 2249 1777 2270 tra-

987 2293 1072 2325 ditur,
1088 2293 1133 2327 qni
1150 2296 1279 2319 consmata
1297 2290 1466 2317 humanitate
1487 2297 1554 2316 usus
1568 2289 1593 2315 ei
1609 2289 1662 2315 vita
1676 2288 1776 2314 donata

986 2337 1211 2365 Thessalonicam
1226 2337 1308 2362 mittit
1320 2335 1425 2361 carceri
1437 2335 1660 2368 mancipandum.
1677 2333 1775 2360 Verum

985 2393 1039 2412 non
1061 2384 1146 2410 tnulto
1161 2386 1223 2416 post
1247 2381 1372 2408 barbaris
1392 2379 1516 2406 mercede
1531 2379 1676 2406 conductis
1701 2379 1776 2406 futu-

985 2437 1045 2457 rum
1060 2433 1119 2456 erat
1137 2432 1166 2455 ut
1183 2427 1358 2454 rebellionem
1372 2429 1492 2460 pararet,
1512 2425 1566 2452 nisi
1584 2425 1635 2452 hoc
1661 2425 1776 2452 mitissi-

987 2484 1049 2503 mus
1065 2475 1263 2503 Constantinus
1289 2480 1465 2508 praenoscens
1483 2471 1574 2506 gladio
1600 2471 1673 2499 hunc
1691 2471 1776 2498 recidi

984 2521 1123 2556 iussisset.
1142 2521 1174 2548 Et
1188 2521 1228 2547 sic
1240 2520 1272 2547 de
1291 2524 1390 2546 czetero
1403 2517 1522 2554 perfecta
1539 2518 1607 2544 freta
1620 2521 1685 2545 sunt
1699 2521 1775 2544 tran-

986 2568 1121 2604 quillitate
1150 2567 1370 2595 Christianorum
1411 2564 1628 2592 conversationis
1656 2564 1773 2597 negotia,

986 2623 1034 2650 per
1051 2615 1180 2642 virtutem
1199 2613 1305 2640 scilicet
1319 2611 1435 2638 viviﬁcaa
1454 2611 1546 2638 crucis
1564 2609 1666 2644 fugatis
1683 2614 1776 2644 tyran-

986 2662 1050 2693 nis,
1078 2666 1105 2688 et
1135 2660 1312 2695 singulariter
1342 2658 1485 2686 obtinente
1512 2657 1646 2685 divinitus
1680 2655 1774 2690 adjuto

983 2707 1164 2734 Constantino
1181 2705 1331 2732 Romanum
1350 2704 1506 2739 imperium.
1525 2702 1694 2730 Constitutis
1710 2709 1775 2735 ergo

982 2751 1075 2786 pueris
1089 2750 1147 2777 suis
1157 2749 1315 2777 Caesaribus
1331 2752 1425 2782 optata
1436 2755 1502 2781 pace
1519 2747 1622 2781 potitus
1639 2749 1690 2774 est.
1706 2744 1775 2772 Erat

983 2800 1073 2824 autent
1092 2795 1133 2822 vir
1151 2802 1198 2830 per
1216 2794 1308 2822 omnia
1330 2793 1422 2821 clarus
1442 2793 1469 2819 in
1494 2792 1594 2819 virtute
1612 2790 1721 2824 animat,
1745 2790 1773 2818 in

906 2842 1018 2870 ΝΟΤᾸΞ.

182 2884 220 2918 t5)
239 2884 316 2912 Sicca
336 2886 393 2913 sive
414 2886 490 2914 arida
517 2895 565 2922 pro
577 2891 661 2920 terra,
680 2892 708 2915 nt
721 2889 826 2924 psalmo
843 2897 922 2918 xcxv:
943 2900 946 2904 ·

989 2899 991 2910 ν
1005 2888 1089 2925 ξηρὰν
1106 2889 1132 2916 αἱ
1148 2889 1237 2923 χεῖρες
1249 2885 1330 2914 αὑτοῦ
1347 2884 1474 2912 ἔπλασαν.
1491 2884 1574 2912 FABR-
