2035 3153
264 199 328 232 1211

819 201 1015 231 ANASTASII
1037 201 1074 230 BI
1081 201 1288 231 BLIU'l‘lIECA
1295 202 1352 231 Ill!

1823 197 1891 230 lii?

263 260 390 286 ncumiuc
401 266 510 289 sensus,
524 257 550 284 in
569 258 722 285 eruditione
743 258 898 289 verborum,
918 259 944 286 in
961 259 1047 293 acqni«
1063 260 1087 290 Λ
1101 258 1171 286 dona
1199 259 1324 294 largitus,
1355 258 1527 294 principibus
1549 258 1719 292 singularum
1749 258 1890 284 nationum

263 311 317 333 tate
335 306 460 340 justitize.
481 305 508 330 in
528 305 667 332 alacritate
690 304 888 338 beneﬁcentior,
912 305 1050 332 indecore

262 352 367 383 vultus,
383 351 409 377 in
430 350 564 377 bellorum
581 351 710 377 virilitate
726 358 757 377 ac
782 350 922 382 felicitate,
942 351 969 377 iu
988 351 1051 377 bar-

265 398 364 424 baricis
393 404 519 431 magnus,
551 397 577 422 iu
606 397 807 424 cuntrilmlibus
836 395 1050 432 insuperabilis;

266 444 337 470 unde
359 448 385 470 et
410 448 505 470 contra
526 451 625 470 omnes
642 444 735 470 hostes
751 444 892 470 victoriam
920 444 1051 471 orationi-

264 489 317 516 bus
333 488 483 516 obtinebat.

301 533 390 560 Mundi
401 541 474 560 anno
486 533 567 565 5816,
585 533 684 560 divinae
698 534 898 561 incarnationis
906 541 978 560 anno
989 532 1052 564 516,

264 580 416 606 v'cenualia
444 579 550 614 imperii
567 580 705 607 celebrata
725 584 790 606 sunt
807 579 979 607 Constantini
1000 579 1053 606 Au-

265 627 350 658 gusti,
368 630 395 652 et
411 627 481 653 facta
500 631 541 653 est
559 632 653 654 sancta
675 630 702 653 et
724 627 889 655 universalis
906 627 993 660 prima
1009 633 1054 661 sy-

266 673 355 700 nodus
381 672 432 699 5l8
459 672 581 704 Patrmn,
604 681 719 708 quorum
749 673 826 700 nmlti
858 674 1053 700 miraculorum

266 723 345 746 erant
362 723 514 754 patratores
526 723 553 746 et
570 719 719 754 coangellci
737 720 798 752 viri,
815 720 942 754 stigmata
951 719 1053 746 Christi

267 767 294 793 in
311 773 427 801 Corpore
443 774 492 793 suo
508 765 637 794 ferentes.
660 766 712 793 Pro
728 766 852 794 Romano
866 771 956 793 autem
975 765 1055 794 Vitus

266 817 293 839 ct
307 811 469 839 Vincentius
487 813 611 840 aderant.
628 813 691 839 lltec
704 816 798 840 sancta
820 812 942 847 synodus
959 813 1054 838 Arium

265 863 293 885 et
323 863 525 886 consentaneos
549 859 609 893 ejus
632 859 768 893 deposuit,
799 863 913 893 excepto
938 857 1057 886 Eusebio

265 905 412 940 Pamphili,
427 906 472 940 qui
490 906 521 931 ad
535 912 657 940 pra‘seus
674 905 808 932 homousii
825 912 854 932 se
867 909 961 932 tenere
977 904 1055 931 ﬁdem

1102 305 1239 332 honorare
1269 305 1427 332 sacerdotes
1463 304 1648 339 praecipiebat,
1670 308 1698 331 et
1728 304 1765 330 ita
1796 311 1894 331 omnes

1103 352 1253 386 gaudentes
1267 352 1395 379 absolvit.
1413 351 1571 378 [Ediﬁcavit
1590 354 1681 378 autem
1695 349 1894 378 Constantino-

1103 398 1198 432 polim,
1213 406 1266 432 qua
1282 406 1389 425 summa
1409 398 1574 424 liberalitate
1588 396 1674 424 ditata
1699 396 1725 423 in
1739 396 1898 423 illustribus

1103 443 1232 471 domibus
1249 451 1298 471 eos
1313 443 1360 478 qui
1379 444 1412 470 ab
1431 443 1499 470 urbe
1514 442 1601 469 Itonia
1615 446 1694 469 erant
1706 442 1755 468 viri
1770 442 1895 468 rationa-

1104 489 1173 516 biles
1191 489 1357 520 collocavit:
1376 494 1403 517 et
1422 497 1454 516 ex
1473 489 1535 516 aliis
1550 488 1617 515 locis
1638 488 1790 515 secundum
1807 494 1894 522 genus

1104 535 1218 570 eligens,
1232 539 1259 562 et
1273 537 1368 563 domos
1392 543 1509 570 magnas
1528 534 1568 562 eis
1587 534 1726 566 tribuens,
1741 538 1770 561 ut
1786 533 1896 561 habita-

1105 587 1182 609 retur
1200 583 1298 610 civitas
1316 582 1381 617 egit.
1405 581 1483 609 Tunc
1499 582 1581 609 etiam
1597 585 1623 608 et
1643 581 1774 615 templum
1791 584 1896 607 sanctae

1106 628 1216 663 Sophia:
1231 633 1258 656 et
1274 633 1376 656 sancta:
1405 628 1490 655 lrcme
1517 632 1544 654 et
1565 626 1752 662 apostolorum
1767 631 1794 653 et
1807 626 1896 654 sancti

1106 675 1183 702 Mocii
1202 680 1229 702 et
1240 675 1394 709 archangeli
1408 675 1456 702 Dei
1473 674 1579 701 anticus
1596 674 1725 709 princeps
1737 673 1895 699 aediﬁcavit.

1106 721 1184 748 Tunc
1206 721 1329 748 funditus
1342 721 1443 756 templo
1467 720 1585 755 Asclepii
1609 727 1693 754 penes
1704 718 1789 754 IEgas
1802 725 1828 746 et
1844 718 1896 746 Ve-

1107 768 1182 796 neris
1197 769 1224 795 in
1243 768 1365 803 Apliaeis
1381 768 1435 795 sito
1451 768 1605 798 destructo,
1622 771 1704 800 atque
1718 766 1779 793 aliis
1801 766 1898 792 multis

1106 814 1223 845 eversis,
1255 814 1354 841 hormn
1385 814 1488 841 reditus
1516 813 1627 840 donavit
1655 812 1792 840 ecclesiis.
1819 811 1898 839 Tunc

1108 860 1199 886 multa:
1221 864 1315 894 gentes
1333 859 1364 886 ad
1394 859 1561 894 baptismum
1582 865 1728 885 accessere
1754 857 1900 885 miraculis

1108 908 1186 936 actm,
1199 912 1260 939 quae
1271 909 1378 939 patrata
1390 908 1455 931 sunt
1469 911 1484 929 a
1505 902 1622 937 captivis
1638 901 1899 936 sacerdotibus,qui

266 959 333 978 voce
345 952 532 986 proﬁtebatur.
551 951 651 986 Impius
677 951 768 985 itaque
789 951 871 978 Arius
886 959 949 978 cum
966 951 992 977 in
1009 959 1056 986 sy-
1073 937 1094 964 Β
1108 937 1218 978 fuerant
1244 937 1294 978 sub
1327 951 1441 978 Galieuo
1477 950 1644 988 imperatore
1683 949 1832 983 captivati;
1873 954 1900 976 et

267 998 338 1023 nodo
351 1005 470 1031 prtcscns
485 997 675 1029 adducereturl
689 997 822 1024 Eusebius
839 997 1055 1025 Nicomediensis

267 1048 295 1070 et
316 1042 454 1078 Theognis
466 1049 493 1069 et
508 1043 590 1070 Maris
605 1048 631 1070 et
649 1042 794 1071 Narcissus
812 1048 838 1071 et
858 1043 1055 1079 Tltcophantus

268 1093 295 1116 rt
316 1089 489 1124 Patrnphilus
518 1090 590 1117 hunc
613 1090 759 1117 defendere
783 1091 988 1124 moliebantur;
1008 1091 1054 1126 qui

268 1141 465 1171 componentes
493 1136 553 1164 ﬁdei
580 1138 693 1164 verbum
728 1137 917 1172 blasphemum
951 1139 1056 1173 synodo

269 1190 426 1217 perrexere.
447 1183 523 1216 Quod
546 1191 608 1210 cum
636 1183 775 1218 diruptum
801 1189 885 1216 esset,
902 1185 929 1211 hi
949 1185 995 1218 qui
1017 1184 1057 1211 fe-

269 1233 367 1256 certtut
383 1229 450 1256 illud
467 1229 567 1256 reversi
589 1229 789 1257 damnaverunt
809 1231 920 1262 Arium,
933 1231 1057 1265 exceptis

270 1274 397 1302 Secundo
414 1275 573 1303 l‘tolmaidis
584 1274 694 1311 [Egypti
707 1280 734 1302 et
748 1275 859 1303 Tbeona
873 1275 1057 1304 Marmaricas.

269 1322 376 1355 Quibus
401 1329 462 1348 cum
483 1322 548 1348 Ario
574 1322 696 1356 repulsis
718 1325 744 1349 et
766 1322 1056 1358 auathematizatisu)

269 1371 393 1393 sanctum
412 1367 565 1401 symbolum
589 1366 649 1394 fidei
673 1367 822 1399 dictavere,
851 1368 1057 1396 subscribentes

269 1419 364 1440 omnes
375 1420 436 1439 cum
454 1413 841 1448 augustissimoimperatore;
857 1420 880 1441 et
896 1415 976 1441 laude
984 1415 1057 1441 dicta

270 1460 378 1487 solutus
407 1464 448 1486 est
476 1464 576 1492 ccetus,
604 1466 676 1487 anno
703 1467 758 1495 quo
787 1459 947 1495 Byzantium
975 1461 1059 1495 coepit

269 1505 409 1532 aediﬁcari.
430 1505 571 1532 Celebrate
592 1510 635 1533 est
663 1506 746 1541 igitur
766 1511 862 1533 sancta
880 1507 1001 1541 synodus
1018 1507 1056 1533 in—

270 1550 390 1577 dictione
405 1550 450 1580 ‘12.
467 1558 559 1577 mense
571 1551 654 1583 Maio,
669 1551 712 1578 die
725 1550 772 1583 20,
788 1558 849 1584 qua:
873 1551 983 1585 scripsit
999 1551 1058 1585 epi-

1108 998 1185 1033 prius
1213 997 1322 1032 quidem
1351 1006 1383 1024 ex
1416 997 1513 1024 Gothis
1535 1001 1562 1023 et
1587 996 1670 1023 Celtis
1693 1000 1776 1029 atque
1793 994 1901 1022 Galatis

1109 1044 1301 1079 llcsperiarum
1321 1044 1451 1079 partium,
1467 1043 1512 1077 qui
1526 1047 1621 1069 contra
1639 1042 1777 1069 Romanos
1788 1041 1901 1068 fuerant

1107 1090 1172 1121 nisi,
1200 1097 1272 1116 nunc
1294 1096 1384 1117 autem
1406 1093 1432 1116 et
1455 1089 1506 1116 sub
1523 1090 1626 1116 victore
1639 1087 1823 1115 Constantino
1839 1087 1900 1121 plu-

1108 1134 1175 1162 rima
1185 1137 1331 1164 multitudo
1340 1136 1462 1171 gentium
1478 1136 1632 1162 illuminata
1652 1139 1695 1162 est
1708 1135 1740 1161 ad
1755 1133 1900 1161 Christum

1107 1190 1289 1211 concurrens.
1313 1183 1379 1210 Nam
1404 1187 1431 1209 et
1453 1182 1599 1209 interiores
1616 1180 1674 1208 ludi
1692 1185 1719 1208 et
1738 1180 1843 1211 lberes.
1860 1182 1899 1206 uti

1109 1228 1225 1256 Ruﬁnus
1240 1229 1347 1259 scribit,
1368 1228 1496 1256 similiter
1513 1232 1540 1254 et
1561 1228 1684 1254 Armenii
1707 1227 1828 1261 perfecte
1848 1227 1902 1254 sub

1109 1275 1169 1310 ipso
1184 1274 1370 1307 crediderunt,
1389 1282 1437 1309 per
1461 1272 1616 1300 Teridatem
1643 1280 1734 1306 regem
1749 1277 1777 1299 et
1791 1271 1898 1307 Grego-

1109 1321 1180 1348 rium
1197 1321 1358 1355 episcopum
1380 1327 1459 1347 suum
1482 1321 1600 1346 salutem
1624 1319 1803 1354 accipientes.
1820 1319 1901 1345 'l‘uoc

1110 1372 1137 1394 et
1154 1366 1309 1394 Dorolheus
1333 1366 1481 1400 episcopus
1501 1365 1577 1401 Tyri,
1599 1365 1645 1399 qui
1669 1365 1755 1391 multa
1771 1364 1826 1391 sub
1842 1363 1904 1391 Dio-

1109 1414 1227 1441 cletiano
1250 1413 1319 1440 mala
1339 1420 1486 1447 perpessus
1507 1411 1588 1438 exilia
1606 1415 1634 1438 et
1653 1414 1787 1438 tormenta
1807 1415 1903 1444 pertu-

1110 1461 1188 1492 lerat,
1205 1460 1333 1495 pollcbat,
1349 1467 1498 1486 numerosa
1515 1459 1618 1493 scripta
1635 1458 1785 1486 conficiens
1804 1458 1906 1485 Latina

1110 1507 1193 1535 simul
1207 1511 1234 1534 ct
1249 1507 1355 1537 Grates.
1377 1506 1522 1540 utriusque
1540 1505 1670 1532 nim-irum
1695 1504 1830 1532 dictionis
1849 1513 1904 1532 non

1112 1554 1248 1581 modicam
1274 1553 1472 1588 experientiam
1498 1555 1677 1583 consecutus,
1697 1555 1724 1578 et
1751 1551 1906 1578 multarum

271 1597 369 1624 stulam
386 1597 411 1623 in
428 1596 631 1629 Alexandriam,
647 1596 759 1632 Libyam
775 1602 802 1624 et
817 1595 999 1632 Pentapolim,
1013 1605 1059 1632 per
1072 1605 1094 1636 ρ
1111 1608 1159 1634 per
1175 1599 1313 1634 ingenium
1331 1606 1423 1626 rerum
1440 1605 1545 1633 gnarus
1567 1597 1693 1625 effectus.
1718 1596 1766 1624 Hic
1781 1597 1905 1632 dilige“.

271 1650 353 1670 quam
382 1643 499 1669 innotuit
525 1642 565 1677 (5)
591 1642 752 1677 ejectionem
782 1643 859 1674 Arii,
887 1643 1006 1670 Secundi
1031 1649 1058 1671 et

271 1688 399 1715 ’l'heouae.
426 1687 596 1721 Significavit
621 1693 712 1716 autem
734 1693 762 1716 et
790 1689 824 1717 de
843 1688 969 1721 Meletio,
986 1690 1058 1725 quod

272 1741 396 1760 seorsum
418 1734 444 1760 in
465 1734 576 1761 civitate
596 1734 706 1769 propria
729 1734 830 1762 tacitus
844 1728 988 1762 resideret.
1005 1735 1059 1763 Eos

270 1787 336 1805 vero
352 1779 398 1814 qui
411 1779 444 1806 ab
466 1779 524 1814 ipso
545 1787 644 1807 manus
659 1779 863 1814 impositionem
881 1787 1056 1816 acceperant.

272 1825 359 1859 magis
375 1825 487 1860 mystica
502 1826 660 1853 sacratione
674 1825 833 1854 ﬁrmandos.
846 1826 963 1861 Scripsit
975 1828 1057 1854 etiam

271 1871 306 1897 de
323 1870 436 1902 Pascha,
456 1870 482 1896 id
498 1871 614 1898 ulterius
628 1879 690 1898 cum
713 1870 815 1899 Judaeis
831 1871 988 1900 nullatenus
1001 1872 1058 1900 etii-

272 1916 410 1949 ciendum,
434 1916 480 1943 sed
501 1917 652 1944 secundum
680 1916 796 1944 formam
811 1926 872 1951 quae
888 1926 935 1953 per
955 1918 1059 1946 Italiam

270 1961 436 1998 custoditur.
458 1962 485 1989 in
502 1962 640 1990 Dominica
662 1961 705 1990 d’te
731 1964 822 1998 potius
846 1964 1057 1992 celebrandum.

272 2006 404 2033 Similiter
417 2011 443 2034 et
465 2007 605 2041 piissimus
623 2007 770 2042 imperator
792 2009 924 2043 epistolas
941 2009 1059 2044 scripsit

273 2052 374 2087 ubique
397 2053 526 2087 jubentes
547 2053 640 2081 eadem
658 2062 716 2088 quze
735 2058 830 2082 sancta
851 2054 974 2090 synodus
993 2062 1057 2089 pro-

273 2098 452 2132 mulgaverat,
478 2102 505 2125 et
529 2099 680 2125 firmantes.
706 2099 839 2126 Przeterea
864 2107 926 2126 cum
953 2100 1058 2135 imperii

272 2143 315 2170 sui
332 2143 467 2170 festivitas
489 2143 641 2172 vicennalis
664 2144 788 2177 instaret,
807 2153 901 2174 omnes
917 2147 1010 2175 Patres
1026 2148 1059 2175 ad

272 2187 428 2215 convivium
456 2192 545 2220 vocat,
576 2196 637 2215 cum
663 2189 717 2216 illis
745 2191 847 2224 pariter
879 2193 1060 2228 eonvivatus;

273 2241 344 2268 quos
373 2233 504 2260 decenter
532 2233 671 2262 honoratis
700 2234 847 2270 Paphnutii
873 2241 899 2265 et
927 2239 1057 2267 similium

272 2280 464 2308 coufessorutn
480 2280 551 2312 loca,
565 2288 597 2307 ex
617 2281 718 2315 quibus
734 2282 761 2309 in
777 2284 971 2316 persecutione
985 2287 1057 2313 oculi
1076 2282 1097 2310 ὓ

272 2325 381 2353 fuerant
394 2325 497 2360 eﬁossi,
514 2326 556 2353 vel
572 2326 654 2354 etiam
678 2332 776 2355 extera
792 2330 914 2357 membra
930 2335 1057 2359 truncata

270 2372 467 2406 osculabatur,
498 2373 739 2401 sauctiﬁcationem
765 2384 798 2403 ex
828 2376 868 2405 eis
896 2377 1058 2405 lucrifacere

271 2425 396 2452 sperans.
423 2417 510 2444 Porro
532 2417 639 2445 libellos
660 2427 730 2453 quos
747 2424 842 2446 contra
860 2421 978 2449 invicem
995 2423 1057 2458 qui-

270 2465 332 2491 dam
344 2468 523 2499 porrexerunt
540 2465 594 2500 igni
611 2465 724 2492 tradidit
741 2467 921 2501 jurejuranqu
934 2469 1057 2503 firmans,

270 2511 293 2538 si
311 2511 427 2538 vidisset
456 2511 615 2546 episcopum
645 2513 841 2545 nimehantcm,
872 2521 902 2540 se
930 2514 1059 2541 alacriter

270 2557 343 2583 lmuc
358 2556 539 2592 operiturum.
558 2556 642 2584 Multa
659 2565 769 2592 quoque
784 2558 914 2586 oumilms
931 2560 1056 2587 ecclesiis

1111 1650 1152 1673 ter
1178 1645 1261 1673 etiam
1298 1653 1380 1680 super
1404 1644 1540 1678 episcopis
1565 1643 1689 1679 Byzantii
1718 1650 1751 1670 ac
1781 1643 1906 1670 aliorum

1110 1691 1258 1718 nmltorutn
1282 1690 1405 1717 locorum
1429 1689 1572 1717 historiam
1591 1689 1698 1717 texuitf
1712 1689 1801 1724 quiet
1817 1689 1847 1716 in
1863 1697 1908 1724 sy-

1111 1736 1183 1763 nodo
1199 1740 1324 1770 repertus
1350 1740 1403 1768 est,
1422 1738 1449 1762 et
1466 1735 1500 1761 ad
1526 1734 1663 1769 propriam
1684 1734 1850 1769 parochiam
1867 1734 1907 1769 (ϐ)

1111 1788 1237 1809 remeans
1257 1780 1416 1816 perduravit
1443 1787 1531 1815 usque
1549 1779 1581 1807 ad
1609 1779 1731 1814 refugam
1749 1779 1907 1808 lulianum.

1112 1828 1144 1854 Et
1156 1827 1285 1863 quoniam
1301 1834 1355 1854 non
1372 1826 1528 1857 manifeste,
1546 1825 1592 1852 sed
1609 1825 1717 1852 occulte
1732 1833 1779 1859 per
1794 1826 1913 1860 judice.

1111 1873 1288 1902 exsecrabilis
1307 1872 1348 1899 vir
1361 1873 1389 1898 in
1410 1871 1585 1898 Christianos
1599 1871 1837 1904 debacchabatur.
1855 1872 1908 1900 itc-

1112 1926 1170 1944 rum
1193 1917 1290 1944 beatus
1322 1916 1475 1944 Dorotheus
1490 1916 1578 1950 pergit
1591 1915 1797 1950 Odyssopolim,
1815 1916 1864 1943 ubi
1881 1921 1910 1944 et

1111 1963 1327 1999 comprehensus
1350 1970 1364 1989 a
1381 1962 1521 1997 iudicibus
1537 1961 1650 1994 Juliani,
1673 1961 1825 1995 multisque
1843 1962 1909 1990 επε-

1111 2014 1172 2037 ctus
1191 2009 1362 2040 verberibus,
1385 2010 1411 2035 iu
1427 2016 1556 2044 suprema
1572 2012 1713 2035 senectute
1732 2015 1781 2042 pro
1798 2009 1910 2037 Christi

1110 2056 1285 2084 confessione
1297 2055 1439 2091 suppliciis
1463 2055 1530 2087 obit,
1546 2062 1607 2082 cum
1620 2054 1678 2089 jam
1701 2054 1749 2082 l07
1766 2061 1907 2082 annorum

1110 2107 1194 2131 esset.

1146 2149 1238 2176 Mundi
1254 2156 1326 2176 anno
1340 2147 1421 2180 58l7,
1437 2147 1538 2175 divinze
1554 2147 1755 2175 incarnationis
1769 2147 1838 2180 5l7,
1855 2147 1905 2174 Ju-

1111 2195 1161 2222 dzci
1178 2199 1205 2222 et
1221 2195 1310 2222 Persa:
1331 2195 1455 2222 videntes
1470 2194 1713 2222 Christianismum
1743 2194 1769 2220 iu
1790 2194 1910 2222 Perside

1112 2242 1199 2278 magis
1216 2249 1247 2269 ac
1263 2242 1349 2277 magis
1365 2241 1477 2276 pollere,
1489 2240 1638 2268 detrahunt
1655 2239 1777 2266 Simeoni
1793 2240 1910 2267 archie-

1112 2289 1224 2324 piscopo
1241 2288 1427 2323 Ctesiphontis
1448 2287 1518 2322 apud
1545 2286 1677 2314 Saborem
1697 2285 1850 2312 Persarum
1864 2295 1909 2312 re-

1113 2341 1185 2368 gem,
1204 2333 1282 2367 quasi
1301 2332 1389 2359 amico
1405 2331 1581 2366 imperatoris
1605 2330 1721 2357 liotnani
1733 2335 1759 2357 et
1778 2329 1910 2358 Persico-

1113 2386 1171 2406 rum
1186 2378 1298 2406 delatori
1316 2378 1499 2412 negotiorum.
1514 2377 1697 2410 Quamobrem
1713 2377 1909 2410 persecutione

1113 2432 1211 2459 utagua
1228 2425 1255 2451 in
1272 2425 1383 2451 Perside
1406 2428 1478 2451 mola
1505 2423 1580 2450 multi
1601 2431 1649 2456 pro
1665 2423 1777 2449 Christo
1803 2427 1908 2456 nia-ty-

1113 2471 1155 2497 rio
1168 2475 1232 2497 sunt
1245 2470 1390 2501 adornati;
1405 2470 1475 2495 inter
1488 2475 1558 2502 quos
1576 2468 1764 2495 lleustazades
1779 2468 1907 2502 »πόθεον

1111 2525 1162 2552 gus
1179 2516 1290 2543 Saboris
1306 2520 1332 2542 et
1355 2515 1466 2542 Simeon
1480 2519 1507 2541 et
1526 2521 1609 2548 super
1627 2514 1697 2540 alios
1722 2514 1826 2540 mtiltos
1841 2521 1907 2539 cen-

1112 2566 1169 2589 tum
1187 2562 1281 2589 clerici
1298 2565 1324 2588 et
1343 2561 1462 2596 episcopi
1484 2567 1538 2587 una
1563 2559 1606 2586 die
1629 2559 1801 2594 martyrizati
1828 2562 1907 2591 sunt,

1027 2627 1144 2656 NOT/E.

307 2672 346 2707 (-i)
364 2673 461 2699 Analh.
476 2672 546 2700 Hist.
566 2672 642 2708 Trip.
663 2673 707 2703 1“),
727 2673 743 2700 6
761 2681 768 2699 ε
786 2683 796 2698 r
812 2673 1060 2701 anathematizave—

271 2713 345 2735 runt.
363 2718 372 2732 ι
391 2708 437 2735 Sic
453 2709 525 2734 enim
541 2716 590 2735 nos
601 2709 750 2735 Christiani
770 2714 864 2735 contra
887 2708 1059 2742 blasphemus

272 2743 407 2779 prolatum
423 2744 542 2779 solemus
559 2744 695 2778 appellare
713 2743 862 2770 decretum.
879 2741 962 2779 Enen.

307 2778 347 2813 (5)
368 2777 498 2805 lnnotuit.
515 2779 679 2806 Anastasius
705 2779 732 2804 in
758 2779 856 2806 exsilio
881 2777 911 2804 S.
934 2779 1059 2806 Martini:

276 2823 284 2838 ‹
301 2813 378 2840 Potui
390 2814 414 2840 ei
425 2814 546 2848 scribere
559 2820 591 2840 ac
604 2814 776 2841 innotescere
787 2814 877 2840 omnia
887 2814 987 2847 quarde
1001 2814 1059 2848 ipso

273 2847 523 2884 ilitlzuuabanturla
535 2847 690 2876 Ludovicus
702 2849 767 2884 imp.
784 2849 810 2875 in
830 2856 910 2883 praua
924 2857 967 2883 ap.
983 2849 1059 2876 Flod.

276 2883 302 2913 l,
312 2882 344 2941 1‘9
358 2890 364 2907 :
379 2891 388 2906 ε
402 2883 471 2915 Quia
483 2883 541 2910 Ebo
558 2884 708 2911 clementiae
726 2882 825 2912 nostrae
835 2884 953 2911 innotuit
965 2885 1055 2920 quia.»

276 2930 310 2938 —
336 2923 361 2941 υ.

1146 2677 1185 2710 (ιδ)
1204 2675 1373 2702 Parachiam.
1389 2674 1538 2709 Παροικίαν
1551 2674 1661 2706 quitiam
1689 2673 1803 2703 malunt,
1817 2681 1906 2710 parnt-

1110 2709 1191 2738 ciant.
1209 2711 1263 2737 Sed
1282 2710 1441 2745 premiscue
1460 2709 1903 2745 utrumquethrpaturLArvitus

1114 2745 1273 2773 Viennensis
1283 2743 1331 2780 'ep.
1344 2746 1392 2773 90:
1405 2756 1414 2770 ι
1428 2745 1455 2771 In
1470 2745 1598 2780 parochia
1610 2743 1756 2780 Epoueusi.
1765 2753 1774 2768 ι
1784 2743 1903 2776 Epipha-

1117 2752 1273 2773 VIenneusts
1287 2753 1331 2780 ep.
1344 2752 1392 2773 UU:
1405 2756 1414 2770 ι
1428 2752 1455 2771 In
1470 2752 1598 2806 parocuta
1610 2752 1774 2778 prlIt‘llSl.)
1784 2752 1903 2776 npipua-

1111 2782 1173 2808 nius
1187 2782 1323 2808 Scholast.
1339 2780 1414 2814 Trip.
1434 2787 1452 2811 1,
1488 2781 1500 2805 4
1519 2789 1525 2805 :
1546 2789 1554 2804 ε
1573 2779 1602 2806 lu
1625 2783 1716 2805 nostra
1729 2779 1808 2812 igitur
1822 2785 1903 2814 paro-

1109 2817 1182 2843 chia.
1201 2826 1210 2842 ι
1229 2817 1300 2843 Idem
1322 2812 1411 2842 tamen
1443 2816 1614 2849 frequentius
1638 2813 1777 2849 rqra’t‘inm
1808 2812 1902 2842 vertit,

1113 2857 1143 2878 ut
1160 2859 1189 2879 ιι.
1201 2851 1234 2878 l2
1247 2856 1272 2878 ct
1286 2859 1322 2884 tv,
1334 2851 1380 2884 2t,
1395 2849 1464 2883 ν,Ξὸ
1479 2848 1505 2876 et
1521 2850 1565 2882 5t,
1581 2857 1629 2882 xit,
1641 2848 1689 2882 ‘22;
1706 2849 1785 2883 idque
1796 2848 1904 2874 rectius

1113 2891 1165 2914 est.
1185 2886 1222 2913 In.
