2035 3153
153 199 223 234 1213

588 203 770 233 HISTORIA
789 203 1074 234 ECCLESIAS’PICA
1093 204 1144 233 EX
1159 192 1402 232 THEO’PHANE.

1713 198 1780 230 12H

151 264 175 285 et
205 258 414 285 innumerabilis
438 258 492 285 alia
511 258 676 291 multitudo;
693 267 725 286 ex
755 260 855 294 quibus
875 260 941 287 insi-
963 260 981 287 A
997 260 1031 286 ah
1048 259 1113 286 hora
1131 260 1209 286 tertia
1225 266 1311 292 usque
1332 258 1364 284 ad
1379 258 1472 284 horam
1486 256 1619 290 quintam.
1636 257 1717 283 Arius
1731 265 1779 282 au-

151 305 245 340 gnium
257 305 350 332 decem
362 311 388 332 et
402 309 464 331 orto
483 306 568 332 millia
584 311 733 341 martyrum
748 312 939 338 numerarunt,

153 352 297 378 tormentis
316 351 492 378 horribilibus
519 358 545 379 et
562 359 575 378 a
591 357 689 379 natura
702 354 841 380 extraneis
855 361 870 380 a
889 353 940 380 Sa-

151 398 218 425 borr-
231 403 383 431 perempta.
396 397 447 424 Per
459 398 527 424 idem
544 401 652 432 templis
668 403 694 425 et
712 397 742 425 B.
760 398 860 425 llelena
878 399 941 425 dor—

155 443 235 469 mivit
251 442 277 468 in
298 441 414 468 Domino
440 449 574 469 annorum
600 443 752 477 octoginta,
782 444 866 469 multa
886 443 941 470 lilio

152 488 286 515 mandans
302 495 350 521 pro
364 488 464 521 pietate
479 495 539 521 qua:
553 487 663 515 Christo
681 489 806 515 debetur.
829 487 940 523 Sepulta

151 537 243 559 autem
261 537 303 560 est
320 533 346 559 in
368 533 469 567 templo
493 532 543 560 SS.
562 534 750 568 apostolorum
775 534 845 568 apud
864 534 942 561 Con—

151 578 371 613 stantinopolim,
387 579 459 612 quod
476 578 621 606 mdiﬁcavit
638 580 708 607 filius
731 580 791 613 eius
807 581 942 608 Constan-

153 625 229 651 tinus
250 624 284 650 ad
310 624 498 656 sepeliendum
527 629 650 652 mortuos
665 625 842 653 Christianos
856 627 942 660 impe-

151 675 268 697 ratores.
283 669 374 696 Pritna
396 677 461 696 vero
483 670 510 696 in
527 678 559 697 eo
582 670 612 698 Β.
628 670 729 698 llelena
757 676 797 698 est
821 672 940 706 sepulta,

153 715 342 743 monumentis
366 715 450 742 claris
465 719 492 742 et
515 716 618 750 vigiliis
634 717 780 744 honorata.
798 717 883 743 Porro
898 725 941 744 sa—

152 770 212 790 cra?
231 763 363 797 virgines,
387 770 503 797 quarum
534 763 637 790 mensis
660 768 753 790 astans
775 771 822 797 per
839 768 942 791 semet-

154 808 242 842 ipsam
259 808 338 841 quasi
358 807 458 834 famula
476 808 664 840 ministrabat,
681 807 783 835 divinis
799 809 869 836 hanc
885 817 943 837 mo-

154 856 296 883 numentis
311 856 498 890 praedicabant
512 856 572 883 sine
597 856 754 883 cessatione
773 856 892 882 beatam.

191 901 283 929 Mundi
310 910 383 929 anno
407 902 488 932 58l8,
516 902 617 929 divina).
650 901 848 929 incarnationis
879 902 941 934 518,

154 947 334 976 Constantius
357 956 418 976 cum
438 948 473 975 22
498 948 606 982 imperii
631 953 739 983 gereret
762 955 876 978 annum,
895 956 944 982 per

153 994 283 1021 virtutem
301 994 329 1022 S.
349 995 442 1022 crucis
458 994 621 1027 Germanos,
641 994 783 1021 Sarmatas
800 999 826 1020 et
840 994 944 1021 Gothos

154 1045 283 1068 extrema:
307 1041 432 1068 servituti
458 1041 577 1076 subegit.
609 1040 686 1068 Tunc
705 1041 841 1068 Eusebius
867 1040 944 1067 Pam-

154 1087 222 1122 phili
249 1087 404 1122 symbolum
433 1087 492 1115 fidei
511 1095 525 1114 a
541 1087 647 1114 sanctis
666 1087 794 1114 Patribns
813 1087 883 1122 apud
899 1086 945 1114 Ni—

153 1141 240 1160 czeam
254 1133 386 1167 expositae
401 1141 511 1160 omnem
533 1133 725 1160 orthodoxiam
749 1134 848 1161 habere
862 1137 946 1160 testa-

155 1183 202 1205 tur
215 1179 340 1206 scribens
357 1179 415 1206 suis
439 1179 600 1206 concivibus
621 1183 647 1205 et
665 1179 852 1212 interpretans
870 1178 944 1205 dicta

155 1225 307 1252 secundum
335 1233 460 1252 sensum.
483 1224 651 1251 Athanasius
673 1228 763 1250 autem
786 1224 813 1251 in
831 1223 944 1258 epistola

156 1271 189 1297 ad
216 1271 299 1298 Afros
324 1271 408 1298 missa
439 1271 629 1298 testimonium
664 1270 789 1304 perhibet
815 1269 944 1300 Eusebio,

156 1317 228 1350 quod
250 1317 404 1350 susceperit
419 1324 512 1344 vocem
528 1315 832 1343 consubstantialitatis
850 1315 900 1349 (7).
912 1315 946 1341 At

155 1370 222 1389 vero
248 1362 436 1403 Theodoritns
460 1362 527 1389 dicit
550 1363 622 1388 hunc
638 1361 803 1389 concordem
826 1361 946 1388 Ariano-

155 1417 230 1442 rum,
246 1409 356 1436 Eusebii
378 1409 487 1436 scilicet
507 1408 727 1436 Nicomediensis
743 1412 769 1435 et
786 1416 881 1435 eorum
898 1409 944 1442 qui

155 1465 219 1485 cum
237 1457 297 1492 ipso
323 1455 490 1486 sentiebant,
518 1454 613 1482 fuisse.
637 1453 715 1481 Unde
736 1457 764 1480 et
781 1453 945 1486 depositioni

155 1502 334 1531 sacratissimi
356 1501 495 1529 Eustathii
511 1500 676 1527 Antiocheni
701 1500 860 1531 consensit;
883 1507 944 1525 cum

155 1550 258 1585 quibus
270 1553 297 1576 et
321 1546 483 1582 imperatori
502 1546 670 1581 persuadens
685 1546 757 1572 lnme
770 1546 844 1580 juste
861 1545 943 1578 depo-

156 1597 239 1623 situm
256 1595 311 1628 egit
323 1598 353 1620 ut
367 1592 439 1628 apud
456 1592 578 1627 Illyrium
596 1591 622 1617 in
639 1591 767 1618 exsilium
779 1591 945 1617 mitteretur.
960 1599 982 1630 ρ

193 1638 366 1667 Constantini
376 1636 510 1673 vigesimo
523 1636 606 1662 tertio
625 1643 697 1662 anno
715 1635 741 1661 in
758 1634 874 1669 imperio
890 1643 947 1668 per-

156 1687 296 1715 currente,
315 1683 385 1715 apud
402 1681 577 1709 Antiochiam
591 1685 756 1714 oclagonnm
771 1680 898 1714 templum
909 1680 947 1715 (8)

155 1732 241 1765 empit
254 1729 408 1761 atditicare;
427 1728 474 1763 qui
495 1734 557 1753 cum
576 1726 738 1761 vigesimum
754 1731 881 1760 quartum
896 1726 941 1752 im-

155 1777 227 1812 perii
246 1781 338 1811 ageret
361 1782 474 1806 annum,
501 1772 655 1800 Danubium
681 1773 821 1799 transiens
839 1776 946 1808 pontem

155 1823 183 1850 in
200 1830 262 1850 eum
280 1822 417 1857 lapideum
433 1820 509 1852 fecit,
525 1819 696 1854 Scythasque
713 1819 832 1854 subegit.

193 1869 279 1896 Porro
303 1868 433 1902 vigesimo
457 1866 552 1901 quinto
570 1864 676 1900 imperii
705 1863 746 1891 sui
782 1872 855 1891 anno
872 1863 946 1891 Con-

157 1915 365 1947 stantinopolim
389 1919 487 1940 novam
511 1911 626 1938 Romam
646 1911 798 1944 nuncupari
818 1910 948 1939 decrevit.

158 1962 250 1989 Marco
275 1960 368 1988 Roma
399 1959 573 1994 prmsulatum
600 1962 720 1992 gerente.
751 1956 949 1984 Constantinus

158 2013 291 2043 pnrterea
323 2007 484 2042 vigesimum
513 2007 619 2031 sextum
639 2003 746 2037 imperii
781 2003 823 2029 sui
852 2009 950 2036 gerens

158 2061 273 2085 animm,
287 2051 407 2079 extendit
419 2050 636 2085 persecutionem
650 2055 727 2075 suam
744 2047 770 2078 in
785 2046 950 2074 destructio-

160 2108 222 2126 nem
239 2099 374 2126 idolorum
392 2102 473 2131 atqtte
490 2096 667 2129 templorum.
683 2093 735 2120 Per
757 2093 827 2120 idem
845 2098 950 2127 tempus

157 2151 185 2172 et
200 2144 371 2172 Athanasius
384 2141 588 2170 Alexandrinus
602 2140 716 2166 antistes
730 2139 855 2166 habetur.
870 2137 949 2171 Vige-

158 2193 230 2217 sitno
242 2189 360 2222 septimo
378 2187 560 2215 nihilominus
577 2185 682 2220 imperii
700 2185 760 2219 ejus
776 2192 849 2211 anno
862 2184 951 2211 Julius

159 2241 228 2268 papa
242 2233 382 2259 Romanus
394 2231 567 2266 agnoscitur.

994 311 1046 332 tem
1073 313 1135 331 cum
1168 303 1370 331 Niroxnediensi
1400 302 1520 329 Eusebio
1547 308 1574 328 et
1598 303 1781 329 sectatoribus

993 352 1051 379 suis
1067 351 1242 378 insurrexere
1266 357 1327 377 cum
1341 349 1495 384 juramcnto
1516 348 1623 374 libellus
1652 348 1780 374 orthodo-

993 399 1044 424 xize
1064 397 1236 431 porrigentes
1252 394 1424 430 imperatori,
1442 393 1545 421 sitienti
1562 401 1655 420 corum
1674 394 1720 427 qui
1738 393 1781 420 di-

992 444 1044 471 visi
1062 444 1169 470 luerant
1186 443 1317 469 unitatem
1333 451 1340 472 ;
1357 446 1383 468 et
1400 447 1564 475 persnascrc
1580 440 1603 466 ci
1621 440 1782 466 mentientes

993 490 1065 525 quod
1077 489 1276 517 concordarent
1292 495 1352 514 cum
1370 486 1500 513 Patribus
1513 485 1559 520 qui
1577 485 1648 520 apud
1664 485 1781 512 Nicaeam

995 539 1191 564 convenerant.
1207 535 1348 570 Siquidem
1371 534 1413 561 his
1429 533 1557 560 credulus
1574 533 1723 566 imperator
1739 531 1782 558 in~

994 582 1124 618 dignatus
1153 586 1196 608 est
1224 581 1356 607 adversus
1383 578 1561 606 Athanasium
1582 585 1629 612 pro
1652 585 1684 604 eo
1710 577 1782 612 quod

993 631 1088 657 Arium
1119 633 1146 655 et
1161 628 1292 655 l‘quoium
1310 635 1361 653 non
1377 626 1540 659 susceperit.
1554 624 1599 658 qui
1613 624 1646 650 ab
1664 624 1782 650 Alexan-

994 676 1044 703 dro
1074 675 1189 710 dep-miti
1228 674 1358 706 fuerant,
1396 680 1457 699 cum
1495 670 1615 699 Euzoius
1651 670 1784 696 diaconus

993 726 1077 749 esset.

1029 767 1115 793 Porro
1131 774 1247 800 primum
1261 770 1288 792 (ιι
1308 764 1476 792 tricesimum
1497 762 1601 797 imperii
1617 762 1660 789 sui
1682 769 1782 788 annmn

994 814 1173 841 Constantino
1189 816 1296 846 agente,
1317 811 1452 838 Eusebius
1477 814 1503 836 ct
1521 809 1547 835 bi
1573 808 1620 842 qui
1648 816 1709 834 tum
1725 808 1784 841 ipso

994 863 1082 890 erant,
1102 859 1210 885 inventa
1224 857 1369 885 occasione
1386 857 1520 882 adversus
1538 854 1720 880 Athanasium
1737 853 1785 878 de-

993 905 1135 932 certabant
1159 909 1251 938 utpotc
1273 908 1369 930 contra
1401 905 1577 937 pugnatorum
1603 903 1685 926 recta:
1704 898 1783 928 ﬁdei;

996 958 1057 977 cum
1076 951 1177 985 quibus
1190 953 1217 977 et
1243 948 1378 976 Meletiani
1403 947 1617 974 conveniebant.
1642 945 1674 971 Et
1698 945 1785 979 primo

995 996 1104 1030 quidem
1130 996 1189 1030 ejus
1211 995 1407 1022 detrahebatur
1420 992 1599 1024 ordinationi,
1620 997 1783 1026 quamquam

996 1044 1184 1079 Apollinarius
1203 1043 1299 1078 Syrius
1328 1048 1425 1076 magna
1446 1047 1527 1074 super
1548 1038 1690 1065 Athanasii
1710 1037 1784 1064 ordi—

997 1090 1108 1118 natione
1122 1092 1259 1119 testetur;
1277 1086 1399 1114 secundo
1414 1092 1478 1112 vero
1497 1084 1529 1111 dc
1543 1084 1612 1110 linea
1629 1087 1714 1113 veste,
1732 1089 1785 1115 qua

996 1135 1073 1163 indui
1105 1139 1233 1161 sanctum
1261 1132 1364 1160 inimici
1395 1129 1656 1160 calumniabantur;
1675 1127 1785 1154 tertium

997 1187 1079 1215 super
1091 1178 1266 1210 Philumeno,
1283 1178 1327 1204 cui
1345 1184 1442 1203 aurum
1461 1175 1577 1202 multum
1593 1174 1665 1200 hunc
1681 1172 1788 1199 misisse

997 1225 1169 1253 mendaciter
1188 1223 1348 1251 asserebant
1361 1222 1388 1248 in
1403 1221 1517 1248 insidias
1531 1219 1716 1254 imperatoris.
1733 1218 1786 1243 Ac-

997 1270 1098 1298 cersito
1113 1274 1204 1296 autem
1218 1267 1366 1294 Athanasio
1384 1267 1543 1300 imperator,
1559 1268 1586 1291 et
1599 1267 1698 1290 cuneta
1718 1261 1786 1288 falsa

997 1316 1149 1352 reperiens,
1174 1323 1235 1342 curn
1260 1313 1377 1347 epistola
1409 1316 1436 1339 et
1465 1312 1570 1338 honore
1596 1308 1788 1336 Alexandriam

998 1363 1071 1389 hunc
1099 1361 1216 1389 remisit.
1244 1360 1346 1387 Deinde
1371 1358 1465 1385 Ariani
1494 1356 1612 1384 diver'sis
1637 1354 1788 1381 Athanasio

998 1408 1069 1441 apud
1083 1407 1276 1442 imperatorem
1291 1403 1514 1432 accusationibus
1531 1402 1708 1435 derogantes,
1727 1403 1788 1434 post

999 1454 1084 1481 multa
1110 1461 1170 1480 cum
1200 1452 1362 1487 juramento
1393 1451 1481 1476 dicere
1502 1455 1701 1483 praesumpsere
1726 1445 1789 1480 quia

1001 1498 1171 1525 Minitanlem
1188 1496 1345 1523 audivimus
1371 1494 1565 1523 Athanasium,
1591 1496 1617 1519 et
1643 1490 1790 1525 prohiben-

1000 1547 1052 1570 tem
1069 1541 1199 1569 frumcnti
1215 1539 1379 1568 delationem
1394 1546 1454 1573 qua:
1468 1537 1593 1564 veniebat
1620 1537 1655 1562 ab
1673 1535 1791 1570 [Egypto

1000 1588 1182 1623 Byznntium;
1214 1585 1287 1613 unde
1316 1590 1342 1612 et
1371 1589 1511 1611 commoto
1541 1583 1568 1609 in
1603 1582 1670 1608 iratn
1702 1579 1792 1606 amico

999 1633 1102 1661 Christi
1123 1633 1258 1668 principe,
1275 1639 1355 1665 cgere
1373 1634 1402 1656 ut
1426 1629 1525 1657 exsilio
1542 1629 1711 1661 relegaretur
1734 1631 1792 1652 ma-

999 1687 1069 1714 gnus
1094 1678 1262 1705 Athanasius
1289 1676 1361 1712 apud
1377 1675 1513 1702 Triberim
1532 1674 1625 1702 Galliae
1640 1672 1790 1698 civitatem.

1036 1727 1121 1753 l’nrro
1154 1724 1295 1752 tricesimo
1325 1722 1446 1749 secundo
1484 1719 1592 1754 imperii
1618 1716 1790 1745 Constantini

1000 1771 1136 1806 pt'inripis
1152 1777 1224 1796 anno
1242 1770 1333 1795 Persae
1347 1771 1442 1794 contra
1459 1765 1597 1792 Romanos
1612 1762 1733 1798 praelium
1750 1761 1791 1787 in-

1000 1817 1136 1843 dicavere.
1155 1815 1232 1841 Tunc
1261 1813 1460 1840 Constantinus
1490 1818 1552 1837 cum
1585 1809 1735 1840 transisset
1764 1807 1790 1833 in

1000 1859 1254 1888 Nicomediensium
1285 1858 1422 1884 civitatem
1451 1860 1547 1883 contra
1584 1854 1683 1881 Persas
1723 1859 1792 1887 prat-

1001 1909 1128 1938 liaturns,
1163 1907 1294 1940 languore
1320 1906 1474 1938 praeventus
1507 1902 1532 1928 in
1563 1907 1630 1934 pace
1650 1898 1792 1925 dormivit'

1001 1953 1090 1985 Tunc,
1111 1956 1141 1979 ut
1168 1951 1278 1986 quidam
1306 1956 1401 1976 eorum
1420 1948 1466 1982 qui
1495 1955 1556 1973 cum
1574 1946 1639 1973 Ario
1671 1945 1793 1972 sentiunt

1001 2000 1090 2031 aiunt,
1109 1998 1143 2025 ab
1161 1996 1280 2024 Eusebio
1300 1994 1502 2022 Nicomediensi
1522 1991 1790 2024 Constantinopolim

1002 2045 1134 2073 translato
1167 2047 1293 2070 sanctum
1326 2041 1426 2068 meruit
1454 2040 1586 2074 baptisma
1621 2038 1791 2073 percipere;

1001 2091 1073 2126 quod
1096 2089 1267 2116 mendacium
1287 2091 1339 2119 est,
1358 2086 1430 2112 sicut
1451 2086 1579 2119 superius
1599 2089 1640 2110 cst
1664 2090 1792 2117 compro-

1003 2137 1093 2164 batum
1110 2144 1116 2162 :
1136 2134 1229 2160 Itonia:
1246 2133 1345 2167 quippe
1361 2139 1375 2158 a
1405 2131 1540 2157 Silvestro
1562 2129 1717 2164 baptizatus
1740 2133 1791 2159 est,

1002 2180 1235 2217 quemadmodum
1248 2184 1275 2206 ct
1295 2176 1533 2213 prteostendimns.
1549 2175 1623 2202 Vixit
1642 2178 1732 2201 autem
1747 2180 1794 2208 per

1003 2235 1098 2255 omnes
1122 2226 1181 2253 dies
1209 2226 1271 2252 vita:
1302 2232 1358 2251 suae
1376 2223 1457 2250 annis
1490 2221 1631 2256 sexaginta
1661 2220 1792 2254 quinque.

195 2279 286 2306 Mundi
318 2286 392 2305 anno
418 2277 499 2310 5825,
524 2277 623 2304 divina:
656 2275 853 2303 incarnationis
879 2275 1065 2305 annoDcum
1094 2273 1257 2306 imperasset
1283 2270 1363 2297 annis
1389 2268 1501 2303 triginta
1530 2274 1584 2294 uno
1609 2271 1636 2293 et
1653 2265 1793 2292 mensibus

157 2326 223 2355 5'25.
245 2326 272 2352 in
289 2324 402 2352 Oriente
418 2323 503 2351 fames
520 2323 590 2351 facta
607 2328 658 2354 est,
674 2323 709 2349 ita
727 2327 757 2349 ut
773 2321 883 2349 modius
896 2320 952 2347 fru-

159 2371 242 2398 menti
259 2371 311 2397 400
335 2369 413 2396 ﬁeret
426 2373 630 2404 argenteorum,
647 2368 800 2402 imperante
816 2367 951 2394 Constan-

159 2418 218 2444 tino
235 2424 307 2443 anno
323 2415 457 2451 vigesimo
480 2418 593 2445 octavo;
616 2414 696 2447 cujus
723 2414 855 2447 vigesimo
879 2419 952 2439 nono

158 2463 268 2498 imperii
286 2470 359 2489 anno
375 2461 457 2488 Arius
472 2460 506 2487 ab
527 2459 624 2487 exsilio
641 2467 687 2493 per
701 2459 791 2486 ﬁctam
813 2459 951 2493 patuiten-

159 2509 226 2537 tiam
245 2514 389 2536 revocatus
405 2511 433 2535 et
449 2505 642 2534 Alexandriam
656 2505 758 2532 missus
772 2512 826 2530 non
844 2509 885 2532 est
905 2512 948 2531 re-

156 2559 256 2589 ceptus
272 2555 308 2582 ab
319 2553 480 2581 Athanasio.

194 2601 347 2628 Triccsimo
363 2607 436 2627 anno
456 2597 564 2633 imperii
575 2596 750 2624 Constantini
773 2595 834 2630 ejus
848 2594 950 2622 tricen-

158 2648 231 2676 nalia
247 2648 385 2675 celebrata
401 2649 475 2677 sunt,
490 2643 599 2679 quando
623 2643 701 2671 stella
724 2642 751 2669 in
777 2642 847 2669 coelo
867 2648 950 2676 appa-

158 2694 225 2726 ruit,
240 2694 311 2728 apud
340 2691 512 2720 Antiochiam
535 2690 654 2717 interdiu
671 2693 767 2716 contra
789 2687 948 2714 orientalem

157 2745 263 2776 partem
281 2739 416 2773 fumigans
430 2738 615 2770 vehementer,
634 2740 763 2771 tanquam
778 2743 809 2762 ex
826 2735 945 2766 camino,

1003 2321 1109 2348 decem.

1039 2365 1135 2392 Mundi
1164 2370 1236 2390 anno
1261 2360 1344 2391 5825,
1371 2359 1470 2386 divinae
1499 2356 1697 2384 incarnationis
1721 2363 1792 2383 anno

1004 2411 1065 2441 525.
1082 2417 1144 2437 cum
1162 2406 1361 2436 Constantinus
1377 2411 1491 2438 magnus
1506 2407 1533 2430 et
1546 2407 1660 2430 sanctus
1676 2401 1794 2436 quievis-

1003 2460 1055 2487 set,
1074 2459 1129 2481 tres
1143 2453 1190 2479 lilii
1211 2452 1270 2486 ejus
1287 2450 1431 2478 obtinuere
1448 2447 1597 2479 Romanos,
1613 2451 1640 2474 et
1654 2446 1792 2474 Orientem

1003 2501 1112 2536 quidem
1134 2497 1327 2529 Constantius,
1342 2499 1369 2523 et
1389 2494 1586 2522 Constantinus
1608 2493 1725 2521 ltaliatn.
1740 2491 1792 2518 Sed

1002 2552 1030 2576 et
1047 2545 1248 2574 Constantinus
1266 2543 1356 2579 primo
1373 2541 1486 2576 quidem
1502 2539 1648 2567 homousio
1673 2543 1792 2572 recepto,

1003 2592 1177 2629 postmodum
1208 2589 1307 2617 mentis
1321 2587 1431 2616 levitate
1457 2590 1577 2613 mutatus
1592 2588 1644 2616 est,
1666 2583 1794 2611 seductus

1003 2628 1037 2668 ab
1067 2637 1169 2666 Ariano
1204 2635 1367 2670 presbytero
1394 2636 1421 2659 et
1451 2631 1570 2658 Eusebio
1604 2628 1794 2657 cunuchorum

1003 2685 1091 2721 primo
1105 2687 1187 2717 atque
1199 2679 1402 2708 Nicomediensi
1420 2677 1547 2704 Eusebio.
1769 2697 1774 2701 .

1037 2730 1130 2757 Tertio
1149 2729 1241 2762 itaque
1259 2725 1366 2761 imperii
1381 2722 1533 2751 Constantii
1555 2728 1627 2749 anno
1658 2720 1795 2748 Constan-

917 2787 1036 2818 NOTA‘S.

195 2841 234 2876 ('1)
247 2838 553 2876 Consubstantialigtis.
572 2837 692 2876 Utuntur
716 2845 747 2865 ea
764 2837 884 2864 dictione
901 2836 951 2863 Fa-

158 2873 267 2905 Cundus
282 2881 310 2903 et
326 2875 461 2910 interpres
479 2873 645 2910 Tripartitte.
662 2873 744 2910 Fann.

196 2911 234 2946 (8)
255 2906 406 2945 Templum:
426 2906 564 2944 Κυριαιδίόν
587 2929 594 2941 ,
620 2908 800 2935 Dominicnm.
835 2906 948 2934 Ruﬁnus

1004 2833 1097 2868 Aquil.
1115 2832 1250 2868 interpres
1270 2828 1415 2868 l_list._ec_cl.
1432 2826 1551 2868 Eusebii,
1562 2826 1593 2868 '9.
1606 2827 1622 2853 9
1638 2835 1645 2853 :
1660 2834 1669 2851 ‹
1682 2825 1794 2868 gratio-

1005 2861 1068 2896 nu'm
1084 2861 1221 2899 domus,'i.
1234 2874 1259 2893 e.
1275 2864 1416 2891 Dominica
1430 2870 1506 2889 suaJ
1520 2862 1586 2888 Vide
1601 2870 1661 2899 qua;
1672 2861 1793 2888 diximus

1004 2905 1036 2931 ad
1054 2903 1070 2930 Ι.
1085 2903 1102 2930 3
1115 2910 1140 2930 σε.
1155 2897 1260 2928 Theod.
1277 2900 1310 2927 de
1327 2906 1424 2934 pagan.
1438 2905 1494 2925 sae.
1508 2903 1534 2925 et
1551 2901 1634 2931 temp.
1654 2897 1691 2924 to.
