2035 3153
251 197 319 231 1215

805 205 1004 235 ΑΝΑΞΤΑΞῙΙ
1029 205 1340 236 BIBLl‘OTHECARlI

1814 205 1896 237 leti.

248 262 324 284 tinus
342 257 414 284 tilius
429 259 519 292 magni
538 258 725 293 Constantini,
740 262 880 296 profectus
893 263 927 290 ad
947 266 1038 298 partes
1052 263 1077 293 Α
1092 262 1224 295 ineliicax,
1236 261 1458 290 Occidentalibus
1469 261 1728 296 nonrcciptentibus
1742 262 1894 289 molimina—

251 303 344 330 fratris
361 303 401 330 sui
418 303 580 332 Constantis
595 310 623 332 et
640 306 740 333 belltmt
762 315 921 342 aggressus,
935 316 949 335 a
968 309 1039 336 mili-

250 348 324 375 ’ibus
345 349 454 376 occisus
468 355 519 382 est,
546 355 573 377 ct
601 353 687 379 lenuit
707 353 844 382 Constans
862 355 938 382 solus
956 356 1038 383 totius

251 393 386 428 Hesperia:
400 399 514 423 terram.
535 396 619 423 Porro
636 398 812 427 Coustantius
827 401 853 427 in
871 400 980 428 Oriente
993 409 1039 436 ge-

252 447 313 466 rens
329 439 473 474 imperium
498 442 604 469 Gallum
631 449 658 470 et
685 444 822 472 lulianum
842 447 955 474 tradidit
972 455 1037 475 eru-

249 484 408 512 diendos'in
424 487 487 513 villa
504 487 654 515 Demacclle
672 495 777 522 vocata,
802 500 862 525 qum
877 492 955 526 juxta
977 493 1037 520 Ca:-

249 537 355 558 saream
369 535 411 558 est
425 532 604 566 Cappadocia:
619 535 680 561 sita.
695 535 726 562 lli
741 537 794 562 duo
809 537 906 564 fratres
922 538 1037 566 lectores

248 575 316 602 facti
331 582 405 609 sunt,
422 581 448 603 et
461 579 605 605 ecch-siam
623 580 758 608 mdiﬁcare
771 582 800 610 S.
814 582 907 611 Hamae
924 585 1036 619 martyri

249 625 427 648 curaverunt.
444 621 545 649 Verum
563 624 589 650 in
604 629 680 658 parte
695 634 748 660 qua
766 627 904 655 Julianum
918 637 1034 657 conser-

251 673 314 692 vare
331 667 458 701 contigit,
477 672 548 695 terra
563 670 634 704 quod
653 671 841 704 aedificabatur
860 675 936 702 nullo
954 677 1035 703 modo

258 711 408 745 recipiebat.
437 713 524 741 Porro
552 715 674 744 detonsis
710 719 815 753 capillis
851 722 1034 749 monasticum

255 758 368 785 -tudium
384 759 542 787 simulabat.
554 761 734 791 Constantius
753 769 843 792 autem
857 770 884 793 et
900 766 1035 795 Constans

261 811 322 837 eges
337 804 458 837 edidere,
468 805 590 834 Judaeum
607 815 660 835 non
672 816 763 837 emere
778 818 899 843 servum,
913 813 1033 848 alioquin
1056 824 1061 828 -

250 849 352 877 auferri
372 858 434 878 eum
451 855 477 879 et
502 853 620 887 publicis
640 855 792 883 rationibus
808 858 888 884 tradi.
906 857 991 886 Porro
1010 860 1033 886 si

259 898 275 921 -t
287 895 486 924 circumcidere
502 905 586 926 ausus
607 899 688 927 fuerit
701 909 821 934 servum,
834 903 924 938 gladio
941 905 1031 939 puniri

246 942 311 969 talia
327 948 548 977 praesumentem.

282 987 375 1014 Mundi
404 996 477 1016 anno
494 989 576 1022 5854.
602 991 702 1020 divinae
735 993 934 1021 incarnationis
961 1002 1034 1022 anno

245 1031 310 1062 554.
325 1031 418 1060 Julius
433 1033 586 1060 Romanum
605 1036 673 1070 gerit
689 1038 869 1070 pontificium.
895 1038 1032 1066 Constan-

246 1078 301 1105 tius
317 1078 351 1105 de
370 1079 491 1114 Assyriis
503 1081 694 1115 triumphavit,
711 1083 797 1110 Sahor
807 1083 980 1113 Christianos
995 1094 1034 1113 re-

245 1123 290 1156 gni
307 1123 349 1150 sui
370 1126 553 1160 persequitur,
569 1127 705 1154 Constans
727 1136 792 1156 vero
810 1129 929 1158 Francos
952 1132 1033 1159 deva—

246 1169 337 1195 stavit.
359 1169 409 1197 Per
423 1170 492 1198 idem
509 1177 616 1206 tempus
630 1179 710 1201 terra
732 1179 806 1202 motu
831 1176 933 1212 ingenti
961 1177 1033 1206 facto

245 1213 421 1244 Neocaesarea
435 1216 514 1245 Ponti
542 1219 652 1252 cecidit,
666 1228 779 1256 excepta
800 1224 914 1251 ecclesia
930 1228 958 1251 et
974 1225 1032 1260 epi-

248 1262 342 1296 s--opio
359 1262 398 1298 (9)
412 1267 440 1290 et
457 1264 557 1291 ibidem
575 1266 692 1300 repertis
710 1267 778 1295 viris
792 1268 939 1303 religiosis.
956 1270 1032 1298 Tunc

245 1311 272 1333 et
289 1307 391 1336 Paulus
408 1309 551 1337 confessor
567 1311 714 1339 ordinatur
728 1314 874 1348 episcopus
896 1314 1032 1343 Constan-

246 1354 412 1387 tinopoleos.
425 1355 497 1383 Sane
511 1355 690 1385 Constantius
708 1366 770 1385 cum
786 1365 912 1386 octavum
925 1361 1031 1396 imperii

245 1399 287 1426 sui
304 1407 406 1428 annum
417 1406 503 1437 geret,
518 1403 696 1430 Alexandrini
712 1404 885 1439 Gregorium.
897 1407 942 1440 qui
957 1415 1032 1435 more

246 1446 361 1474 latronis
377 1454 459 1482 super
472 1448 653 1476 Athanasium
665 1450 762 1477 insiliit
773 1456 800 1477 et
815 1453 906 1478 sedem
924 1460 971 1487 per
985 1461 1031 1481 sex

245 1499 333 1518 annos
363 1493 494 1525 obtinuit,
521 1495 694 1522 occiderunt.
721 1496 850 1530 Sequenti
880 1505 944 1524 vero
961 1506 1031 1526 anno

245 1534 424 1570 Dyrrachium
459 1537 599 1566 Dalmatiae
624 1548 638 1566 a
669 1545 748 1568 terra:
777 1546 851 1568 motu
872 1547 1030 1578 corruptum

244 1585 298 1613 est,
318 1586 345 1608 et
371 1583 456 1609 Roma
485 1592 532 1618 per
552 1589 607 1612 tres
639 1586 698 1612 dies
728 1592 862 1614 commota
890 1587 1070 1627 dispendiac

245 1628 366 1661 pertulit.
392 1629 471 1656 Circa
499 1632 556 1657 haec
571 1635 662 1658 autent
682 1636 806 1667 tempora
827 1633 953 1661 Liberius
979 1635 1034 1662 Ro-

244 1680 328 1700 mano
343 1674 442 1701 throno
459 1677 597 1710 praesedit.
617 1676 716 1704 Verum
734 1678 902 1706 Athanasius
917 1684 943 1707 et
962 1680 1034 1708 Pau-

245 1719 300 1748 lus,
317 1723 344 1745 et
371 1725 506 1754 quotquot
532 1729 582 1755 pro
610 1723 774 1750 rectitudine
794 1725 928 1753 sermonis
955 1726 1032 1760 ejecti

245 1766 365 1799 fuerant,
381 1766 494 1794 Romam
516 1767 549 1794 ad
565 1767 666 1795 Julium
685 1769 880 1804 confugerunt,
901 1776 927 1798 et
948 1779 1034 1799 unus-

243 1813 361 1848 quisque
375 1813 408 1841 de
425 1822 455 1841 se
465 1814 567 1842 Julium
584 1815 677 1842 docuit
690 1823 698 1847 ;
711 1824 781 1851 quos
797 1817 842 1844 ille
856 1825 918 1844 cum
934 1817 1034 1845 litteris

243 1860 368 1887 ecclesiis
381 1861 439 1888 suis
450 1863 583 1889 restituit.
599 1863 768 1890 Athanasius
784 1867 878 1891 autem
891 1868 919 1891 et
934 1864 1034 1892 Paulus

243 1910 270 1932 et
289 1906 316 1933 hi
330 1907 376 1941 qui
394 1915 457 1935 cuin
480 1908 548 1943 ipsis
577 1913 664 1940 erant,
688 1909 788 1937 litteris
803 1909 867 1937 Julii
883 1918 959 1945 papa:
976 1910 1034 1939 Ro-

244 1952 317 1978 mani
335 1952 411 1986 freti,
441 1953 557 1981 thronos
581 1955 708 1989 proprios
726 1960 900 1990 receperunt.
930 1956 1034 1984 Interea

244 2003 323 2025 terrae
352 2002 427 2026 motu
455 2007 554 2034 magno
574 2000 602 2027 in
630 1996 869 2037 civitate-Beryto
895 2002 1035 2030 Phoenicis

244 2045 315 2070 facto
334 2045 451 2079 plurima
477 2053 541 2080 pars
556 2046 617 2080 ejus
636 2047 752 2079 corruit,
769 2047 807 2074 ita
823 2052 853 2075 ut
873 2049 952 2075 multi
967 2057 1034 2084 gen-

243 2090 307 2116 tiles
319 2090 526 2124 ingrederentur
539 2092 695 2124 ecclesiam,
706 2100 736 2120 se
751 2093 833 2120 ritum
847 2094 1034 2123 Christianum

243 2139 403 2161 srrvaturos
430 2143 505 2163 more
535 2141 630 2164 nostro
657 2137 835 2172 spondentes.
852 2139 921 2167 Hinc
945 2141 1036 2169 insur-

243 2184 338 2213 gentes
350 2181 460 2215 quidam
478 2181 579 2210 formas
593 2183 718 2211 ecclesia:
741 2185 943 2219 quodammodo
961 2188 1036 2215 frau-

241 2224 338 2252 dantes
354 2231 565 2259 resccavertmt,
581 2230 609 2254 et
628 2227 717 2255 locum
735 2230 872 2258 orationis
892 2232 1033 2266 cognomi-

241 2275 340 2299 nantes
364 2271 390 2298 in
416 2272 474 2307 ipso
496 2273 698 2302 multitudinem
724 2281 911 2311 receperunt,
932 2283 1033 2306 cuncta

242 2326 303 2352 (μηδ
322 2320 386 2346 sunt
401 2318 530 2347 Ecclesia:
548 2320 686 2348 imitantes
698 2341 705 2353 ,
732 2321 860 2350 similiter
883 2324 955 2358 apud
983 2332 1034 2353 nos

241 2364 329 2392 educti
351 2369 379 2392 ut
400 2365 626 2393 Samaritensium
653 2367 765 2396 haeresis
788 2370 929 2404 gentiliter
952 2378 1035 2404 penes

241 2409 349 2439 Iudaeos
371 2411 531 2440 viventium.
560 2412 706 2441 Czrterum.
721 2413 901 2443 Constantio
924 2416 1034 2445 Liberio

241 2456 374 2484 scribenti
392 2457 444 2484 sibi
459 2464 508 2492 pro
529 2458 674 2486 homousio
694 2462 722 2486 et
742 2461 932 2489 sacratissimo
947 2461 1033 2489 Atha-

241 2502 319 2528 nasio
334 2502 420 2529 iratus
435 2503 530 2535 mittit,
543 2507 570 2531 et
582 2503 656 2531 hunc
671 2504 755 2532 exilio
772 2506 886 2541 relegari
903 2507 1032 2542 praecepit

241 2547 313 2582 apud
324 2546 480 2575 Bretaniam
495 2547 629 2576 Thracias.
642 2548 774 2585 Tuncque
787 2559 836 2586 pro
851 2551 898 2579 illo
911 2551 1029 2580 Felicem

240 2598 484 2626 consecraverunt,
494 2594 541 2629 qui
550 2594 685 2622 diaconus
702 2595 751 2623 fuit
767 2597 891 2624 ecclesiae
903 2602 931 2624 et
943 2596 1031 2625 Nicat-

241 2647 307 2667 num
324 2640 542 2675 amplectebatur
560 2642 719 2670 concilium.
738 2642 824 2671 Porro
841 2643 966 2676 iussione
979 2645 1030 2671 im-

241 2686 379 2719 peratoria
392 2687 513 2722 synodus
527 2693 692 2724 congregata
704 2690 824 2724 estapud
838 2689 1031 2724 Mediolanum,

242 2728 458 2759 Occidentalium
477 2732 588 2767 quidem
612 2737 796 2761 trecentorum
816 2734 1010 2770 episcoporum
1024 2755 1031 2768 ,

241 2776 421 2806 Orientalium
438 2787 504 2807 vero
516 2780 594 2808 valde
609 2788 772 2816 paucorum.
787 2781 872 2810 Porro
887 2782 977 2809 soluta
991 2785 1034 2810 est

1091 316 1152 343 qua:
1182 308 1315 335 adversus
1341 307 1559 335 sacratissimqu
1586 306 1764 333 Athanasium
1791 307 1897 334 dcuuo~

1091 354 1270 388 parabantur.
1293 353 1365 381 Sane
1387 353 1520 381 Romanis
1545 352 1751 388 postulantibus
1768 357 1885 380 coactus

1089 404 1198 426 revocat
1214 399 1354 426 Liberium
1366 402 1392 426 et
1401 398 1460 426 sedi
1478 398 1610 426 restituit.
1626 397 1700 425 Felix
1713 405 1778 424 vero
1788 406 1870 432 egros

1089 453 1137 472 sus
1162 445 1256 472 urbem
1280 445 1396 472 ulterius
1421 444 1534 471 minime
1562 443 1670 476 rediit;
1695 444 1739 470 cui
1757 444 1893 470 succedit-

1090 489 1233 517 Damasus.
1251 489 1358 517 interea
1381 489 1563 516 Constantius
1579 489 1686 516 decimo
1710 494 1807 516 octavo
1829 491 1886 516 ima

1087 535 1154 568 perii
1182 535 1225 562 sui
1254 541 1326 561 anno
1357 534 1476 566 Gallum,
1501 541 1583 568 quem
1609 532 1746 561 Caesarem
1775 534 1881 560 factum

1086 579 1277 606 Constantium
1296 578 1511 614 cognominavit.
1532 578 1648 605 interfici
1662 578 1774 612 jubens,
1791 577 1882 605 Julia-

1087 633 1149 651 num
1168 625 1250 658 lrujus
1275 625 1385 652 fratrem
1403 625 1429 652 in
1450 623 1574 652 custodia
1588 623 1737 651 retinebat.
1760 623 1880 652 Eusebia

1086 678 1149 696 vero
1175 670 1276 704 conjux
1301 669 1455 697 Constantii
1479 670 1553 697 hunc
1570 670 1735 704 postulatum
1756 670 1881 697 Athenas

1085 717 1258 750 transmisit;
1270 724 1325 751 quo
1338 724 1400 743 cum
1414 716 1595 750 pervenisset,
1606 716 1699 743 studia
1714 715 1880 743 institueba-

1085 766 1130 788 tur
1152 762 1272 797 gentilia,
1290 761 1369 789 bonis
1395 761 1581 788 fundamentis
1607 761 1880 795 superaedilicaturus

1085 807 1228 837 malitiam,
1244 811 1271 834 et
1284 814 1338 833 non
1359 806 1432 833 sicut
1447 806 1592 840 oportebat
1605 807 1656 833 ista
1671 811 1796 834 secutus.

1120 852 1212 879 Mundi
1223 859 1296 878 anno
1310 852 1391 882 5847,
1401 851 1500 878 divina:
1515 852 1714 879 incarnationis
1725 859 1796 878 anno
1810 851 1877 884 357,

1084 899 1230 926 Maximum
1252 897 1530 933 Hierosolymitannm
1550 898 1738 932 deposuerunt
1759 899 1877 926 Aeacius

1049 932 1072 959 Β
1085 944 1263 972 Caesariensis
1288 949 1315 971 et
1335 932 1512 978 Patrophilus
1532 944 1790 979 Scythopolitanus,
1811 952 1876 971 cum

1085 995 1175 1018 essent
1195 990 1299 1021 Ariani,
1317 994 1344 1016 et
1366 989 1586 1025 subrogaverunt
1611 997 1661 1025 pro
1677 998 1717 1017 co-
1731 990 1877 1026 Cyrillum,

1085 1041 1213 1072 putantes
1226 1044 1286 1062 eum
1298 1035 1398 1063 habere
1412 1037 1586 1065 concordem.
1601 1036 1677 1063 Tunc
1689 1037 1795 1072 signum
1809 1044 1878 1064 cru—

1084 1083 1125 1110 cis
1150 1082 1279 1116 apparuit
1310 1082 1336 1108 iu
1364 1082 1435 1109 caelo
1461 1082 1506 1109 die
1537 1082 1730 1115 Prutecostes,
1756 1083 1877 1117 speciem

1085 1127 1196 1154 luminis
1219 1127 1338 1159 habens,
1362 1133 1506 1156 extensum
1525 1136 1540 1155 a
1563 1128 1698 1163 Golgotha
1724 1136 1811 1163 usque
1839 1129 1876 1155 ad

1084 1177 1203 1201 montem
1223 1173 1363 1201 Olivarum
1380 1182 1387 1206 ;
1414 1174 1440 1200 in
1460 1175 1577 1201 circuitu
1603 1179 1694 1202 autem
1717 1174 1878 1209 apparentis

1083 1220 1154 1254 signi
1171 1227 1270 1247 corona
1285 1224 1356 1251 crat,
1377 1220 1481 1247 habens
1495 1221 1568 1247 velut
1589 1220 1640 1247 Iris
1662 1221 1794 1255 speciem.
1817 1219 1877 1248 Hoc

1083 1271 1174 1292 autent
1199 1270 1227 1292 et
1247 1265 1410 1292 Constantio
1435 1266 1529 1293 eadem
1556 1266 1600 1293 die
1624 1266 1760 1301 apparuit.
1787 1266 1878 1301 Hujus

1083 1315 1173 1338 autent
1190 1311 1284 1346 Cyrilli
1306 1310 1392 1338 fertur
1411 1311 1529 1346 epistula
1543 1311 1576 1338 ad
1596 1311 1790 1346 imperatorem
1801 1312 1879 1339 Con-

1083 1357 1226 1388 stantium,
1253 1360 1279 1384 in
1299 1365 1351 1392 qua
1381 1357 1534 1392 piissimum
1557 1365 1619 1385 cum
1649 1358 1773 1385 vocabat.
1798 1357 1879 1386 Unde

1083 1403 1193 1439 quidam
1218 1403 1242 1430 ei
1263 1404 1343 1438 quasi
1363 1403 1466 1430 Ariano
1485 1404 1632 1438 derogant,
1654 1404 1778 1432 dicentes
1800 1405 1878 1432 hunc

1083 1450 1165 1477 etiam
1179 1449 1316 1476 homousii
1339 1457 1433 1476 vocem
1450 1450 1568 1477 tacuisse
1591 1450 1618 1477 in
1641 1450 1877 1483 institutionibus,

1083 1503 1151 1531 quas
1167 1495 1294 1530 exposuit
1311 1495 1344 1522 ad
1364 1496 1514 1530 profectum
1537 1496 1725 1530 imperitarunt
1740 1497 1878 1531 plebium,

1083 1541 1116 1568 ad
1138 1541 1272 1575 baptisma
1293 1545 1404 1576 propter
1416 1540 1549 1568 miracula
1564 1541 1679 1569 vivificae
1692 1542 1784 1569 crucis
1796 1549 1878 1570 acce-

1085 1587 1216 1613 dentium.
1231 1585 1375 1613 Falluntur
1389 1593 1478 1614 autem
1495 1591 1578 1622 atque
1596 1587 1758 1622 delinquunt
1773 1597 1780 1616 :
1793 1594 1885 1623 opor‘

1085 1631 1161 1658 lebat
1174 1631 1247 1658 enim
1261 1635 1288 1658 ct
1299 1631 1490 1666 imperatorem
1507 1640 1539 1659 ex
1552 1633 1764 1667 simplicitatcet
1777 1641 1830 1660 non
1841 1641 1875 1660 cx

1085 1676 1184 1704 alfcctu
1200 1677 1330 1705 versutiis
1346 1678 1509 1704 Arianorum
1525 1678 1552 1705 in
1565 1678 1690 1704 hmresim
1704 1683 1875 1713 surreptum,

1084 1729 1111 1750 et
1127 1731 1142 1750 a
1157 1723 1316 1758 paganismo
1331 1724 1450 1750 nondum
1473 1723 1592 1758 perfecte
1609 1730 1786 1755 conversum,
1806 1723 1884 1758 piis»

1085 1769 1184 1796 simum
1213 1768 1414 1803 dispensatorie
1437 1768 1538 1800 dicere,
1562 1775 1594 1794 ac
1616 1767 1753 1795 homousii
1778 1775 1877 1795 vocem

1085 1814 1194 1842 interim
1221 1819 1321 1845 tacere.
1348 1822 1409 1849 qua:
1435 1814 1569 1849 plurimos
1586 1813 1676 1841 adhuc
1700 1813 1829 1841 turbabat
1847 1818 1878 1841 ct

1085 1861 1264 1896 baptizandus
1289 1860 1464 1887 inimicorum
1486 1859 1705 1887 contradictione
1722 1859 1875 1891 recideloat,

1085 1911 1213 1933 cancrum
1229 1913 1278 1940 per
1299 1905 1433 1933 dictiones
1456 1905 1511 1932 vim
1532 1905 1666 1939 aequalem
1687 1904 1878 1939 signiﬁcantes

1085 1953 1225 1980 homousii
1241 1959 1334 1979 v00em
1350 1951 1504 1986 exprimere
1519 1959 1526 1984 ;
1554 1950 1627 1986 quod
1645 1955 1671 1977 et
1692 1951 1755 1978 fecit
1778 1951 1878 1978 beatus

1086 1997 1213 2033 Cyrillus,
1254 1997 1390 2024 Nicaznam
1424 1997 1503 2024 tidem
1543 1996 1694 2024 secundum
1726 1996 1875 2024 dictionem

1086 2044 1223 2078 aperiens,
1239 2048 1265 2070 et
1283 2043 1367 2070 Deum
1385 2050 1478 2070 verum
1490 2042 1591 2070 Filium
1602 2051 1634 2070 ex
1649 2043 1703 2070 Deo
1718 2051 1782 2070 vero
1795 2043 1877 2071 Patre

1086 2097 1258 2125 praeconans.
1283 2089 1372 2116 Porro
1400 2089 1569 2116 Athanasius
1589 2093 1615 2115 et
1637 2089 1740 2116 Paulus
1765 2094 1876 2116 mortuo

1086 2137 1170 2171 impio
1184 2135 1303 2164 Eusebio
1316 2135 1568 2170 Constantinopoli,
1586 2135 1630 2161 uhi
1649 2143 1673 2170 pl
1681 2134 1806 2167 azfucrat,
1824 2137 1878 2162 ite-

1086 2190 1147 2210 rum
1165 2183 1277 2210 liomam
1303 2182 1335 2209 ad
1361 2181 1463 2208 Julium
1482 2181 1652 2208 descruduut
1677 2181 1835 2216 episcopum
1850 2186 1879 2208 ct

1087 2228 1121 2256 ad
1145 2227 1322 2256 Constantem
1346 2228 1539 2262 imperatorem
1565 2227 1676 2253 fratrem
1705 2227 1876 2254 Constantii.

1046 2263 1073 2294 Ῑ)
1086 2274 1207 2310 Populus
1226 2279 1317 2302 autem
1342 2274 1462 2301 Eusebio
1479 2273 1610 2301 defuncto
1635 2273 1749 2301 Paulum
1773 2275 1877 2302 throno

1086 2319 1366 2355 ConstantinopoleOs
1381 2319 1510 2349 reddunt.
1526 2318 1650 2346 dicentes
1668 2319 1740 2354 quod
1760 2318 1876 2347 Ruinam

1086 2366 1120 2394 ad
1144 2365 1246 2393 J‘ulium
1272 2365 1412 2401 profectus
1436 2364 1517 2392 fuerit
1538 2368 1565 2391 et
1588 2365 1623 2391 ab
1643 2372 1676 2392 eo
1695 2373 1757 2392 cum
1777 2366 1879 2393 litteris

1083 2413 1258 2440 remeaverit.
1276 2411 1336 2445 Quo
1355 2416 1496 2446 comperto
1510 2412 1690 2440 Constantius
1717 2412 1877 2446 indignatus

1082 2459 1161 2494 jubet
1178 2458 1305 2493 Philippo
1329 2458 1456 2493 praefecto
1478 2457 1592 2484 Paulum
1613 2457 1718 2492 insequi
1738 2463 1765 2483 ct
1788 2457 1878 2484 Macu~

1086 2504 1200 2532 donium
1219 2504 1366 2531 restituere
1384 2503 1494 2530 throno.
1512 2503 1663 2530 Praefectus
1679 2507 1770 2528 autem
1790 2510 1877 2537 popu»

1086 2550 1142 2577 lum
1155 2553 1291 2581 metuens,
1301 2547 1415 2575 Paulum
1429 2548 1664 2580 Thessalonicam,
1677 2555 1711 2575 ex
1727 2555 1782 2582 qua
1797 2552 1876 2576 ortus

1086 2595 1186 2627 fuerat,
1215 2603 1283 2622 usus
1310 2595 1420 2630 ingenio
1445 2594 1603 2621 destinavit.
1634 2596 1786 2628 Imperator
1810 2602 1876 2621 vero

1084 2642 1166 2669 etiam
1194 2645 1260 2668 tunc
1286 2641 1438 2668 Athanasio
1463 2647 1557 2667 necem
1581 2639 1738 2667 minabatur
1761 2640 1876 2671 inferre.

1083 2696 1164 2724 quam
1181 2689 1227 2715 ille
1242 2688 1342 2715 timens
1352 2687 1431 2722 fugax
1443 2686 1534 2714 denuo
1549 2686 1663 2713 Romam
1681 2687 1811 2720 perrexit.
1823 2686 1874 2713 Cui

1084 2734 1210 2769 protinus
1236 2733 1341 2760 Paulus
1354 2739 1464 2767 quoque
1496 2732 1609 2759 veniens
1635 2739 1650 2758 a
1676 2731 1876 2759 Thessalonica

1085 2781 1208 2809 sociatur
1224 2789 1231 2813 ;
1248 2779 1294 2815 qui
1310 2779 1443 2807 abeuntes
1451 2778 1595 2806 Constanti
1609 2786 1668 2813 qua:
1680 2779 1752 2813 passi
1769 2778 1877 2805 fuerant

1003 2839 1116 2868 ΝΟΤᾹΖ.

280 2882 318 2915 (9)
338 2881 484 2922 ξρὶεωρὶο.
519 2884 688 2913 Flodoardus
705 2886 729 2918 1,
745 2885 799 2914 20:
827 2896 837 2912 ‹
855 2885 954 2921 Sicque
979 2894 1041 2922 pro-

246 2924 324 2952 spere
340 2924 368 2944 m
387 2925 467 2946 suum
484 2926 608 2948 reversus
625 2921 803 2956 episcopium.
829 2931 838 2947 ι
858 2921 939 2950 1³111111.

1104 2920 1110 2925 .
1132 2883 1187 2946 (101)
1202 2885 1259 2918 Quo
1273 2900 1306 2906 —
1317 2888 1430 2912 secutus.
1450 2882 1513 2910 llaec
1531 2881 1564 2910 dc
1577 2889 1626 2910 suo
1643 2880 1746 2909 addidit
1763 2880 1879 2906 Anasta-

1104 2927 1156 2946 ius.
1185 2927 1211 2946 υ.

1087 2927 1156 2948 illis.
1174 2927 1211 2947 ID.
