2035 3153
136 148 209 182 ἰρι-1

537 151 721 182 HISTORIA
739 151 1029 182 ECCLESIASTICA
1045 151 1097 181 EX
1109 151 1353 181 THEOPHANE.

1701 151 1771 184 1218

137 205 323 238 nuntiarunt,
356 205 401 239 qui
424 205 574 233 condolens
600 207 705 234 sanctis
732 207 831 234 scribit
857 206 930 234 Con-
943 206 969 235 Α
982 213 1033 233 nus
1045 212 1052 232 :
1070 205 1149 239 Mihi,
1160 206 1259 241 inquit.
1270 214 1329 233 cum
1338 206 1454 241 subjrclo
1467 207 1562 241 populo
1571 209 1603 235 de
1618 207 1771 242 lmjttsmodi

137 253 240 281 stantio
255 256 284 278 ut
298 255 345 278 aut
359 251 485 279 redderet
495 251 578 280 Paulo
591 256 618 280 et
637 252 788 281 Athanasio
804 252 930 288 proprias

137 299 229 331 sedes,
239 304 284 325 aut
296 302 369 325 certe
380 298 504 332 przclium
517 303 612 325 contra
621 306 650 326 se
657 299 742 326 sciret
753 298 928 326 movendum.

139 345 270 371 Hortalus
284 348 373 371 autem
392 347 433 371 est
451 351 513 371 eum
530 352 584 378 quo
600 345 722 379 synodus
743 344 815 380 apud
832 344 912 372 Sardi
923 360 930 365 -

137 399 198 417 eam
217 390 303 422 ﬁeret,
318 390 344 417 in
360 398 414 425 qua
431 390 625 425 llespcriarum
638 398 793 418 convenere
808 391 929 426 episcopi

137 436 254 464 trecenti
266 457 273 468 ,
290 435 443 464 Orientales
463 441 553 464 autem
570 437 682 471 triginta
706 445 764 464 sex.
783 437 828 465 Isti
851 437 930 465 Occi-

136 482 294 509 dentalibus
307 481 485 513 resistebant,
500 486 625 516 petentes
639 482 737 516 expelli
750 483 826 517 prius
842 483 927 509 Atha-

138 528 247 555 nasium
265 533 291 554 et
309 527 435 554 Paulum.
449 527 536 556 Osius
552 531 642 555 autem
660 527 849 555 Cordubensis
872 528 930 563 epi-

137 582 241 609 scopus
268 579 295 601 et
307 573 472 607 Protogenes
495 573 669 602 Sardicensis
688 574 761 608 passi
784 582 838 601 non
863 577 928 601 sunt

135 629 191 655 quo
221 621 312 647 minus
341 621 467 648 adessent
490 621 578 648 sancti
602 620 771 649 Athanasius
795 621 877 648 simul
900 625 928 648 et

132 666 248 694 Paulus.
266 666 343 693 Tunc
359 665 512 693 Orientales
527 674 612 701 penes
627 665 840 702 Philippopolim
861 674 928 694 cou-

136 713 277 740 venientes
292 712 466 746 impudenter
483 712 660 740 homonsium
677 713 927 740 auathematizave—

135 763 221 785 runt:
251 758 297 792 qui
321 765 386 786 vero
411 758 483 793 apud
509 757 653 785 Sardicam
683 759 831 786 orthodoxi
862 763 927 786 sunt

129 805 251 836 «inventi,
267 811 423 831 anomteum
439 804 714 835 anathematizantes.
731 810 838 832 rectum
854 805 925 840 apud

135 851 254 877 Nicaeam
262 851 394 885 exposita:
405 850 465 878 ﬁdei
480 851 627 877 terminum
641 851 828 878 ﬁrmaverunt.
837 851 938 878 Porro.

135 897 279 924 reddidere
301 897 415 924 thronos
431 897 581 925 Athanasio
604 902 632 925 et
650 898 734 924 Paulo
751 903 832 932 atque
857 898 925 924 Mar-

126 942 204 969 ~celln
219 941 378 976 Aucyrano.
399 942 539 969 conﬁtenti
555 943 728 970 homonsium
746 949 772 970 et
791 943 924 970 rationem

135 996 185 1023 pro
204 996 234 1015 se
251 988 387 1020 reddenti,
400 988 473 1023 quod
494 996 548 1015 non
562 988 744 1016 intellexerint
759 989 860 1023 scripta
875 996 925 1016 sua

136 1035 162 1061 bi
181 1035 229 1070 qui
250 1042 279 1062 se
291 1035 517 1062 accusationibus
533 1034 713 1069 impetebant.
732 1035 836 1062 Interea
853 1035 926 1061 Con-

135 1080 256 1107 stantius
274 1080 407 1115 vigesimo
426 1080 516 1115 primo
534 1087 606 1108 anno
619 1079 734 1107 Romam
750 1085 845 1107 contra
867 1081 926 1107 Ma-

135 1127 277 1161 gnentium
301 1126 483 1154 dimicaturus
502 1127 588 1159 venit,
605 1127 651 1154 ubi
674 1127 708 1154 ab
728 1127 844 1154 Eusebia
863 1135 926 1161 pro-

136 1173 194 1207 pria
221 1180 306 1200 umre
327 1177 438 1207 rogatus
462 1171 601 1203 lulianum
626 1180 660 1199 ex
680 1179 792 1200 carcere
812 1172 924 1200 ductum

127 1217 271 1246 'Caasarem
288 1218 353 1245 facit
377 1223 404 1245 et
427 1218 454 1244 in
469 1218 572 1245 Gallias
587 1219 679 1251 mittit,
697 1219 830 1253 copttlans
851 1219 875 1245 ei
890 1218 924 1245 ad

136 1266 248 1299 nuptias
261 1272 384 1292 sororem
400 1271 478 1295 suam
492 1263 634 1297 Helenam,
649 1272 709 1299 qum
722 1269 749 1292 et
763 1265 924 1292 Constantia

134 1312 207 1339 dicta
223 1316 275 1340 est.

172 1357 264 1384 Itundi
272 1364 346 1383 anno
357 1356 439 1388 5850,
452 1357 553 1384 divina:
563 1355 760 1384 incarnationis
770 1363 843 1384 anno
860 1357 923 1389 350,

136 1404 210 1431 facto
227 1411 324 1438 magno
347 1407 427 1430 terra~
454 1407 529 1430 motu
556 1402 809 1436 Constantinopolis
833 1403 923 1430 diruta

134 1455 187 1477 est.
217 1449 319 1476 Deinde
348 1455 457 1476 mortuo
480 1449 644 1476 Constantio
668 1449 802 1483 vigesimo
824 1455 923 1484 quarto

135 1496 243 1530 imperii
257 1496 300 1522 sui
318 1502 391 1522 anno
406 1494 533 1522 Julianus
555 1498 732 1522 mouocrator
745 1493 860 1522 etl‘ectus
874 1495 923 1521 im-

983 252 1092 287 ncgotiis
1111 253 1214 279 curiose
1233 260 1309 287 agere
1324 252 1367 286 fas
1387 260 1437 279 non
1461 257 1511 280 est.
1531 253 1565 280 Ut
1588 262 1649 289 ergo
1670 255 1772 283 videtur

982 298 1053 325 vobis
1082 298 1276 330 sacerdotibus,
1309 299 1399 333 facile.
1425 299 1503 326 Tunc
1527 300 1668 328 venientes
1697 303 1769 336 apud

980 343 1173 378 Lampsacum,
1191 349 1218 372 et
1237 344 1343 372 duobus
1362 345 1418 373 illic
1434 346 1575 373 mensibus
1597 349 1770 377 commorati.

980 389 1131 417 novissime
1154 390 1231 417 irrita
1247 391 1336 418 fecere
1355 399 1416 426 quae
1433 391 1466 419 ab
1486 392 1610 419 Eudoxio
1627 397 1654 420 et
1669 393 1772 421 Acacin

980 434 1217 470 Constantinopoli
1241 439 1306 463 sunt
1330 440 1446 470 patrata,
1470 437 1672 472 tenendamque
1689 437 1769 464 ﬁdem

981 481 1051 515 apud
1062 481 1218 509 Seleuciam
1227 482 1382 517 expositam
1396 483 1588 511 decreverunt.
1602 482 1655 511 Sed
1670 484 1771 519 impius

980 526 1091 560 Valens,
1104 536 1166 562 qua:
1179 528 1249 563 apud
1270 527 1451 563 Lampsacum
1468 534 1545 564 gesta
1561 535 1642 562 sunt,
1658 530 1770 558 destru-

979 573 1029 604 xit,
1052 577 1079 599 et
1092 572 1246 607 episcopos,
1263 573 1309 608 qui
1334 573 1434 601 ibidem
1453 579 1650 606 conveneram,
1673 575 1771 602 exsilio

979 619 1118 653 relegavit.
1133 619 1236 647 Interea
1255 620 1380 647 Liberius
1397 628 1467 655 papa
1485 620 1626 649 Romanus
1641 627 1669 648 et
1682 621 1771 649 Atha-

978 665 1075 693 nasius
1087 671 1114 693 et
1128 666 1253 695 Meletius
1266 671 1293 694 et
1309 666 1545 694 Samosatensium
1563 667 1709 699 Eusebius.
1721 669 1768 703 qui

978 712 1084 740 Ioviani
1115 718 1252 748 praecepto
1279 713 1312 741 ab
1333 714 1433 741 exsilio
1460 714 1567 741 fuerant
1592 715 1724 748 revocati,
1740 716 1767 742 in

978 759 1148 787 orthodoxiac
1162 767 1287 786 sermone
1298 759 1434 795 vigebant,
1447 767 1552 787 necnon
1570 764 1597 787 et
1611 760 1770 796 Hierosoly-

978 807 1100 834 mitanus
1117 806 1236 842 Cyr-illus
1259 810 1286 833 et
1311 805 1356 832 alii
1379 806 1500 841 episcopi
1521 807 1681 834 orthodoxae
1707 807 1767 835 ﬁdei

978 858 1206 888 propugnatores.
1220 852 1330 879 Arianis
1348 859 1438 880 autem
1457 857 1591 886 praeerant
1610 854 1682 888 apud
1702 853 1768 881 Ale-

975 898 1119 925 xandriam
1146 897 1257 931 Lucius,
1275 902 1302 925 et
1323 897 1394 932 apud
1423 898 1595 925 Antiochiam
1628 898 1767 931 Eueoius,

975 943 1106 970 Paulinus
1118 947 1207 970 autem
1224 943 1270 970 uni
1288 943 1358 977 parti
1371 942 1599 975 orthodoxorum,
1611 943 1688 971 alteri
1702 951 1768 971 vero

976 989 1112 1017 Meletius.
1139 989 1256 1022 Quidam
1273 996 1339 1016 sane
1353 989 1430 1016 aiunt
1443 989 1515 1024 quod
1538 988 1679 1017 Dominica
1698 997 1768 1017 uxor

976 1035 1099 1063 Valentis
1121 1035 1289 1070 persuaserit
1311 1036 1335 1062 ei
1355 1040 1410 1061 tam
1432 1035 1556 1062 valenter
1577 1035 1633 1062 Arii
1657 1043 1766 1063 sensum

976 1082 1088 1109 sectari.
1102 1081 1187 1108 Porro
1199 1081 1246 1107 alii
1264 1081 1389 1108 scribunt
1400 1081 1475 1116 quod
1485 1087 1628 1116 postquam
1647 1082 1768 1116 impera-

976 1127 1046 1154 verit
1066 1127 1100 1154 ab
1116 1126 1237 1153 Eudoxio
1252 1126 1417 1161 baptizatus,
1436 1126 1596 1161 iuramento
1615 1127 1767 1154 ﬁrmaverit

976 1172 1003 1199 in
1020 1173 1080 1207 ipso
1105 1172 1269 1207 baptismate
1291 1179 1353 1198 cum
1369 1172 1436 1199 Ario
1452 1180 1482 1199 se
1508 1180 1654 1200 sensurum
1674 1177 1702 1199 et
1718 1173 1768 1200 bo-

977 1218 1113 1244 tnousium
1130 1218 1243 1244 minimc
1258 1222 1432 1252 recepturum
1446 1238 1453 1250 ,
1471 1222 1499 1246 ot
1513 1219 1554 1246 sic
1574 1220 1683 1254 utrique
1696 1220 1766 1247 dena

977 1263 1060 1290 millia
1073 1264 1294 1296 persecutionum
1308 1263 1336 1290 in
1357 1264 1528 1292 orthodoxos
1544 1271 1762 1293 commoverunt.

976 1308 1085 1336 Mittunt
1101 1313 1193 1336 autem
1210 1314 1237 1336 ct
1254 1309 1364 1345 Liberio
1376 1311 1553 1338 Eustathium
1570 1311 1720 1339 Armeuum
1737 1317 1765 1339 et

976 1355 1116 1382 Silvanum
1138 1355 1302 1383 Tarsensem
1326 1361 1408 1391 atque
1432 1357 1614 1392 Theophilum
1635 1358 1767 1386 Castava-

975 1401 1090 1434 lenscm,
1109 1403 1331 1437 rcpromittentes
1353 1411 1399 1437 per
1416 1404 1490 1437 ipsos
1511 1404 1632 1438 recipere
1651 1405 1766 1430 homon-

976 1447 1058 1474 sium.
1069 1447 1120 1480 Qui
1131 1449 1319 1482 pervenientes
1331 1448 1440 1475 Liberio
1450 1448 1581 1483 scriptum
1592 1456 1639 1482 pro
1649 1449 1766 1476 homou-

977 1495 1019 1522 sio
1044 1498 1227 1529 porrexerunt
1252 1494 1384 1526 libellum,
1413 1494 1572 1528 proﬁtentes
1597 1502 1627 1521 se
1655 1502 1765 1522 omnem

135 1542 270 1577 pudenter
291 1541 397 1572 vivebat
415 1545 496 1575 atque
513 1541 662 1574 gentiliter,
682 1540 816 1575 sanguine
835 1541 924 1568 sacri-
937 1544 958 1573 ο
975 1540 1100 1568 haeresim
1127 1547 1291 1571 aversuros,
1324 1547 1385 1575 qua:
1418 1539 1524 1575 synodo
1549 1539 1667 1567 Nictcna:
1697 1541 1768 1568 l’orct

137 1586 260 1614 flciorum
291 1589 418 1613 sanctum
444 1585 610 1619 baptismum
626 1585 747 1619 dilucns,
770 1589 798 1613 et
822 1590 923 1613 cuncta

134 1633 241 1661 faciens
252 1633 352 1667 quibus
372 1632 510 1659 daemones
524 1632 625 1665 placari
644 1635 786 1658 acescunt.

169 1678 261 1710 Mundi
276 1685 349 1705 anno
364 1677 553 1709 5856,divinaa
565 1677 763 1704 incarnationis
775 1684 846 1704 anno
859 1675 923 1706 556,

133 1723 265 1752 Jovianus
281 1722 461 1754 chiliarcbus,
474 1721 516 1748 vir
531 1722 694 1749 mitissimus
710 1726 736 1748 et
752 1721 924 1748 orthodoxus

134 1770 320 1801 Christianus,
341 1770 491 1804 imperator
507 1768 693 1795 Romanorum
707 1767 741 1794 ab
755 1768 829 1794 omni
844 1775 924 1795 exer-

134 1817 190 1842 citu
209 1823 240 1842 ac
263 1815 469 1849 magistratibus
495 1819 576 1849 atque
597 1814 760 1841 consulibus
782 1814 809 1840 in
828 1814 923 1840 eodem

135 1860 195 1888 loco
212 1865 291 1887 terrae
306 1859 465 1891 Persarum,
487 1860 513 1887 iu
527 1868 583 1894 quo
600 1860 790 1895 praevaricator
808 1859 922 1890 interiit,

134 1911 333 1941 nuncupatur;
354 1906 401 1940 qui
422 1906 568 1933 recusabat
585 1906 740 1941 imperium,
760 1912 923 1933 asseverans

133 1960 187 1979 non
204 1959 234 1979 se
247 1959 328 1986 posse
351 1951 499 1986 principari
515 1951 646 1979 exercitui
663 1951 709 1986 qui
732 1958 855 1986 paganus
871 1950 922 1977 sub

131 1999 242 2026 Juliano
256 1999 292 2026 sit
307 2000 395 2026 factus
408 2007 416 2032 ;
431 1998 464 2025 ad
479 2005 559 2032 quem
573 2005 672 2024 omnes
688 1998 853 2024 unanimiter
866 1996 922 2022 cla-

133 2052 242 2072 mavere
257 2052 287 2072 se
304 2044 476 2071 Christianos
497 2051 569 2070 esse.
589 2042 707 2077 Scripsit
724 2048 854 2077 preterea
874 2041 921 2069 Jo-

132 2092 231 2117 vianus
241 2089 427 2117 sacratissimo
440 2088 591 2115 Athanasio
603 2088 783 2115 immaculata:
794 2088 854 2114 ﬁdei
867 2087 920 2114 sibi

132 2138 284 2174 signiﬁcari
312 2138 340 2165 in
362 2137 473 2171 scriptis
496 2137 668 2170 acribeiam;
694 2137 766 2171 quod
792 2141 819 2164 et
844 2137 919 2170 fecit,

132 2185 217 2212 totius
233 2184 403 2211 orthodoxiae
410 2182 526 2210 Joviano
540 2183 684 2217 epistolam
696 2183 831 2210 scribens.
845 2183 920 2212 Unde

131 2231 263 2258 Jowanus
281 2229 422 2258 robustior
440 2229 467 2255 in
491 2229 654 2256 orthodoxia
674 2228 788 2257 eﬁ‘ectus
810 2229 853 2257 bis
873 2230 920 2264 qui

132 2276 316 2312 praedicabant
331 2276 503 2303 homonsium
519 2276 604 2303 multa
618 2275 739 2308 donavit,
757 2279 784 2303 et
799 2276 858 2304 sine
870 2276 921 2303 tri-

131 2323 199 2350 buto
214 2329 326 2349 manere
343 2322 498 2349 constituit.

166 2367 226 2400 Quo
242 2366 372 2395 defuncto
393 2366 560 2394 acclamatus
576 2369 619 2393 est
635 2365 844 2394 Valentinianus
863 2367 919 2394 Au-

130 2418 230 2448 gustus
248 2421 264 2440 a
291 2413 422 2440 militibus
443 2420 450 2445 ;
479 2411 525 2446 qui
550 2411 680 2439 continuo
700 2412 862 2446 perveniens
885 2412 920 2440 ad

131 2460 232 2494 regiam
248 2459 343 2486 urbem
359 2457 499 2485 Valentem
515 2457 626 2484 fratrem
639 2464 719 2484 suum
733 2458 920 2485 communica-

130 2510 216 2532 torem
236 2505 279 2532 sui
296 2505 359 2532 fecit
372 2503 491 2539 imperii,
512 2502 625 2537 largitus
643 2503 668 2530 ei
687 2508 778 2537 partes
793 2502 919 2530 Orienta-

129 2552 181 2583 les,
195 2551 247 2578 sibi
257 2551 370 2578 retentis
386 2549 619 2578 Occidentalibus.
636 2548 742 2576 Interea
753 2548 919 2576 Valentinia-

129 2605 184 2624 nus
203 2596 344 2631 Augustus
369 2595 529 2623 Gratianum
552 2594 637 2622 ﬁlium
661 2602 742 2622 suum
764 2594 917 2629 Augustum

129 2643 294 2678 appellavit,
327 2641 585 2669 communicatorem
613 2641 718 2676 imperii
747 2641 833 2676 patris
855 2660 862 2672 .
891 2645 918 2668 et

128 2688 272 2717 consulem
293 2692 356 2715 ante
369 2689 586 2722 pronuntiatum,
600 2691 627 2714 et
645 2686 783 2714 Valentem
806 2686 916 2714 fratrem

128 2742 211 2763 suum
225 2734 426 2769 imperatorem.
435 2731 586 2760 Ortbodoxi
596 2736 686 2759 autem
698 2737 874 2760 accesserunt
883 2733 916 2760 ad

130 2780 351 2808 Valentinianum
368 2787 416 2814 per
433 2778 577 2814 Hypatium
595 2778 754 2814 episcopum
774 2778 915 2811 Heracliaa,

127 2826 308 2861 deprecantes
329 2831 383 2859 quo
399 2824 457 2852 ﬁeri
474 2828 639 2852 conventum
661 2824 819 2859 praeriporet
834 2831 916 2858 super

128 2869 301 2899 correctione
310 2869 446 2906 dogmatis
457 2869 602 2898 homousii.
617 2870 656 2897 Ad
667 2877 736 2905 quos
749 2868 915 2897 Valentinia-

977 1585 1108 1619 adversa;
1122 1586 1222 1620 quibus
1235 1590 1260 1612 et
1275 1585 1394 1620 receptis
1403 1584 1528 1612 Liberius
1541 1585 1766 1616 communicavit,

976 1632 1152 1667 scribensque
1161 1631 1346 1659 Orientalibus
1359 1630 1542 1658 testimonium
1557 1631 1612 1658 illis
1628 1631 1767 1667 perhibuit

975 1677 1154 1704 ortliodoxiaz.

1011 1723 1103 1750 Mundi
1114 1730 1187 1750 anno
1202 1723 1283 1755 586i,
1295 1723 1394 1751 divine
1405 1723 1604 1751 incarnationis
1617 1730 1689 1751 anno
1701 1723 1764 1755 361,

975 1770 1120 1796 concilium
1141 1769 1283 1802 Tyauense
1298 1769 1464 1796 celebratum
1477 1773 1530 1801 est,
1545 1770 1572 1796 in
1596 1777 1650 1804 quo
1662 1770 1764 1796 inventi

975 1820 1040 1843 sunt
1054 1815 1187 1842 Eusebius
1209 1815 1387 1842 Casariensis
1405 1815 1593 1850 Cappadociae,
1615 1815 1765 1851 Gregorius

975 1862 1163 1890 Nazianzenus
1189 1865 1265 1896 pater
1289 1861 1413 1896 Gregorii
1437 1862 1565 1896 deiloqui,
1581 1862 1626 1897 qui
1654 1867 1680 1889 et
1707 1863 1766 1897 ipse

974 1908 1161 1936 Nazianzenus
1182 1908 1343 1943 appellatur,
1361 1913 1386 1935 et
1404 1908 1521 1936 Trienus
1538 1909 1722 1937 Melitenensis
1737 1914 1764 1936 et

974 1955 1018 1982 alii
1033 1963 1040 1986 ;
1056 1955 1101 1989 qui
1113 1962 1197 1990 super
1213 1954 1315 1982 Liberii
1335 1955 1434 1982 litteris
1451 1955 1620 1983 exsultantes
1638 1956 1764 1983 omnibus

973 2000 1135 2028 orthodoxis
1158 2000 1386 2035 signiﬁcavernnt
1406 2001 1542 2036 episcopis
1567 2009 1621 2036 quo
1646 2000 1762 2029 Tarsum

973 2047 1000 2074 in
1027 2039 1263 2074 conﬁrmationem
1287 2054 1358 2074 verae.
1379 2051 1460 2074 rectae
1483 2047 1543 2074 ﬁdei
1562 2048 1761 2080 convenirent;

972 2102 1026 2129 quo
1042 2093 1136 2120 audito
1150 2093 1250 2121 Valens
1266 2101 1314 2121 eos
1332 2093 1471 2128 prohibuit
1487 2093 1644 2121 convenire.

1006 2139 1132 2174 Cyziceni
1143 2139 1402 2166 autcmEunomium
1419 2139 1535 2167 insecuti
1551 2143 1615 2167 sunt
1632 2136 1760 2174 tai'iquam

973 2185 1131 2212 haereticum
1150 2189 1177 2212 et
1195 2185 1395 2220 blasphemnm,
1413 2185 1458 2220 qui
1480 2185 1591 2212 veniens
1607 2186 1700 2212 unitus
1721 2189 1764 2212 est

936 2215 961 2244 θ
974 2230 1110 2258 Eudoxio.
1123 2229 1186 2256 Erat
1199 2215 1271 2257 enim
1285 2215 1461 2264 blaspheuius
1478 2235 1505 2257 et
1520 2230 1679 2262 acerrimus,
1694 2238 1763 2265 prm-

973 2282 1084 2303 sumens
1096 2275 1187 2302 dicere
1200 2276 1263 2310 quia
1276 2274 1347 2302 Deus
1363 2275 1396 2302 de
1407 2275 1515 2309 propria
1528 2276 1681 2302 substantia
1692 2277 1761 2304 nihil

972 2321 1052 2348 nobis
1077 2321 1195 2355 amplius
1218 2320 1302 2347 novit.
1320 2319 1405 2346 Porro
1430 2320 1526 2347 Valens
1551 2321 1664 2355 paganis
1688 2322 1763 2349 dedit

972 2365 1106 2393 sacriﬁcia
1121 2370 1148 2391 et
1163 2363 1350 2391 solcmnitates
1362 2364 1518 2392 celebrandi
1537 2365 1686 2393 licentiam.
1697 2365 1760 2393 Pari

972 2411 1054 2438 modo
1067 2409 1211 2437 etJudaaos
1227 2408 1334 2435 f0vebat
1346 2413 1373 2435 et
1387 2409 1552 2441 honorabat,
1566 2411 1640 2438 solos
1653 2416 1759 2438 tantum

970 2454 1138 2483 ortbodoxos
1157 2455 1184 2481 in
1199 2455 1349 2489 apostolica
1366 2454 1509 2482 insecutus
1531 2455 1666 2483 Ecclesia.

1006 2500 1094 2535 Hujus
1107 2508 1179 2527 anno
1195 2501 1300 2535 imperii
1316 2508 1390 2528 nouo
1408 2500 1438 2528 S.
1459 2501 1627 2529 Athanasius
1644 2503 1761 2529 Alexan-

969 2547 1067 2575 drinus
1092 2546 1218 2582 migravit
1242 2546 1274 2573 ad
1296 2546 1461 2579 Dominum,
1484 2555 1546 2575 cum
1571 2548 1758 2583 episcopatum

970 2594 1101 2629 gaesisset
1115 2593 1195 2621 anuis
1210 2592 1393 2628 quadraginta
1405 2601 1462 2626 sex.
1475 2601 1508 2621 ex
1523 2593 1622 2629 quibus
1638 2594 1759 2629 quadra-

968 2640 1042 2674 ginta
1069 2640 1094 2666 in
1120 2640 1358 2674 persccutionibus
1383 2647 1432 2674 pro
1457 2640 1558 2675 pietate
1577 2646 1609 2666 ac
1627 2640 1757 2674 periculis

969 2684 1048 2712 vixit.
1064 2685 1113 2711 Cui
1131 2685 1267 2712 successit
1283 2684 1395 2717 Petrus,
1410 2685 1457 2719 qui
1482 2684 1593 2712 Arionis
1611 2684 1637 2711 in
1655 2685 1757 2711 multo—

969 2738 1028 2757 rum
1046 2730 1186 2757 hominum
1205 2733 1293 2758 cacdes
1311 2730 1502 2765 grassantibus
1525 2730 1620 2765 pulsus
1640 2729 1755 2757 Romam

969 2777 1075 2811 fugit-ns
1089 2777 1121 2803 ad
1139 2776 1283 2804 Damasum
1301 2778 1465 2812 properavit,
1484 2776 1564 2811 cujus
1579 2781 1606 2804 et
1621 2781 1679 2803 erat
1693 2784 1757 2804 sen-

967 2832 1026 2856 sus,
1047 2823 1156 2858 quando
1168 2828 1193 2850 et
1209 2824 1354 2855 horrenda,
1366 2831 1427 2859 qua
1437 2827 1512 2858 gesta
1523 2827 1588 2851 sunt
1601 2822 1636 2849 ab
1646 2822 1756 2850 Arianis

972 2871 1044 2906 apud
1062 2870 1266 2903 Alexandriam,
1287 2878 1333 2906 per
1354 2870 1495 2905 epistolam
1518 2869 1756 2904 cousu'ipsrrunt.
