2035 3153
239 139 306 172 1219

239 197 338 223 [fidem
357 202 428 222 anno
448 199 474 221 et
492 193 609 221 Basilius
626 193 774 228 episcopus
796 192 920 220 Caesarne
941 193 1029 219 factus
1044 195 1064 221 Α

237 247 289 274 est,
303 249 364 268 cum
378 241 513 268 Eusebius
528 239 572 274 pie
585 239 744 266 dormissat.

275 288 365 314 Mundi
382 293 453 313 anno
462 285 543 318 5866,
557 285 657 312 divina:
672 284 871 312 incarnationis
881 291 952 310 anno
965 282 1028 314 566,

240 332 404 360 Ambrosius
412 336 474 366 post
481 330 648 357 Auxentium
658 329 1029 357 ecclesia:lliediolancusinm

241 383 350 414 prmest.
360 377 509 405 Occidente
519 384 583 403 vero
599 381 682 403 totam
693 375 856 403 Trinitatem
868 374 1031 402 ltomousion

241 425 417 460 praedicante,
432 424 606 458 postulavere
621 423 731 458 qttidam
749 421 984 451 Valentinianum,
1005 425 1032 447 et

243 472 332 499 fecere
348 471 483 506 synodutn
502 471 528 496 in
551 470 670 505 lllyrico,
689 473 715 495 et
729 468 811 495 fidem
831 467 1033 494 roboraverunt

241 517 390 544 Nion-nam.
403 517 481 543 Tunc
497 521 524 543 et
541 514 691 550 Gregorius
708 515 852 548 deiloquus
872 513 1031 540 Constanti-

242 563 407 597 nopolitana‘.
437 561 586 596 pratsiderc
612 560 779 587 noscebatur
802 558 951 589 Ecclesiae,
981 565 1030 592 pro

243 608 337 635 llasilii
356 612 384 634 et.
399 606 498 634 Meletii
524 614 556 633 ac
579 605 747 640 reliquorum
775 604 884 639 pietatis
909 610 1033 638 pugnans

241 653 425 688 dogmatibus.
447 651 480 678 Et
499 651 550 679 ttisi
568 655 631 678 ante
646 651 678 678 ad
694 651 789 677 urbem
805 650 1035 684 Constantinopo-

243 699 356 725 litauam
370 697 501 724 invitatus
517 701 602 728 esset,
617 700 673 723 tota
689 696 820 723 nimirum
834 695 891 721 Arii
904 698 931 720 ct
947 694 1036 720 Ειιιιο-

244 744 290 770 inii
309 743 461 778 repleretur
483 742 596 769 illuvie:
615 749 711 768 omnes
729 741 801 767 enim
828 739 962 766 ecclesias
982 739 1034 773 ipsi

243 789 430 823 possidebant,
442 793 539 823 praeter
558 788 709 815 oratoriuut
727 785 878 813 Anastasize
895 785 1033 820 martyris.

244 835 363 862 Praeerat
391 839 482 862 autem
514 834 571 861 illic
596 833 705 860 Arianis
737 831 926 864 Demophilus.
957 831 1035 858 Tunc

244 880 392 915 Gregorius
409 887 518 914 quoque
534 878 674 914 Nysscnus
690 883 716 905 et
736 878 845 907 Petrus,
866 877 965 904 fratres
983 876 1034 902 Ba-

245 927 311 960 silii,
331 926 528 957 coruscabant,
547 924 728 960 Optimusque
748 924 775 950 in
798 923 901 951 Pisidia
919 927 946 950 et
970 923 1035 948 Amo

246 971 400 1006 philochius
424 971 452 998 in
484 970 588 998 Iconio.
617 970 730 997 Barsem
760 973 849 996 autent
876 968 1036 1002 episcopum

245 1019 357 1045 Edessa:
371 1022 451 1052 atque
461 1017 600 1051 Pelagium
609 1016 760 1047 Laodiceae,
773 1019 865 1050 utpote
878 1015 1038 1041 orthodoxa:

248 1064 309 1091 fidei
329 1066 561 1098 propugnatores,
579 1061 715 1089 Valensin
726 1061 853 1088 exsilium
865 1060 950 1087 misit.
969 1059 1038 1086 Sau-

248 1114 415 1136 romatarum
432 1112 523 1135 autent
534 1115 612 1142 gens,
629 1115 688 1141 qua:
705 1107 804 1141 pusilla
824 1110 852 1133 et
865 1106 973 1132 infirma
985 1109 1036 1137 est,

248 1161 344 1182 contra
361 1155 584 1183 Valentinianum
600 1154 746 1187 insurgens
765 1157 792 1180 et
805 1153 838 1180 ab
853 1160 885 1180 eo
897 1157 1038 1186 superata,

250 1201 347 1236 legatis
363 1200 467 1232 missis,
485 1207 579 1235 pacem
598 1199 762 1234 expostulat.
778 1197 901 1233 Cumque
917 1197 1040 1224 Valenti-

249 1246 350 1274 nianus
379 1253 394 1273 a
419 1245 517 1280 legatis
541 1245 730 1272 sciscitaretur
751 1249 842 1270 utrum
870 1242 1040 1269 Sauromata:

250 1293 320 1319 tales
338 1296 365 1319 et
382 1296 436 1318 tam
457 1292 552 1318 vilium
576 1298 722 1325 corporum
745 1297 842 1317 omnes
862 1290 1040 1320 exsisterent,

249 1337 455 1372 responderunt
480 1336 603 1365 dicentes
629 1337 693 1371 quia
718 1335 847 1363 Meliores
869 1342 965 1362 eorum
998 1335 1042 1362 hic

253 1384 337 1410 habes
350 1388 377 1411 et
390 1383 477 1410 vides.
492 1383 570 1410 Tunc
589 1383 758 1410 validissime
781 1381 825 1409 ille
842 1383 965 1408 clamans
979 1380 1017 1407 ait
1034 1389 1041 1406 :

252 1430 363 1457 Atracia
377 1429 524 1456 Romanum
540 1429 680 1462 imperium
697 1429 810 1456 sustinet
825 1427 859 1454 ad
877 1427 1043 1454 Valentinia-

251 1484 314 1502 num
326 1476 485 1510 pertingens,
495 1475 517 1502 si
530 1473 697 1501 Sauromata:
707 1473 772 1500 tales
787 1474 941 1500 amittentes
949 1477 1043 1499 contra

253 1521 386 1548 Romanos
400 1521 552 1554 insurgunt.
568 1519 608 1546 Ex
622 1512 902 1546 aninmsitate'autem
919 1518 1002 1544 nimia
1015 1521 1042 1544 et

253 1574 384 1593 manuum
396 1567 494 1601 plausu
511 1573 579 1592 vena
596 1566 694 1596 recisa,
712 1569 739 1590 et
754 1564 873 1599 plurimo
884 1569 1042 1597 erumpente

255 1611 397 1646 sanguine,
425 1611 451 1637 iu
478 1610 596 1644 quodam
622 1609 771 1644 municipio
798 1608 891 1636 Galliae
917 1609 1043 1636 nutritur.

254 1659 340 1686 Porro
359 1657 456 1685 Valens
468 1657 616 1691 Trajanum
633 1657 821 1690 magistratum
835 1660 929 1682 contra
943 1655 1045 1682 Gothos

256 1703 394 1739 misit,qui
413 1703 503 1731 victus
516 1702 696 1738 ignominiosa
711 1709 838 1729 reversus
852 1705 903 1729 est.
919 1701 968 1728 Cui
983 1709 1044 1728 cum

255 1751 356 1778 Valens
371 1750 510 1777 mollitiem
527 1749 719 1782 exprobraret,
741 1748 881 1783 respondit
894 1756 900 1773 :
926 1746 985 1773 Non
1000 1755 1045 1781 ego

255 1805 314 1824 sunt
327 1796 420 1827 rictus,
434 1796 587 1829 imperator.
604 1794 649 1821 scd
668 1799 706 1824 tu.
723 1794 767 1829 qui
787 1798 878 1821 contra
894 1792 979 1819 Deum
997 1800 1046 1826 pu-

254 1850 321 1875 gnas
350 1846 374 1867 et
402 1840 523 1866 barbaris
548 1844 641 1866 nutum
665 1839 722 1872 ejus
752 1839 888 1864 concilias.
913 1838 1047 1864 Damasus

257 1891 348 1913 autem
378 1885 519 1912 Romanus
550 1889 577 1911 et
605 1884 702 1912 Petrus
735 1883 939 1911 Alexandrinus
966 1883 1045 1918 primi

256 1932 440 1959 Sabhatianos
453 1932 707 1959 eondemnaverunt
721 1939 728 1962 ς
741 1935 767 1958 ct
782 1930 882 1964 intpins
897 1929 1048 1956 Enuomius

258 1978 432 2012 prtesumpsit
452 1978 479 2005 in
501 1985 555 2004 uua
582 1978 719 2004 lliCl‘SiOtte
740 1976 875 2011 baptisma
897 1976 1047 2008 Celebt‘are,

260 2031 313 2050 non
323 2031 348 2049 ιιι
362 2022 506 2056 Trinitate,
520 2023 567 2050 sed
581 2023 607 2049 in
617 2022 949 2056 morteChristiloportere
962 2021 1049 2055 bapti-

258 2076 322 2094 zare
337 2068 443 2100 dicens,
464 2072 491 2095 et
505 2075 553 2095 eos
568 2068 614 2102 qui
628 2068 655 2094 in
673 2067 807 2094 Trinitatc
828 2067 957 2102 baptizati
972 2071 1049 2094 erant

260 2114 457 2148 rebaptizabat.

297 2158 347 2184 Per
372 2158 442 2184 idem
464 2161 572 2192 tempus
594 2163 621 2184 et
643 2164 759 2192 magnus
778 2157 896 2192 Ephrem
915 2158 943 2185 in
959 2158 1050 2186 studio

1053 864 1072 891 1]

784 136 983 166 ANASTASII
1007 134 1323 166 BIBLIOTHECARII

1808 129 1876 161 ιίὲὶῢ

1080 190 1242 222 Mclitanus,
1259 188 1433 224 postmodum
1451 191 1542 214 autem
1562 190 1589 214 et
1613 186 1762 213 Flavianus
1785 186 1879 212 Antio-

1080 237 1197 264 chenus.
1218 235 1353 262 Praeterea
1374 233 1475 261 Valens
1497 233 1572 260 omni
1592 232 1708 260 ecclesia
1732 232 1877 259 devastata

1081 282 1155 309 venit
1177 281 1324 309 Caesariani
1350 281 1384 306 ab
1399 279 1522 310 Oriente,
1542 283 1637 306 contra
1658 278 1877 305 sacratissimum

1081 327 1211 354 llasiliutn
1224 326 1440 359 insaniensmui
1454 326 1577 359 egitqute
1593 331 1708 358 magnus
1725 323 1876 358 Gregorius

1083 374 1109 399 in
1125 372 1266 407 epitapbio
1284 371 1376 399 Basilii
1398 371 1498 406 arguit.
1519 371 1619 397 Deinde
1638 377 1703 396 vero
1720 369 1809 396 Maria
1827 369 1879 395 Sa-

1085 426 1246 446 racenorum
1278 418 1370 452 regina
1399 418 1483 444 multa
1513 417 1583 443 mala
1615 415 1747 442 Romanis
1774 415 1880 442 faciens

1085 472 1176 498 paceni
1197 464 1333 498 qu:esivit,
1358 468 1385 490 et
1405 463 1498 490 Mosen
1523 463 1669 497 quemdam
1684 462 1878 496 religiosorum

1085 510 1111 535 iu
1136 516 1229 536 eremo
1254 509 1485 535 rommorantium
1506 509 1665 543 episcopum
1683 508 1742 534 dari
1763 508 1882 534 Sarace-

1085 555 1138 584 nis,
1155 554 1202 589 qui
1215 554 1288 589 apud
1303 562 1332 582 se
1346 555 1604 584 cltristianizahaut.
1618 554 1741 587 expetiit.
1759 554 1883 588 Impera-

1086 607 1143 627 torc
1160 606 1250 628 autent
1265 601 1396 628 alacriter
1411 601 1464 628 hoc
1482 600 1727 635 f'.u:icnte,Moyses
1743 609 1845 628 non....
1864 608 1882 626 ι

1085 647 1209 674 Luciano
1223 648 1327 674 Ariatto
1344 648 1512 679 consecrari,
1530 646 1578 673 sed
1598 654 1612 672 a
1632 646 1752 680 quodam
1769 647 1882 680 episco-

1086 700 1182 726 porum
1206 693 1252 727 qui
1272 693 1298 719 in
1316 693 1398 720 exilio
1415 693 1524 720 fuerant
1539 702 1546 725 ;
1568 692 1640 727 quod
1663 696 1690 719 et
1706 693 1808 718 factum
1825 696 1880 718 cst.

1087 738 1143 765 lloc
1172 744 1303 772 suscepto
1328 738 1415 765 Maria
1441 739 1542 765 inultos
1560 737 1732 765 Christianos
1746 737 1780 764 de
1797 737 1884 764 Sant-

1086 787 1163 813 cenis
1186 786 1286 814 effecit.
1312 787 1397 813 Aiunt
1414 791 1504 814 autem
1518 787 1583 820 quia
1602 790 1628 813 et
1645 785 1702 820 ipsa
1723 785 1882 812 Christiana

1087 836 1166 864 erat,
1191 833 1302 860 natione
1328 833 1461 866 Romana,
1490 839 1516 860 ct
1543 834 1651 868 captiva
1668 833 1749 860 ducta
1779 832 1885 867 placuit

1089 883 1197 913 propter
1221 879 1434 914 pulcritudinem
1459 880 1517 914 regi
1547 879 1769 909 Saracenorum,
1790 883 1818 905 et
1843 879 1885 905 sic

1088 931 1204 959 regnum
1221 924 1352 952 obtinuit.
1367 924 1469 952 Scribit
1486 932 1550 951 vero
1568 925 1651 951 multa
1669 924 1703 951 dc
1717 925 1812 951 eodem
1835 931 1886 958 ge—

1088 978 1152 998 nere
1169 969 1349 1002 Sozontenns,
1363 970 1435 997 unde
1448 971 1582 1004 originem
1598 971 1702 1004 ceperit
1712 974 1739 996 et
1754 970 1828 996 unde
1843 970 1886 996 sic

1089 1022 1276 1051 nuneupetur,
1291 1022 1319 1043 et
1333 1017 1405 1051 quod
1425 1017 1459 1043 15
1473 1024 1545 1043 anno
1556 1016 1781 1044 circumcidatur.
1796 1016 1887 1042 Porro

1089 1062 1171 1090 Gothi
1187 1062 1221 1089 ab
1235 1061 1342 1089 Hunnis
1354 1063 1506 1097 lmpugnati
1521 1061 1653 1088 auxilium
1668 1062 1702 1088 ab
1718 1061 1887 1096 imperatore

1090 1108 1241 1144 postulant.
1255 1114 1282 1135 et
1292 1116 1340 1143 per
1351 1108 1467 1136 Hulfiam
1477 1108 1636 1142 episcopum
1650 1115 1730 1135 suum
1738 1108 1886 1136 Arianmv.

1089 1155 1135 1190 qui
1153 1159 1276 1182 moratus
1291 1155 1344 1183 sub
1357 1155 1517 1183 Constantio
1537 1155 1625 1182 fuerat
1638 1162 1700 1182 cum
1718 1154 1844 1180 Eudoxio
1858 1159 1889 1180 et

1090 1201 1191 1228 Acacio
1212 1200 1332 1229 Arianis.
1355 1201 1406 1228 Hie
1427 1200 1533 1228 Gothos
1551 1201 1668 1228 Ariano:
1692 1207 1753 1227 esse
1778 1201 1886 1232 docuit,

1090 1250 1136 1285 qui
1152 1248 1264 1278 adunati
1281 1248 1365 1275 ferme
1380 1247 1474 1280 viginti
1487 1247 1598 1274 Grmcia-
1610 1245 1812 1280 depopulantur
1823 1252 1889 1279 pro-

1092 1295 1208 1321 vincias.
1219 1294 1280 1326 Quo
1293 1292 1388 1319 audito
1399 1291 1511 1323 Valens,
1523 1299 1585 1318 cum
1594 1291 1747 1318 Antiocltizc
1761 1291 1889 1324 degeret.

1092 1341 1165 1368 venit
1194 1338 1475 1373 Constantinopolim.
1507 1338 1630 1373 Byzantii
1657 1344 1723 1364 vero
1753 1336 1890 1364 conviciis

1093 1387 1169 1413 illum
1187 1390 1280 1419 utpote
1297 1384 1446 1410 invalidum
1462 1388 1489 1411 et
1507 1383 1641 1410 bellorum
1658 1382 1782 1416 fugacem
1801 1388 1890 1407 accu—

1094 1431 1244 1458 mulabaut.
1263 1429 1388 1456 llisarius
1403 1433 1507 1459 autem,
1524 1435 1602 1455 sacer
1617 1427 1892 1457 mouacltus,tcuetil

1095 1476 1201 1504 frenum
1217 1476 1280 1510 equi
1308 1475 1440 1505 Valentis,
1455 1482 1518 1501 eum
1541 1474 1692 1500 novissime
1710 1473 1892 1506 egrederetur

1096 1523 1123 1550 in
1139 1523 1274 1557 praelium,
1288 1522 1324 1548 ait
1345 1522 1378 1548 ad
1394 1529 1456 1548 eum
1474 1530 1481 1547 :
1499 1521 1556 1553 Quo
1573 1520 1658 1551 cadis,
1674 1519 1819 1554 imperator
1838 1525 1894 1544 ad-

1095 1577 1184 1597 versus
1204 1568 1287 1595 Deum
1303 1574 1422 1601 pugnans
1437 1572 1461 1593 et
1482 1566 1563 1592 Deum
1580 1565 1761 1592 aduersarium
1771 1564 1894 1591 Italicus!

1096 1615 1182 1646 Quem
1201 1614 1287 1640 iratus
1307 1613 1412 1639 carceri
1429 1612 1552 1641 tradidit.
1568 1616 1684 1637 mortem
1703 1611 1738 1636 illi
1756 1610 1894 1643 minatus,

1097 1661 1119 1687 si
1139 1659 1251 1691 rediret,
1269 1660 1499 1693 quemadmodum
1513 1657 1622 1684 Micheze
1631 1656 1768 1690 quondam
1780 1655 1894 1682 Achab.

1097 1706 1161 1733 Post
1183 1705 1370 1740 egressionem
1394 1708 1483 1730 autent
1496 1704 1556 1738 ejus
1572 1703 1682 1737 quidam
1697 1709 1728 1728 ex
1749 1703 1808 1728 suis
1825 1709 1897 1728 con—

1098 1752 1165 1779 fessi
1190 1756 1255 1778 suut
1275 1751 1347 1786 quod
1373 1751 1533 1784 prmeeperit
1559 1748 1744 1776 divinationes
1770 1748 1830 1774 fieri
1863 1748 1897 1773 de.

1098 1799 1200 1833 impetu
1217 1798 1291 1829 belli,
1307 1796 1379 1831 quod
1395 1796 1446 1823 sibi
1458 1795 1628 1823 imminebat.
1646 1794 1706 1827 Quo
1717 1802 1779 1820 cum
1793 1793 1897 1820 Gothis

1099 1844 1166 1871 inito
1181 1849 1326 1878 superatus
1339 1843 1408 1878 fugit
1424 1843 1451 1869 in
1468 1841 1615 1876 quamdam
1631 1840 1840 1870 domttnculam,
1862 1841 1897 1867 ad

1099 1896 1180 1924 quam
1198 1897 1260 1915 cum
1276 1889 1383 1915 barbari
1400 1886 1724 1922 pervenissent,douuun
1740 1886 1899 1912 incenden-

1099 1939 1152 1968 tes,
1174 1935 1345 1969 ignorantes,
1361 1941 1457 1960 omnes
1474 1933 1519 1967 qui
1540 1933 1567 1959 in
1585 1933 1629 1959 illa
1646 1936 1727 1958 erant
1749 1939 1900 1959 cremave-

1100 1986 1173 2008 runt.
1189 1980 1273 2007 Aiunt
1286 1985 1377 2007 autent
1398 1979 1471 2014 quod
1488 1979 1599 2006 divinus
1612 1977 1739 2005 Ilisacius
1755 1978 1782 2004 in
1799 1985 1900 2004 carce-

1101 2034 1130 2054 re
1142 2026 1248 2054 foetoris
1261 2027 1414 2058 Valentem,
1425 2027 1490 2052 dum
1504 2030 1685 2056 cremaretur,
1699 2024 1790 2050 divina
1804 2025 1898 2058 gratia

1100 2077 1127 2100 et
1149 2073 1247 2099 anima:
1263 2072 1400 2099 munditia
1420 2069 1657 2106 deprehenderet,
1682 2070 1899 2104 pradixeritque

1102 2119 1340 2153 interemptiouem
1352 2118 1412 2151 ejus
1423 2118 1465 2144 Itis
1477 2117 1522 2151 qui
1538 2124 1632 2143 secum
1644 2121 1734 2148 erant,
1747 2120 1898 2150 antequam

1102 2165 1192 2192 nuntii
1207 2164 1382 2191 advenissent
1395 2163 1440 2198 qui
1458 2167 1534 2198 gesta
1554 2162 1639 2197 praelii
1654 2163 1821 2189 nuntiarent.
1835 2160 1899 2194 Quo

260 2209 288 2231 et
299 2203 391 2230 divina
407 2203 532 2231 doctrina
554 2203 684 2238 fulgebat,
703 2202 803 2230 multos
818 2203 928 2237 quidem
944 2211 1051 2231 seruto-
1067 2215 1090 2243 η
1104 2214 1245 2244 comperio
1263 2209 1412 2236 Gratianus
1428 2208 1571 2243 Αιιςιηιιιε
1587 2207 1774 2234 Theodosium
1800 2206 1900 2242 Aug..-

261 2257 310 2277 nes
326 2250 472 2283 asceticos,
491 2249 584 2284 plures
607 2253 698 2276 autem
718 2249 890 2284 dogmaticos
909 2257 943 2276 ex
958 2250 1051 2278 divino

262 2297 365 2331 Spiritu
383 2303 527 2324 emanans.
547 2295 677 2328 Quaedam
698 2299 788 2322 autem
811 2295 965 2323 studiorum
991 2296 1052 2330 ejus

260 2345 342 2370 etiam
359 2343 494 2370 cantanda
511 2342 587 2378 Syris
596 2341 718 2374 tradidit,
727 2349 774 2377 per
788 2342 874 2370 melos
889 2343 1051 2377 pertraheus

260 2390 444 2425 antiquiores.
458 2389 543 2416 Aiunt
558 2389 650 2423 itaque
671 2392 807 2416 trecentas
829 2396 891 2416 eum
911 2388 1051 2424 tnyriadas

263 2443 390 2462 wrsuutu
401 2434 529 2464 edidisse.
539 2441 600 2462 vere
616 2434 708 2461 divina
721 2434 854 2469 sapientia
864 2434 1052 2467 conditorum,

260 2483 290 2510 in
310 2482 411 2516 qnibtts
426 2481 550 2508 invenies
566 2480 725 2508 discendam
741 2480 793 2507 viri
806 2481 946 2508 virtutem.

299 2527 390 2554 Mundi
404 2534 476 2554 anno
487 2526 568 2557 5868,
581 2526 681 2553 divinis
692 2526 891 2553 incarnationis
905 2533 977 2552 anno
990 2525 1052 2556 .368,

262 2573 489 2602 Mrssaﬁaum‘um
521 2573 643 2606 haeresis,
677 2573 703 2600 id
730 2578 782 2604 est,
811 2572 997 2599 Eucltetarum
1027 2575 1054 2598 et

263 2620 517 2651 linthusiastarum,
531 2623 626 2646 exorta
639 2623 692 2646 est.
705 2618 737 2645 lli
756 2619 905 2654 psallentes
925 2617 1055 2645 incedunt

261 2670 292 2692 et.
308 2665 435 2692 manibus
452 2665 596 2700 plaudunt,
613 2671 674 2699 qua:
695 2664 765 2698 apud
783 2663 866 2690 David
877 2667 942 2691 sunt
962 2663 1055 2690 insen-

263 2715 325 2737 sate
349 2717 381 2736 ac
399 2710 528 2737 velociter
548 2710 726 2744 excipientes.
754 2708 842 2743 Hujus
868 2708 1056 2736 haaresiarchae

267 2755 372 2783 tladoes
398 2760 425 2783 et
449 2755 554 2783 Sabbas
577 2760 602 2782 et
620 2756 770 2791 Adelphitts
796 2755 1009 2786 cxstiterunt,el
1027 2759 1056 2781 ut

265 2803 378 2834 quidam
400 2803 477 2829 aiunt
495 2802 656 2830 Eustathius
678 2801 868 2833 Sebastenus;
889 2800 989 2835 quibus
1014 2807 1056 2827 re-

264 2849 360 2876 stitere
394 2849 500 2876 fortiter
526 2849 695 2883 Amphilochi
710 2857 730 2875 is
754 2847 920 2877 Iconiensis.
949 2846 1055 2873 Liloius

1106 2261 1178 2283 stunt
1205 2255 1295 2282 induit
1320 2259 1347 2282 et
1366 2255 1512 2289 appellavit
1530 2254 1736 2288 imperatorem.
1753 2257 1780 2279 et
1797 2259 1899 2279 contra

1103 2300 1207 2328 Gothos
1238 2301 1349 2327 direxit.
1365 2300 1470 2327 Gothos
1491 2305 1582 2327 autem
1598 2300 1682 2334 vulgo
1705 2298 1822 2334 Scythas
1842 2298 1899 2324 dici

1104 2347 1242 2381 'l‘rajauus
1258 2346 1392 2381 patricius
1406 2346 1530 2380 perhibet
1548 2346 1575 2372 in
1586 2345 1711 2372 historia.
1723 2345 1788 2371 Erat
1803 2348 1898 2370 autern

1104 2391 1277 2420 Theodosius
1289 2392 1461 2419 orthodoxus
1471 2392 1536 2418 etin
1554 2391 1632 2418 bellis
1648 2390 1794 2417 mirabilis.
1812 2389 1899 2415 Porro

1104 2437 1251 2464 Gratianus
1277 2441 1305 2464 et
1332 2437 1542 2464 Valentinianus
1571 2436 1630 2471 lege
1658 2436 1721 2462 data
1752 2435 1900 2469 episcopos

1104 2483 1203 2510 exsilio
1221 2488 1428 2513 revocaverunt,
1438 2484 1557 2510 Arianos
1567 2487 1657 2510 autem
1675 2481 1812 2517 persecuti
1823 2485 1898 2510 sunt.

1106 2528 1225 2555 Damaso
1241 2532 1411 2563 coOperautc
1427 2535 1496 2563 papa
1514 2529 1647 2555 Romano.

1142 2573 1235 2600 Mundi
1248 2581 1321 2600 anno
1331 2573 1411 2606 5874,
1422 2573 1523 2600 divinae
1533 2573 1734 2599 ineat-nationis
1746 2579 1820 2598 anno
1832 2572 1896 2602 576,

1106 2619 1282 2646 Theodosius
1308 2619 1437 2653 imperat,
1471 2619 1553 2654 cujus
1576 2619 1683 2653 imperii
1708 2619 1807 2653 quinto
1826 2626 1899 2645 anno

1109 2670 1205 2692 sancta
1225 2669 1252 2692 et
1275 2665 1441 2693 universalis
1471 2665 1595 2692 secunda
1614 2666 1738 2700 synodus
1761 2666 1898 2692 celebrata

1112 2715 1165 2741 est,
1180 2711 1223 2737 cui
1234 2710 1368 2745 prafucre
1377 2710 1758 2743 TimotheusAlexandrinus,
1776 2711 1898 2739 Heli-tius

1110 2757 1313 2788 Antiochenus,
1326 2756 1447 2791 Cyrillus
1463 2749 1730 2792 Hierosolymitmus
1744 2761 1774 2784 et
1788 2757 1897 2783 divinus

1107 2803 1257 2837 Gregorius
1273 2802 1608 2838 Constantinopolitanus.
1634 2803 1665 2830 Hi
1685 2812 1750 2831 vero
1765 2806 1812 2839 qui
1832 2812 1892 2829 mna

1109 2848 1268 2876 Macedonio
1286 2856 1397 2876 sensere
1412 2850 1526 2884 triginta
1545 2858 1591 2877 sex
1602 2851 1723 2885 episcopi
1735 2848 1869 2876 adhortati
1882 2854 1896 2874 a
