2035 3153
161 165 224 196 I221

550 162 730 192 HISTORIA
748 162 1034 194 ECCIESIASTICA
1047 164 1098 193 EX
1111 164 1351 195 THEOPHANE.

1726 165 1797 198 1222

156 220 289 248 Patribus
298 219 428 255 dogmata
441 219 548 246 Nicena
558 220 710 253 suscipere,
720 220 871 246 secundum
882 220 954 254 quod
968 223 993 252 Α
1008 221 1146 249 Praetctca
1162 230 1223 249 cum
1243 222 1392 258 imperator
1401 222 1514 249 Romam
1533 223 1663 255 venisset,
1675 224 1795 252 accessit

156 266 306 294 rtLiberio
322 265 549 300 rcpromitteutes
571 266 679 293 libellos
697 271 879 300 perrexerant
895 275 902 291 :
921 267 948 294 hi

155 314 203 348 qui
219 314 294 340 circa
322 312 463 339 Silvanum
476 317 555 340 erant
573 312 687 339 Romam
707 313 876 345 transmissi,
903 320 949 339 rc-

158 363 280 386 nuerunt
297 359 406 386 veritati
426 359 614 392 acquiescere,
641 362 668 384 et
681 363 857 386 recesserunt
875 359 950 386 risus

156 406 287 432 ominibus
302 404 378 438 facti,
392 405 443 431 alia
452 406 636 432 sentienteset
650 404 703 431 alia
715 405 887 439 pollicentes.
904 413 949 432 se-

155 453 282 479 ductorie
293 451 395 478 Liberii
412 452 543 486 epistolas
557 457 739 487 reportantes,
759 452 948 479 testimonium

155 497 208 524 sibi
228 498 406 533 perhibentes
423 498 604 525 orthodoxiae.
623 497 724 525 Sancta
743 504 809 525 vero
825 497 948 533 synodus

153 543 290 578 Gregorio
301 543 432 579 deiloquo
451 544 641 578 episcopatum
664 543 947 578 Constantinopoleos

155 588 308 621 roboravit,
319 593 346 616 et
358 590 432 617 hunc
443 590 559 617 invitum
574 591 599 617 in
614 582 715 616 throno
727 590 838 622 locavit,
852 594 947 626 utpote

156 635 273 662 multum
291 636 463 663 laborantem
485 641 511 663 et
525 637 621 663 urbem
640 644 654 663 a
677 636 790 663 laesione
805 637 947 664 habreseos

155 681 327 709 liberantem.
338 681 461 717 Cumque
472 681 617 709 didicisset
633 681 766 717 quosdam
780 690 812 709 ex
830 682 948 718 [Egypto

153 727 379 760 sapientissimus
389 732 417 754 et
426 727 602 755 beatissimus
614 728 666 756 iste
676 729 740 756 huic
754 730 793 757 rei
810 729 945 761 invidere,

152 773 351 806 compositorio
367 781 495 801 sermone
510 780 623 802 ostenso
640 779 739 809 sponte
756 784 770 802 ει
785 775 886 803 throno
902 783 947 802 re-

152 818 264 852 gnantis
290 819 366 846 urbis
383 820 537 852 abscessit;
568 827 624 854 quo
653 821 783 848 thronum
808 821 945 849 ret‘utante

151 863 310 892 Nectarium
331 865 480 900 imperator
496 871 523 893 et
535 866 658 901 synodus
674 867 809 902 provehit,
824 867 944 895 Tarsen-

152 917 209 936 sem
223 918 324 945 genere
339 915 366 938 et
378 911 508 946 praetorio
526 917 592 939 tunc
612 913 831 948 principantem;
848 914 895 946 qtti
909 914 943 940 Ii-

150 958 195 980 cet
214 955 337 982 nondum
349 956 505 990 baptizatus
522 961 608 989 esset,
633 958 781 992 religiosus
807 962 898 985 tamen
913 962 941 985 et

149 999 215 1026 vita:
241 1001 406 1029 venerabilis
420 1006 490 1030 erat.
516 1002 603 1030 Porro
627 1008 722 1031 sancta
739 1008 765 1031 et
775 1004 942 1032 universalis

150 1046 276 1080 synodus
307 1048 470 1075 homousion
497 1049 639 1081 firmavit,
666 1050 772 1077 addidit
796 1054 888 1077 autent
916 1055 944 1077 et

150 1090 277 1125 symbolo
287 1091 451 1128 theologiam
463 1093 582 1129 Spiritus
590 1096 689 1123 sancti.
702 1095 779 1123 Tunc
793 1096 942 1131 Gregorius

148 1137 279 1165 Nicmnus
292 1137 319 1164 in
338 1138 388 1166 hac
403 1143 431 1166 et
442 1139 568 1174 Pelagius
583 1141 769 1177 Eulogiusque
785 1141 941 1170 Edessenus

147 1187 177 1210 et
194 1183 347 1212 Iconiensis
364 1185 571 1220 Amphilochius
589 1189 773 1214 coruscabant
797 1196 860 1215 cum
877 1196 937 1215 ma-

148 1237 206 1264 gno
221 1229 355 1264 Gregorio
369 1235 397 1258 et
411 1231 479 1258 viris
498 1232 631 1266 praefatis.
644 1233 761 1267 Magnus
776 1240 868 1261 autem
885 1234 942 1261 Me-

150 1275 234 1302 letius
252 1276 451 1309 Antiochenus,
480 1282 627 1312 postquam
644 1279 766 1314 synodus
782 1285 824 1307 est
854 1281 941 1313 Iinita,

147 1321 282 1349 dormivit
302 1322 328 1349 in
349 1331 426 1357 pace.
445 1324 598 1351 Ordinatus
616 1331 708 1352 autem
726 1330 768 1352 est
793 1325 942 1354 Flavianus

149 1369 307 1396 Antiochus
323 1370 433 1403 praesul,
453 1371 560 1397 vivente
578 1373 697 1405 quodam
708 1371 833 1403 Paulino,
845 1380 943 1406 qnam-

150 1423 234 1449 quam
251 1415 321 1442 ident
331 1415 477 1444 Flavianus
489 1418 618 1452 praestitis
633 1417 784 1445 ﬁrmaverit
797 1418 942 1451 juramen-

150 1461 187 1488 tis
205 1468 344 1495 nunquam
366 1470 396 1489 se
412 1471 511 1491 manus
545 1464 748 1498 impositionem
764 1465 942 1498 episcopatus

152 1506 291 1534 ullatenus
307 1507 504 1536 admissurum.
519 1509 621 1537 Iterum
633 1517 698 1545 ergo
711 1511 831 1537 turbatio
848 1511 943 1539 Eccle-

146 1553 221 1581 siam
238 1554 380 1582 obtinebat
390 1556 602 1589 Antiochenam,
615 1557 675 1584 aliis
690 1557 799 1590 quidem
815 1557 941 1591 Paulino,

151 1599 212 1626 aliis
228 1606 295 1626 vero
315 1599 447 1627 Flaviano
469 1602 640 1635 parentibus.
664 1603 742 1637 Apud
768 1603 941 1630 I’ala‘stinam

152 1651 218 1671 vero
229 1645 256 1671 in
265 1645 381 1672 castello
392 1645 612 1674 Emmausnatus
630 1652 671 1674 est
698 1656 768 1682 puer
793 1649 941 1683 perfectus,

151 1692 186 1717 ab
211 1691 342 1718 umbilico
356 1695 383 1719 et
399 1699 511 1719 sursum
529 1692 647 1724 divisus,
664 1693 699 1720 ita
714 1699 742 1720 ut
758 1694 871 1722 haberet
887 1696 943 1722 duo

149 1741 264 1772 pectora
291 1742 320 1765 et
335 1738 391 1765 duo
406 1739 510 1773 capita,
526 1743 554 1766 et
583 1741 776 1775 unusquisque
788 1748 899 1774 sensus,
915 1746 943 1769 et

149 1791 223 1811 unus
243 1784 341 1812 edebat
359 1789 387 1812 et
404 1786 524 1819 bibebat,
536 1789 563 1813 et
577 1786 645 1813 alter
671 1794 725 1813 non
737 1787 853 1820 edebat;
870 1795 942 1815 unus

150 1829 315 1862 dormiebat,
339 1836 366 1858 et
388 1832 458 1858 alter
478 1831 617 1866 vigilabat.
642 1831 846 1864 Nonnunquam
876 1841 941 1861 vero

149 1880 177 1903 et
191 1876 275 1903 simul
288 1877 420 1904 ludebant
435 1877 469 1905 ad
487 1879 662 1911 alterutrum,
678 1884 704 1905 et
716 1879 796 1906 ﬂebat
813 1883 938 1914 uterque,

150 1927 177 1949 et
191 1924 383 1957 percutiebaut
396 1925 524 1952 invicem.
539 1924 626 1952 Porro
649 1926 741 1953 vixere
758 1925 839 1952 annis
856 1925 942 1953 ferme

149 1968 269 2001 duobus,
290 1975 317 1997 et
346 1978 418 1998 unus
434 1971 547 2005 quidem
562 1976 690 1998 mortuus
717 1975 769 2004 est,
792 1972 861 1998 alter
876 1979 942 1999 vero

149 2017 218 2044 vixit
227 2017 325 2045 diebus
338 2023 467 2053 quatuor,
481 2023 508 2046 et
523 2023 647 2046 tnortuus
664 2023 706 2047 est
732 2024 759 2046 et
772 2019 840 2054 ipse.
852 2019 941 2047 Theo-

149 2063 246 2091 dosius
274 2069 366 2091 autem
389 2064 536 2091 undecimo
563 2065 670 2100 imperii
696 2066 737 2093 sui
764 2074 837 2093 anno
867 2066 941 2093 venit

149 2117 213 2136 eum
227 2109 348 2137 Honorio
362 2110 417 2138 ﬁlio
437 2119 487 2138 suo
502 2110 630 2144 Romam,
646 2117 674 2139 et
690 2113 790 2140 locavit
810 2122 872 2140 etim
889 2114 940 2140 im-

151 2162 303 2190 peratorem
323 2156 350 2183 in
367 2165 409 2184 ea.

187 2202 279 2230 Mundi
296 2210 368 2229 anno
381 2203 461 2233 5890,
471 2204 570 2231 divina:
581 2204 780 2232 incarnationis
792 2213 864 2231 anno
875 2205 939 2238 590,

1003 268 1036 293 ad
1053 275 1115 294 eum
1128 268 1277 302 episcopus
1292 267 1409 295 consilio
1427 267 1578 295 Innocentii
1591 268 1708 295 Romani
1726 276 1794 304 pon-

1002 313 1094 346 tiﬁcis,
1111 319 1207 341 contra
1224 314 1382 341 Flavianum
1399 314 1560 349 episuopum
1578 315 1794 343 Autlnchenum.

1001 358 1152 394 Imperator
1167 364 1309 393 autem,en
1321 368 1381 395 qtne
1393 359 1426 386 ad
1444 368 1538 393 pacem
1553 364 1616 388 sunt
1627 360 1790 392 admonens,

1001 411 1049 431 eos
1086 406 1172 431 univit
1203 411 1262 440 post
1282 405 1375 433 decem
1406 410 1432 432 et
1450 411 1554 441 septem
1581 407 1793 441 aunos,jubens

1000 451 1160 485 episcopum
1176 451 1210 478 de
1225 451 1336 479 Oriente
1353 453 1466 479 ltomam
1484 453 1586 484 venire,
1606 460 1669 480 eum
1688 461 1742 488 quo
1766 457 1793 480 et

1000 496 1145 525 Beroensis
1161 497 1280 525 Aeacius
1292 498 1395 526 missus
1406 503 1460 526 est.

1035 543 1129 570 Mundi
1157 551 1229 571 anno
1247 544 1329 577 5890,
1360 545 1461 572 divinze
1491 545 1695 572 incarnationis
1719 552 1792 572 anno

998 589 1064 624 590,
1081 591 1216 618 Arcadius
1241 600 1303 619 ctnn
1321 591 1443 619 Honorio
1458 592 1586 626 imperat.
1614 593 1695 627 cujus
1713 597 1792 620 sexto

1000 637 1189 672 imperiianno
1207 637 1350 666 Nectarius
1373 639 1500 665 moritur.
1517 638 1686 672 Theophilus
1701 643 1791 665 autem

998 684 1145 719 cpiscopus
1156 686 1361 712 Alexandrinus
1372 692 1434 712 eum
1448 687 1566 717 adesset,
1580 684 1697 711 Joannis
1706 685 1793 719 Chry-

998 732 1112 758 sostomi
1130 733 1276 766 prohibere
1303 731 1447 766 satagebat
1462 731 1636 762 electionem,
1655 729 1790 757 Isidorum

997 778 1142 812 quemdam
1159 778 1348 813 presbyterum
1363 786 1455 809 suum,
1472 778 1523 812 'qui
1538 777 1589 803 sibi
1615 777 1792 803 ministrave-

997 830 1049 855 rat,
1075 824 1187 859 dignmn
1212 824 1373 858 episcopatu
1409 823 1492 856 regite
1519 823 1597 850 urbis
1627 823 1790 849 testiﬁcans.

998 870 1149 905 Imperator
1174 875 1266 898 autem
1283 876 1309 898 et
1339 875 1396 897 tota
1419 870 1516 896 civitas
1536 869 1669 896 Joannem
1688 869 1721 895 ah
1738 869 1792 895 An-

963 912 983 938 Β
999 917 1099 943 tioehia
1129 917 1162 943 ad
1180 916 1205 944 id
1222 917 1257 944 ab
1274 917 1334 951 ipso
1362 920 1488 943 vocatum
1511 915 1668 942 consecrari
1693 916 1789 942 γυῐιιῐι.

972 978 976 981 -
1000 963 1063 990 Iit-at
1079 963 1151 990 cnim
1166 962 1287 990 Joannes
1304 971 1336 990 ex
1353 962 1518 990 clarissimis
1547 961 1788 992 Antiochensium,

999 1014 1076 1043 patre
1092 1008 1218 1035 Secundo
1231 1013 1258 1035 et
1274 1009 1400 1035 Anthusa
1418 1011 1504 1034 matre
1525 1007 1643 1041 genitus.
1662 1006 1711 1032 llic
1727 1013 1789 1032 cum

998 1060 1070 1082 esset
1085 1055 1286 1082 disertissimus
1302 1061 1335 1081 ex
1347 1054 1438 1080 divina
1454 1053 1572 1079 maxime
1588 1051 1688 1087 gratia,
1706 1051 1788 1077 etiam

999 1102 1144 1129 acerrimis
1162 1101 1304 1136 gentilium
1327 1100 1459 1135 sophistis
1473 1099 1606 1126 mirabilis
1623 1098 1790 1128 habebatur;

998 1148 1071 1175 unde
1087 1147 1217 1174 Libanius
1240 1148 1313 1174 circa
1331 1151 1446 1173 mortem
1461 1146 1650 1179 interrogatus
1672 1151 1686 1170 a
1704 1144 1790 1170 disci-

997 1191 1069 1225 pulis
1099 1191 1225 1225 quisnam
1244 1190 1429 1217 eruditionem
1457 1194 1518 1224 post
1543 1196 1604 1216 eum
1623 1189 1789 1223 susciperet,

998 1236 1198 1269 aitzloannes,
1225 1237 1278 1263 nisi
1303 1237 1371 1263 hunc
1397 1234 1546 1262 Christiani
1565 1243 1580 1261 a
1596 1234 1671 1262 nobis
1705 1234 1791 1268 furati

996 1283 1120 1316 fuissent.
1139 1282 1268 1310 Eruditus
1296 1290 1414 1316 namque
1438 1286 1481 1309 est
1505 1281 1659 1316 Scripturis
1689 1281 1790 1308 divinis

995 1328 1208 1363 Chrysostomus
1228 1328 1299 1363 apud
1316 1328 1470 1355 Carterium
1492 1328 1638 1362 quemdam
1661 1327 1786 1354 abbatem

996 1374 1139 1409 cujusdam
1155 1374 1327 1406 monasterii,
1343 1374 1475 1409 eneycliis
1492 1381 1557 1400 vero
1578 1381 1662 1408 penes
1674 1373 1730 1407 jam
1746 1374 1789 1400 di-

996 1425 1070 1447 ctum
1086 1420 1241 1447 Libanium.
1263 1420 1477 1447 Macedonianus
1505 1423 1595 1446 autem
1612 1419 1723 1453 quidam
1741 1427 1789 1454 per

997 1467 1078 1502 huius
1088 1467 1240 1494 doctrinam
1249 1467 1366 1494 accessit
1377 1467 1409 1493 ad
1420 1466 1584 1497 Ecclesiam,
1594 1466 1639 1500 qui
1650 1466 1787 1500 propriam

996 1520 1109 1541 uxorem
1131 1513 1256 1540 hortatus
1271 1517 1300 1540 ιιι
1320 1516 1530 1540 converteretur
1546 1516 1572 1539 et
1598 1512 1789 1539 communica-

997 1565 1049 1593 ret,
1062 1560 1105 1588 vix
1125 1560 1292 1596 persuadere
1308 1560 1450 1595 praevaluit
1468 1568 1474 1586 :
1492 1558 1538 1586 illa
1553 1567 1616 1586 vero
1632 1560 1700 1586 dans
1712 1566 1789 1585 com-

996 1607 1153 1633 lntlnionent
1167 1606 1273 1633 ancilla:
1291 1614 1356 1638 sum,
1372 1613 1433 1641 qua:
1450 1610 1510 1633 erat
1524 1613 1557 1632 ex
1574 1604 1787 1636 Macedonianis,

992 1652 1076 1686 jussit
1091 1652 1192 1679 habere
1209 1659 1316 1679 secum.
1333 1651 1458 1686 Cumque
1473 1651 1638 1678 accessisset
1656 1651 1687 1677 ad
1701 1651 1788 1685 Chry-

995 1705 1160 1730 sostomum,
1176 1703 1304 1733 suscepta
1318 1706 1350 1724 ex
1375 1698 1479 1726 sanctis
1493 1697 1621 1724 manibus
1639 1696 1698 1730 ejus
1712 1704 1788 1723 com—

995 1745 1137 1776 munione,
1165 1745 1237 1772 hanc
1259 1753 1287 1771 se
1303 1744 1410 1778 fingens
1426 1751 1535 1771 sumere
1556 1747 1696 1778 postremo
1722 1750 1787 1777 por-

995 1792 1066 1818 rexit
1083 1791 1200 1821 ancillae,
1218 1795 1245 1817 et
1258 1794 1398 1824 acceptam
1424 1789 1686 1815 Macetlonianorum
1713 1795 1787 1814 com—

994 1837 1152 1864 munionetn
1171 1836 1204 1863 ad
1215 1843 1247 1863 os
1264 1834 1353 1866 aITert,
1367 1840 1393 1862 et
1416 1835 1520 1862 invenit
1535 1841 1595 1861 eam
1612 1833 1729 1868 lapidem
1748 1832 1788 1859 fa-

994 1887 1078 1910 ctam.
1094 1881 1164 1909 Tum
1186 1882 1315 1909 deterrita
1333 1885 1358 1908 et
1375 1880 1536 1908 tremefacta
1556 1880 1671 1914 pedibus
1689 1879 1786 1906 incur-

993 1933 1074 1955 vatur
1087 1926 1212 1959 Joannis,
1239 1927 1422 1954 temeritatem
1440 1926 1574 1953 confitens
1594 1931 1621 1953 et
1639 1925 1786 1952 sinceriter

994 1974 1026 2000 ad
1042 1973 1193 2001 Ecclesiam
1214 1973 1332 2000 rediens.
1354 1972 1441 2000 Porro
1461 1973 1531 2007 lapis
1552 1972 1689 2007 repositus
1700 1977 1741 1999 est
1758 1972 1784 1998 in

992 2027 1121 2048 vasorum
1136 2020 1305 2047 custodiario
1320 2019 1512 2046 reservandus.
1527 2017 1579 2046 Per
1594 2018 1664 2046 idem
1677 2024 1785 2052 tempus

992 2066 1139 2098 Arsenius,
1153 2066 1199 2101 qui
1217 2073 1332 2100 magnus
1348 2066 1381 2092 ad
1398 2066 1528 2092 sa‘eulum
1542 2065 1642 2096 fuerat,
1662 2068 1785 2090 contem-

992 2113 1046 2148 ptis
1059 2113 1189 2140 omnibus
1201 2112 1321 2139 divinam
1334 2111 1535 2147 philosophiam
1552 2111 1622 2146 apud
1636 2110 1783 2145 Egyptum

992 2160 1163 2192 sectabatur,
1181 2160 1236 2186 vita
1252 2162 1279 2186 et
1294 2159 1379 2186 verbo
1393 2161 1474 2193 atque
1488 2157 1630 2184 miraculis
1647 2158 1674 2184 in
1688 2158 1785 2184 ordine

993 2207 1148 2234 monastico
1162 2206 1281 2241 fulgens.

151 2248 296 2276 Nectarius
313 2248 639 2285 Constantinopolitanus
658 2251 805 2286 episcopus
821 2253 938 2288 presby-
951 2253 978 2283 D
1027 2252 1120 2280 Mundi
1136 2259 1208 2280 anno
1223 2251 1304 2284 5896,
1321 2251 1420 2278 divina:
1432 2251 1630 2278 incarnationis
1639 2258 1711 2278 anno
1721 2250 1784 2282 396,

149 2301 237 2322 terum
256 2295 405 2330 prohibuit,
421 2296 468 2331 qui
491 2301 550 2323 erat
565 2304 648 2332 super
674 2298 865 2332 paenitentiam
881 2298 938 2335 (II)

147 2342 326 2375 constitutus,
339 2347 448 2376 propter
464 2346 607 2377 peceatum
626 2344 698 2379 quod
716 2351 731 2371 a
743 2345 862 2379 quodam
879 2346 938 2373 dia-

147 2396 217 2417 cono
242 2388 344 2416 factum
371 2389 462 2416 fuerat
492 2389 520 2416 in
537 2390 654 2417 ecclesia
673 2391 700 2416 in
713 2391 856 2418 mulierem
878 2399 939 2426 quae

147 2436 264 2463 vacabat
285 2435 337 2462 sub
355 2435 514 2470 paenitentia
528 2444 536 2462 :
549 2436 619 2470 apud
641 2435 754 2462 Romam
783 2445 858 2470 vero,
871 2441 897 2464 et
910 2438 937 2465 in

147 2486 206 2509 toto
223 2481 372 2509 Occidente
381 2481 525 2516 diligenter
536 2485 717 2508 conservatur
730 2489 816 2514 usque
829 2482 854 2507 in
869 2489 939 2515 pra:-

148 2535 223 2558 sens,
240 2532 267 2555 et
278 2528 356 2555 locus
371 2526 570 2562 paenitentibus
583 2530 754 2560 segregatur.
767 2525 939 2554 Theodosius

148 2577 240 2601 autem
269 2574 356 2608 legem
376 2573 499 2608 scripsit,
528 2572 669 2600 mulierem
699 2573 727 2599 in
753 2573 936 2601 diaconissam

149 2627 203 2646 non
226 2619 452 2655 promovendam,
474 2619 526 2647 nisi
562 2619 703 2654 sexaginta
737 2619 938 2652 transcenderit

148 2671 246 2698 annos,
259 2666 408 2693 secundum
420 2665 596 2700 Apostolum.
606 2665 711 2692 Interea
721 2664 842 2692 Joannes
853 2666 937 2701 (Zhry-

149 2717 301 2743 sostomus.
321 2713 463 2748 presbyter
481 2712 618 2739 exsisteus
636 2711 836 2742 Antiochenus,
854 2712 938 2738 mira-

150 2757 218 2785 biles
236 2766 377 2786 sermones
394 2758 426 2785 ad
439 2758 682 2785 commonitionem
697 2765 791 2784 eorum
808 2758 854 2792 qui
870 2765 937 2784 cott-

149 2807 190 2830 tra
203 2805 359 2840 imperiales
373 2810 479 2833 statuas
492 2812 573 2839 agere
588 2808 822 2840 praesumpserant
839 2803 937 2832 edidit.

992 2297 1113 2325 Joannes
1132 2297 1350 2333 Chrysostomus
1368 2296 1464 2323 multis
1485 2295 1512 2321 in
1527 2295 1582 2321 vita
1600 2300 1626 2322 et
1641 2296 1726 2322 verbo
1744 2296 1786 2322 di-

992 2343 1120 2377 vinisque
1135 2341 1353 2368 eharismatibus
1367 2339 1526 2374 splendens,
1546 2344 1572 2367 et
1589 2340 1661 2366 circa
1674 2338 1783 2366 omncu't

991 2389 1119 2415 virtutem
1138 2387 1280 2414 districtus
1298 2386 1445 2418 exsistens,
1458 2386 1622 2420 diligebatur
1639 2393 1652 2411 a
1670 2387 1783 2421 populo.

992 2433 1038 2467 qui
1057 2432 1243 2459 aediﬁcabatur
1266 2431 1345 2458 valde
1368 2431 1503 2458 doctrinis
1518 2431 1589 2466 ejus.
1609 2430 1640 2458 Hi
1655 2439 1719 2458 vero
1736 2433 1783 2467 qni

993 2478 1134 2504 luxuriose
1151 2477 1278 2503 vivebant
1295 2484 1325 2504 se
1339 2477 1500 2504 avertebant
1514 2477 1548 2504 ab
1563 2477 1621 2508 illo,
1636 2477 1682 2511 qui
1712 2483 1740 2504 et
1755 2479 1782 2504 in

992 2523 1076 2555 bello,
1089 2522 1161 2558 quod
1175 2523 1308 2550 adversus
1321 2530 1382 2549 eum
1397 2528 1504 2558 gestum
1515 2527 1568 2555 est,
1581 2524 1685 2557 operati
1701 2527 1781 2556 sunt;

993 2569 1063 2596 inter
1078 2576 1138 2604 qua:
1156 2569 1297 2603 contigere
1312 2576 1373 2603 quae
1389 2569 1463 2595 circa
1497 2568 1660 2604 Eutropium
1693 2577 1783 2596 eunu-

993 2615 1074 2643 chum
1100 2620 1176 2650 gesta
1193 2619 1268 2648 sunt,
1285 2615 1351 2650 quin
1369 2619 1396 2642 et
1412 2615 1552 2642 contentio
1569 2614 1713 2642 Severiani
1730 2614 1783 2642 Ga-

994 2662 1115 2690 balensis
1122 2668 1216 2689 contra
1226 2662 1404 2697 Serapionem
1416 2661 1640 2688 archidiaconum
1656 2660 1782 2692 Joannis,

992 2715 1020 2736 et
1037 2709 1101 2736 illud
1115 2709 1186 2744 quod
1205 2713 1294 2736 actum
1315 2713 1358 2736 est
1377 2709 1410 2736 de
1424 2708 1537 2743 Longis,
1560 2709 1606 2743 qui
1624 2716 1655 2735 ex
1665 2707 1784 2743 {Egypto

994 2755 1120 2790 fugerant
1138 2759 1249 2789 propter
1274 2754 1476 2789 Theophilum;
1493 2762 1599 2782 necnon
1619 2760 1646 2782 et
1662 2754 1728 2781 illud
1749 2754 1785 2781 de

994 2802 1094 2829 litteris
1110 2800 1254 2837 Theophili
1272 2801 1304 2829 ad
1320 2801 1515 2836 Epiphanium.
1530 2800 1568 2828 Ex
1584 2801 1684 2836 quibus
1695 2799 1785 2828 omni;

910 2859 1024 2888 NOTAE.

183 2909 239 2945 (Η)
251 2909 334 2944 Super
347 2910 436 2945 paruit.
454 2909 521 2937 IIisl.
537 2909 656 2944 Tripart.
676 2916 712 2941 ix,
729 2908 773 2935 35.
786 2907 866 2934 Fann.
