2035 3153
227 145 294 179 1'22}

739 148 939 180 ANASTASII
972 145 1283 178 BIBLIOTHECARII

1794 144 1864 176 1224

225 205 277 232 bus
297 203 417 232 famulus
436 204 480 232 dei
497 204 618 232 Joannes
632 204 742 234 insidiis
769 206 960 241 appetebatur.
972 205 1018 232 iu-
1034 209 1054 236 Λ
1072 204 1139 239 perii
1155 203 1197 230 sui
1225 210 1297 230 anno
1312 209 1382 230 mort
1410 206 1544 233 cerneret,
1562 200 1660 228 videns
1675 199 1863 228 Theodosium

222 254 300 278 terea
329 250 500 284 Epiphanius
525 251 644 286 Cyprius
673 251 787 280 veniens
808 254 836 279 in
863 252 1016 279 Ebdomum

226 297 450 323 consecratiorcs
469 301 496 323 et
513 304 633 331 syttaxt‘s
648 300 747 331 pra-ter
757 295 874 324 Joannis
889 298 1016 324 volunta-

225 346 278 367 tettt
296 340 371 368 fecit.
393 341 492 368 Verum
511 343 567 369 haec
583 341 690 369 Joanne
705 343 740 369 ob
755 343 877 369 divinam
894 343 1016 370 citat-ila,

221 391 278 412 tem
296 386 521 421 pztt‘vipcndente,
539 395 592 414 non
604 391 646 414 est
662 387 797 422 placatus,
816 388 1017 414 criminationi-

225 431 275 458 btts
286 430 428 466 Theophili
441 437 539 458 eontra
556 433 665 459 beatum
677 431 809 459 Joannem
822 433 900 459 factis
913 440 1017 467 praeoc-

224 482 350 512 ςιψθιυκ.
373 478 505 511 Sequenti
534 486 599 505 vero
624 486 697 505 anno
719 478 840 506 Joannes
860 486 1014 506 sermonem

224 528 317 550 contra
335 525 421 551 tttalas
433 524 563 552 mulieres
579 524 655 557 fecit,
670 533 725 559 qtto
742 525 834 551 vesani
853 529 879 551 et
892 524 1015 551 veritatis

224 569 327 596 inimici
347 569 498 596 littdoxiam
527 570 717 603 irr'tlaverunt,
733 570 856 597 dicentes
882 571 1015 598 adversus

223 623 282 641 eam
311 615 434 642 habitum
453 615 538 643 fuisse
555 623 720 643 sermonem.
745 617 779 643 At
794 617 840 644 illa
864 617 960 643 dicens
980 616 1014 643 ad

223 661 370 687 Arcadium
386 662 492 688 atrocia
520 669 549 688 se
565 670 578 688 a
602 661 708 688 Joanne
725 661 811 689 fuisse
842 670 1013 697 perpessam,

223 707 278 741 egit
307 711 335 732 ut
354 706 523 741 Theophilus
541 707 735 740 accersiretur,
760 707 824 742 quia
852 706 1014 735 manifestus

222 756 282 778 erat
297 751 426 778 inimicus
441 750 576 785 Joannis;
597 753 643 786 qui
662 753 796 779 accedens
812 759 906 779 contra
927 751 1014 779 Joan-

223 805 284 824 nem
301 797 448 824 insidiatus
467 802 520 830 est,
545 802 572 825 et
597 802 663 825 tuttc
680 799 772 826 emisit
799 799 832 825 ab
855 798 931 825 urbe.
953 798 1013 831 Quo

221 849 362 878 comperto
386 844 505 879 populus
533 851 662 879 magnam
680 844 810 872 excitavit
837 845 1011 875 seditionem,

220 897 277 916 tton
293 889 441 924 indulgens
456 889 662 925 pelli_Joanncnt
676 891 764 922 ;inter
774 895 877 925 quoset
892 891 1012 917 Eudoxia

223 936 425 971 plorationibus
447 937 535 971 plebis
549 937 681 963 inclinata
699 935 972 972 rogavitArcadium,
986 940 1013 963 et

218 983 307 1010 misso
320 982 436 1010 Crisotte
447 982 575 1010 eunucho
587 990 602 1009 a
617 981 736 1010 Preneto
746 981 878 1010 Joannem
891 982 1011 1014 reduxit,

221 1028 267 1062 qui
292 1028 430 1062 publicam
447 1029 583 1063 synodu‘m
607 1028 722 1055 introire
737 1028 848 1054 minime
872 1035 969 1062 passus
985 1028 1011 1054 in

221 1075 344 1108 proastio
357 1074 527 1101 morabatur.
540 1074 661 1108 Populus
672 1078 762 1101 autem
775 1072 808 1100 ad
821 1073 1010 1107 imperatorem

221 1119 387 1147 vociferatus
396 1119 530 1147 Joannem
542 1120 645 1147 intrare
654 1119 716 1147 etin
733 1119 833 1147 throno
846 1120 935 1146 locare
950 1126 1013 1146 coc-

220 1165 314 1200 git,ita
324 1165 636 1201 utTheopltilus,etqui
651 1173 713 1192 eum
725 1165 772 1192 illo
785 1169 875 1197 erant,
890 1169 1013 1192 metuen-

222 1216 262 1238 tes
279 1211 312 1238 de
327 1212 438 1238 civitate
461 1212 597 1247 fugerent.
624 1211 702 1239 Tune
731 1212 873 1246 sexaginta
891 1211 1010 1246 episropi

221 1257 419 1285 convenientes
435 1257 512 1284 irrita
524 1257 618 1284 omnia
628 1265 688 1291 quae
700 1265 715 1283 a
727 1257 878 1292 Theophilo
885 1261 914 1284 et
928 1256 1011 1283 sociis

220 1306 315 1328 contra
334 1301 457 1329 divinum
468 1301 602 1330 Joannem
622 1307 683 1330 acta
701 1301 811 1329 fuerant
830 1301 892 1336 jure
905 1301 1011 1328 consti-

221 1352 342 1375 tuerunt.
366 1348 454 1375 Porro
471 1349 596 1384 sequenti
617 1356 690 1376 anno
710 1349 871 1384 imperatrix
889 1347 1011 1374 Eudoxia

220 1399 298 1422 suam
328 1399 485 1429 argenteam
510 1399 631 1422 statuam
661 1394 766 1422 faciens
783 1394 880 1421 statuit
906 1393 1012 1420 inloco

219 1439 266 1474 qui
281 1445 459 1474 nuncupatur
473 1439 590 1467 Pittacia
605 1460 613 1474 ,
638 1440 717 1476 juxta
741 1444 865 1468 sanctam
893 1439 1009 1467 Irenem.

221 1485 304 1513 llrbis
328 1491 420 1514 autem
445 1486 592 1521 prmfeetus
607 1495 669 1514 cum
691 1489 764 1514 esset
783 1486 963 1516 Manichzus,
985 1489 1012 1512 et

219 1540 281 1566 qua:
297 1540 466 1567 paganorum
481 1536 546 1561 sunt
559 1537 680 1567 saperet,
697 1532 812 1567 plausus
828 1537 855 1559 et
870 1531 972 1558 cltoros
983 1535 1010 1558 et

220 1577 382 1604 saltationes
410 1577 554 1605 celebrans
568 1578 762 1612 tumultusque
783 1577 888 1604 faciens
902 1575 1009 1604 contri-

220 1622 312 1649 stabat
331 1622 499 1657 pontiﬁcem,
525 1629 580 1650 non
599 1622 764 1658 permittens
779 1630 841 1650 eum
857 1622 948 1657 quiete
968 1621 1010 1648 di-

222 1669 282 1695 tina
299 1668 387 1695 ofﬁcia
399 1668 540 1696 celebrare
559 1675 650 1703 :szepe
667 1675 786 1702 namque
797 1667 926 1695 turbabat
937 1665 1006 1702 psal-

220 1714 319 1741 letttcs.
340 1712 440 1741 Verum
457 1713 577 1742 Joannes
593 1714 666 1741 ltunc
682 1713 774 1741 verbis
791 1713 946 1748 mitigabat.
961 1712 1007 1739 ille

220 1766 286 1785 vero
311 1757 462 1785 Eudoxiant
488 1763 586 1786 contra
601 1758 735 1786 Joannem
761 1758 902 1791 excitavit,
930 1757 1010 1793 quasi

219 1809 316 1831 contra
334 1806 466 1832 honorem
487 1808 585 1832 statuae
603 1804 664 1840 ejus
682 1809 799 1839 gereret.
816 1804 888 1840 Ergo
915 1808 1010 1831 contra

218 1849 352 1877 Ιυιιηηελ)
385 1851 484 1877 iterum
504 1851 610 1884 odium,
636 1851 736 1878 iterum
764 1850 816 1878 ira.
842 1850 904 1885 Ipse
918 1855 1009 1878 autem

220 1905 374 1924 sermonem
389 1897 487 1929 edidit,
508 1899 588 1932 cujus
608 1898 717 1925 initium
732 1901 776 1926 est
789 1907 796 1925 :
810 1897 912 1925 Iterum
925 1897 1011 1925 Hero-

218 1944 279 1971 dias
290 1945 374 1972 sa'm't.
391 1943 469 1971 Tuttc
484 1944 629 1972 inimicitia
646 1948 837 1972 consummata
853 1943 1010 1979 imperatri--

218 1990 259 2017 eis
274 1990 407 2018 adversus
422 1999 484 2018 eum
501 1996 637 2018 commota
647 1996 701 2024 est,
716 1997 742 2018 et
757 1991 856 2019 iterum
873 1991 1011 2026 depositio

218 2043 245 2065 et
261 2038 402 2065 exsilium.
428 2037 549 2073 Populus
580 2041 671 2064 autem
700 2037 845 2064 ecclesiam
876 2037 1008 2070 incendit,

219 2085 354 2118 multique
379 2091 429 2118 pro
443 2083 547 2110 Joanne
562 2083 710 2118 periclitati
734 2087 817 2116 sunt;
834 2083 881 2118 qui
913 2083 1010 2118 pulsus

219 2131 254 2157 ab
269 2131 338 2157 urbe
356 2130 384 2156 in
401 2130 530 2156 exsilium
544 2129 646 2156 missus
662 2133 717 2160 est,
733 2129 781 2156 ubi
797 2134 824 2156 et
849 2129 875 2155 in
892 2129 1007 2157 Domino

218 2176 298 2203 obiit.
325 2175 376 2208 Qui
400 2182 463 2201 cum
487 2179 561 2202 esset
582 2175 609 2202 in
633 2175 743 2208 exsilio,
768 2179 948 2203 consecratus
967 2179 1009 2202 est

1066 250 1204 285 jttuioretn
1218 249 1362 283 parvulum
1375 255 1447 280 esse,
1463 253 1490 275 et
1509 247 1692 275 considerans
1705 254 1740 273 tte
1754 255 1767 273 a
1789 254 1862 282 quo-

1069 304 1150 330 quam
1168 295 1276 321 insidiis
1294 298 1479 329 appeteretur,
1495 293 1567 320 hunc
1587 293 1782 327 imperatorem
1813 301 1862 327 ap-

1069 341 1189 376 pellarit,
1214 345 1242 367 et
1257 342 1282 368 ei
1312 346 1473 367 curatorem
1502 347 1550 373 per
1582 343 1778 366 testamentum
1799 339 1861 366 fore

1068 387 1165 414 statuit
1178 386 1368 420 llisdigerdent
1388 386 1535 413 Persarum
1557 392 1659 419 regem.
1679 383 1862 420 llisdigerdcs

1068 437 1159 459 autem
1176 433 1285 459 Arcadii
1307 435 1474 459 testamento
1490 434 1631 464 suscepto,
1659 437 1783 465 paceque
1800 430 1862 457 sine

1064 479 1170 506 invidia
1184 487 1250 513 erga
1267 478 1406 505 Romanos
1429 485 1513 508 usus,
1534 475 1693 504 Theodosio
1713 476 1862 510 imperium

1067 526 1251 557 con5ervavit,
1282 529 1309 552 et
1338 525 1504 553 Antiochum
1532 524 1680 558 quemdam
1706 523 1861 550 mirabilem

1067 578 1150 607 atque
1162 572 1353 599 rationabilem
1369 572 1458 598 viruttt
1472 570 1497 597 ei
1515 574 1634 596 tutorem
1644 573 1671 597 et
1682 569 1861 604 paedagogum

1067 618 1189 648 mittens,
1203 617 1259 643 lucc
1271 616 1395 643 Romano
1411 615 1519 642 senatui
1531 614 1648 641 scribit:
1666 613 1783 639 Arradio
1797 612 1862 640 dor-

1065 664 1161 691 miente
1187 671 1278 698 meque
1298 666 1447 689 curatorem
1463 661 1515 696 ﬁlii
1535 661 1592 695 ejus
1608 661 1795 692 constituettte,
1813 660 1859 694 qui

1065 711 1186 745 suppleat
1204 709 1290 736 locum
1309 717 1395 735 meum
1413 708 1512 735 direxi.
1530 706 1572 734 Ne
1589 707 1648 741 quis
1668 714 1730 740 ergo
1744 707 1858 733 insidias

1065 764 1146 791 puero
1171 760 1290 786 conetur.
1307 763 1339 782 ne
1358 754 1480 788 praelium
1501 753 1669 780 intolerabile
1694 758 1790 779 contra
1804 751 1858 779 Ro-

1065 811 1158 829 manos
1169 805 1342 828 commoveat.
1355 800 1512 828 Antiochus
1529 806 1595 827 vero
1613 806 1676 826 cum
1691 798 1859 832 imperatore

1066 851 1188 875 venerat.
1201 847 1241 873 Ab
1255 846 1377 873 Honorio
1392 851 1482 873 autem
1499 849 1599 880 patruo
1607 851 1658 872 suo
1670 848 1698 871 et
1712 843 1858 871 Pulcheria

1066 901 1162 921 sorore
1177 901 1227 920 sua
1239 892 1412 920 Theodosius
1423 891 1512 927 perite
1526 891 1554 918 in
1571 891 1615 918 itis
1634 899 1695 925 qua:
1717 890 1858 917 Christia-

1066 946 1164 966 norum
1179 943 1243 966 suttt
1255 937 1446 970 erudiebatur,
1461 941 1489 964 et
1503 941 1563 964 erat
1576 944 1626 971 pax
1638 936 1708 963 inter
1717 935 1859 963 Romanos

1066 988 1093 1011 et
1112 983 1221 1015 Persas,
1237 983 1375 1010 Antiocho
1389 983 1508 1009 maxime
1519 989 1570 1016 pro
1585 981 1754 1010 Christianis
1769 982 1857 1007 multa

1066 1029 1219 1061 scribente;
1235 1029 1330 1064 sicque
1342 1028 1455 1056 dilatata
1466 1032 1507 1055 est
1521 1029 1548 1055 in
1562 1027 1674 1055 Perside
1688 1026 1857 1054 Christiani-

1067 1080 1109 1103 tas
1120 1075 1188 1110 (‘12),
1208 1075 1332 1102 Marutba
1344 1074 1475 1110 episcopo
1490 1074 1692 1107 Mesopotamia
1704 1073 1854 1100 mediante.

1099 1121 1194 1149 Mundi
1206 1129 1278 1148 antto
1291 1121 1374 1153 5901,
1385 1121 1484 1148 divina:
1495 1119 1696 1148 incarnationis
1707 1127 1780 1147 anno
1790 1120 1855 1152 601,

1064 1167 1234 1195 Theodosius
1249 1169 1343 1202 junior
1370 1168 1504 1202 imperat;
1535 1167 1616 1202 cujus
1646 1168 1752 1202 imperii
1781 1175 1856 1195 anno

1064 1215 1185 1242 secundo
1218 1215 1328 1242 Atticus
1356 1214 1504 1249 episcopus
1527 1213 1855 1248 Constantinopolitanus

1063 1260 1186 1289 Judzrum
1214 1261 1360 1295 quemdam
1377 1261 1559 1296 paralytiettm
1588 1267 1719 1291 monens,
1733 1259 1856 1287 suadens

1063 1312 1145 1343 atque
1159 1308 1303 1342 baptizans
1318 1314 1417 1335 sanum
1435 1314 1470 1334 ex
1485 1307 1595 1333 lavacro
1609 1305 1704 1333 eduxit
1719 1314 1728 1332 :
1752 1313 1856 1332 scettn~

1062 1353 1127 1380 dum
1139 1353 1221 1380 Deum
1244 1353 1317 1380 enim
1334 1352 1438 1380 dicitur
1453 1351 1540 1379 fuisse
1555 1355 1711 1385 provectus.
1729 1351 1854 1385 Septimo

1063 1399 1171 1434 imperii
1185 1398 1332 1426 Theodosii
1346 1405 1430 1431 anno,
1443 1397 1563 1425 obeuntc
1574 1396 1726 1432 Theopltilo
1737 1397 1855 1424 Alexan-

1062 1445 1154 1476 drino,
1168 1444 1288 1480 Cyrillus
1300 1444 1483 1472 consobrinus
1497 1443 1557 1478 ejus
1574 1451 1624 1478 pro
1635 1443 1695 1478 ipso
1706 1444 1854 1478 episcopus

1062 1492 1207 1520 ordinatus
1223 1495 1275 1519 est.
1294 1490 1373 1518 Tttnc
1389 1495 1415 1518 et
1433 1489 1588 1525 Hesychius
1602 1490 1745 1525 presbyter
1758 1489 1853 1517 Hiero«

1035 1551 1045 1580 χ
1062 1538 1244 1573 solymitanus
1256 1537 1392 1564 doctrinis
1401 1537 1530 1564 efﬂoruit.

1096 1582 1189 1610 Mundi
1201 1589 1274 1610 anno
1289 1581 1370 1613 5912.
1381 1582 1482 1609 divinat
1494 1581 1695 1609 incarnationis
1707 1588 1779 1609 anno
1787 1581 1853 1613 ΗΞ,

1061 1626 1234 1656 Theodosius
1261 1627 1396 1662 imperat;
1409 1627 1490 1662 cujus
1503 1626 1610 1655 decimo
1628 1627 1725 1662 quinto
1746 1626 1853 1660 imperii

1060 1682 1134 1701 anno
1147 1673 1285 1701 Honorius
1301 1674 1431 1706 moritur,
1444 1677 1472 1701 et
1484 1672 1606 1701 Joannes
1623 1673 1735 1708 quidatn
1753 1680 1788 1700 ex
1799 1673 1854 1700 im-

1060 1721 1211 1756 perialibus
1227 1720 1466 1755 subscriptoribus
1479 1721 1572 1748 Roma:
1584 1721 1730 1756 imperium
1742 1719 1854 1754 arripit,

1061 1767 1283 1802 legationemque
1296 1767 1328 1794 ad
1343 1766 1530 1794 Theodosium
1545 1767 1637 1799 ntittit,
1653 1766 1679 1793 in
1702 1766 1853 1801 imperato-

1060 1822 1116 1841 rem
1132 1814 1237 1849 suscipi
1249 1813 1413 1848 deprecans.
1431 1813 1465 1840 At
1479 1821 1544 1841 vero
1560 1812 1734 1840 Theodosius
1754 1812 1852 1847 legatis

1061 1859 1088 1886 in
1099 1866 1238 1887 carcerem
1269 1859 1356 1887 trusis
1383 1858 1572 1886 Ardaburium
1610 1862 1752 1893 strategon
1767 1857 1854 1884 mittit

1060 1905 1195 1933 adversus
1223 1912 1306 1939 eum;
1333 1913 1414 1940 quem
1445 1910 1580 1941 tyrannus
1596 1905 1668 1938 apud
1693 1903 1853 1931 Ravennam

1060 1958 1206 1986 aggressus
1232 1950 1356 1978 inclusit.
1373 1950 1434 1983 Quo
1449 1949 1622 1978 Theodosius
1637 1950 1748 1984 cognito
1762 1948 1851 1983 Aspa-

1060 2005 1118 2024 rem
1136 1996 1219 2031 httjus
1237 1996 1322 2024 illium
1339 1997 1422 2024 ntittit
1451 1997 1586 2024 adversus
1607 2003 1680 2024 eutn.
1698 1995 1768 2022 Tum
1796 1994 1854 2022 Deo

1061 2041 1187 2068 antabilis
1210 2041 1386 2076 imperatoris
1409 2041 1536 2069 oratione
1550 2041 1663 2074 angelus
1681 2040 1807 2071 Domini,
1824 2040 1852 2067 in

1060 2086 1154 2114 habitu
1173 2086 1293 2122 pastoris
1308 2093 1456 2121 apparens,
1469 2086 1585 2114 deduxit
1601 2086 1733 2121 Asparem
1752 2090 1779 2113 et
1804 2093 1855 2114 eos

1060 2132 1106 2166 qui
1117 2139 1179 2159 cum
1192 2132 1237 2159 illo
1252 2136 1343 2164 erant,
1353 2136 1380 2159 et
1395 2132 1528 2159 duciteos
1542 2139 1589 2166 per
1602 2132 1727 2166 paludem
1738 2132 1854 2163 inviam,

1059 2177 1266 2213 quzejl'iavennaa
1279 2177 1398 2212 adjacct,
1411 2185 1493 2212 quam
1505 2177 1576 2205 Deus
1586 2177 1709 2212 perviam
1720 2182 1853 2212 operatus

219 2222 349 2250 Arsacius
378 2222 462 2248 frater
477 2220 608 2253 Nectarii,
630 2221 676 2256 qui
692 2225 756 2250 ante
780 2221 1007 2257 Cltrysostomum
1024 2222 1046 2249 D
1061 2227 1113 2254 est,
1128 2223 1359 2258 quemadmodum
1370 2223 1555 2250 lsraolitarum
1568 2227 1708 2257 tempore;
1723 2227 1750 2250 et
1760 2226 1854 2249 trans-

219 2269 365 2303 episcopus
387 2267 464 2295 urbis
487 2267 568 2303 regia:
594 2267 693 2295 fuerat.
718 2267 1006 2302 lnnocentiusiautem

219 2316 361 2343 Romanus
377 2323 430 2342 tton
445 2313 796 2348 communicavitejectioni
813 2312 938 2346 Joannis,
960 2313 1007 2340 sed

219 2370 267 2397 per
281 2362 386 2389 litteras
398 2361 502 2388 clerum
510 2360 671 2388 consolatus
685 2364 727 2387 est
742 2360 875 2393 civitatis,
886 2365 913 2388 et
924 2367 1007 2395 super

217 2408 422 2435 temeritatibus
452 2407 660 2442 indignabatur.
687 2407 857 2442 Epiphanius
878 2414 942 2434 vero
973 2405 1006 2432 ad

217 2455 336 2490 Cyprum
356 2453 506 2489 navigavit,
525 2453 578 2480 Deo
596 2453 725 2480 nimirum
744 2453 934 2487 migrationem
946 2451 1006 2487 cjus

218 2500 432 2534 pra-nuntiante.
450 2499 534 2525 Aiunt
553 2502 644 2525 autem
665 2497 737 2532 quod
765 2502 793 2524 et
806 2497 905 2524 Joantti
925 2497 1005 2524 finem

218 2547 244 2573 itt
276 2546 375 2574 exsilio
406 2545 632 2580 pra-nuntiaverit
651 2544 811 2576 aﬂ'uturum,
830 2544 958 2572 similiter
978 2549 1006 2571 et

216 2591 336 2619 Joannes
348 2585 500 2625 Epiphanio
512 2589 669 2624 praedixerit
684 2596 765 2623 quant
779 2589 805 2615 itt
821 2587 882 2615 navi
895 2588 1008 2623 pertulit

217 2644 342 2665 tnortcnt.
360 2636 462 2663 Eodem
479 2643 552 2663 antto
575 2639 682 2663 ntortua
699 2639 741 2663 est
761 2639 788 2662 et
804 2634 939 2662 Eudoxia.
956 2635 1007 2660 Ar-

217 2684 313 2711 cadius
330 2686 420 2710 autem
433 2691 496 2709 cum
513 2690 542 2709 sc
558 2681 695 2716 completo
708 2681 815 2708 decimo
832 2684 932 2715 quarto
955 2681 1006 2707 int-

1063 2273 1188 2297 meantes
1203 2276 1253 2304 per
1279 2269 1395 2302 aridam,
1409 2269 1512 2304 apertis
1527 2268 1615 2303 portis
1624 2268 1744 2297 civitatis
1755 2269 1854 2296 inven-

1063 2315 1110 2347 tis,
1141 2319 1290 2350 tyrattntttu
1316 2315 1427 2350 quidem
1453 2314 1636 2345 occiderunt.
1663 2314 1853 2342 Ardaburium

1062 2365 1153 2388 autem
1169 2368 1183 2387 a
1197 2361 1316 2388 vinculis
1329 2361 1515 2388 absolverunt.
1527 2360 1658 2395 Sequenti
1671 2366 1764 2388 autem
1779 2368 1855 2388 anno

1062 2407 1204 2434 Marutltas
1218 2407 1366 2442 episcopus
1383 2406 1586 2442 Mesopotamiae
1601 2407 1687 2434 ﬁlium
1704 2408 1776 2442 regis
1789 2406 1854 2434 Pcr-

1061 2461 1155 2481 sarum
1188 2453 1360 2488 llisdigerdis
1380 2461 1396 2480 ει
1423 2453 1561 2480 dietttonio
1577 2457 1705 2480 vexatum
1731 2454 1854 2480 sanavit.

1061 2497 1167 2525 Interea
1191 2497 1365 2534 Theodosius
1392 2498 1544 2533 imperator
1570 2499 1656 2525 multa
1679 2498 1855 2534 benignitate

1061 2546 1164 2576 tnotus,
1185 2543 1251 2569 licet
1276 2532 1374 2569 Persas
1402 2532 1593 2577 potentissime
1606 2543 1713 2576 vicerit,
1734 2532 1854 2577 parcens

1060 2593 1152 2617 tamen
1168 2588 1334 2616 Christianis
1348 2588 1394 2624 qui
1411 2589 1571 2617 habitabant
1583 2590 1610 2616 in
1620 2589 1745 2620 Perside,
1756 2597 1852 2624 pacem

1061 2635 1256 2670 amplectitur;
1273 2635 1351 2669 cujus
1368 2635 1407 2662 rei
1423 2636 1511 2671 gratia
1531 2636 1614 2663 mittit
1630 2635 1778 2670 legatarios
1797 2636 1853 2670 (15)

1061 2682 1208 2711 Ilelconem
1237 2683 1405 2719 patricium,
1435 2691 1517 2718 quem
1548 2684 1628 2712 valde
1656 2684 1852 2711 honorandum

979 2749 1097 2778 NOTAE.

254 2799 310 2834 (12)
326 2799 528 2827 Christianitat.
546 2798 630 2826 Vetus
648 2798 882 2834 interpresicpist.
902 2798 934 2825 ad
949 2798 1006 2825 Ma-

218 2842 295 2869 gnes.
303 2832 364 2869 qua:
372 2839 467 2862 saneto
476 2834 579 2869 lgttatio
585 2832 733 2861 ascribitttr
743 2842 751 2859 :
762 2842 771 2858 ι
783 2832 920 2869 Noneuim
928 2834 1007 2861 Citri-

218 2867 346 2897 stianitas
360 2870 386 2896 in
401 2867 571 2897 Judaismum
589 2869 713 2902 credidit,
737 2869 783 2896 sed
803 2867 962 2897 Judaismus
978 2869 1005 2895 in

1060 2798 1309 2826 Christianitatcm.
1329 2808 1338 2824 ›
1359 2798 1441 2826 Ftnn.

1098 2834 1153 2868 (i5)
1175 2834 1340 2869 Legatarios.
1361 2833 1532 2861 Flotioardus
1547 2832 1615 2861 llist.
1630 2833 1706 2861 Eccl.
1724 2833 1802 2861 Rem.
1823 2834 1850 2866 ί.

1061 2869 1097 2896 ‘25
1113 2877 1119 2896 :
1140 2879 1148 2895 ε
1160 2870 1323 2904 ιιρεηιιιπὶιιε
1340 2870 1424 2897 animi
1441 2870 1502 2897 fcile
1516 2874 1680 2897 commotus.
1694 2878 1704 2895 ι
1722 2869 1760 2895 In.
