2035 3153
150 134 221 170 1225

561 130 746 161 HISTORIA
758 127 1049 159 ECCLESIASTICA
1063 127 1116 158 EX
1131 126 1373 158 THEOPHANE.

1714 125 1724 158 1
1730 125 1783 157 226

149 191 281 224 ducebat,
297 195 323 218 et
345 188 499 216 Anatolium
515 187 638 215 Orientis
657 186 804 220 stratigon.
823 184 940 212 Varara-
953 184 1059 215 Avero
1087 182 1233 211 Nestorius
1252 183 1327 218 quod
1357 181 1521 217 patriarcha:
1541 181 1633 209 taliter
1656 181 1784 209 ecclesiis

151 246 199 265 nes
211 241 302 264 autem
315 236 406 264 sciens
421 235 628 270 superationcm
647 240 724 260 suam
737 231 855 266 suscipit
866 231 940 265 lega-

150 286 266 317 tionem,
285 290 313 310 ct
325 283 377 310 ista
393 281 549 317 persecutio
562 279 681 308 cessavit
689 286 750 313 quae
767 278 793 304 in
807 277 941 304 Christia-

151 338 202 357 nos
231 328 397 364 agitabatur.
426 327 562 354 Caeterum
591 325 765 352 Theodosius
791 324 942 358 imperator

149 372 412 402 communicatrices
425 372 529 398 habens
542 369 699 405 hymnodiae
718 368 845 404 proprias
860 374 940 395 soro-

150 428 206 453 res,
227 426 288 455 qute
304 418 488 454 virginitatem
505 421 562 444 tota
580 417 634 443 vita
648 416 842 447 sectabantur,
855 422 942 449 super

150 465 341 501 hujuscemodi
367 463 509 492 beneﬁciis
529 463 584 491 Deo
601 463 705 498 gratias
733 469 817 497 agens
833 461 943 497 hymnis

152 512 226 539 hunc
236 512 351 538 laudare
365 510 474 546 penitus
484 517 538 537 non
549 509 686 536 cessabat.
698 508 839 536 Sisinnitts
849 511 941 534 autem

152 557 478 592 Constantinopolitanus
493 556 639 591 cpiscopus
652 555 779 582 Proelum
795 556 942 581 consecrat

152 604 312 640 episcopum
329 603 437 638 Cyzici;
457 610 538 636 quem
557 601 686 637 Cyziceni
704 608 758 628 non
787 599 943 633 suscipien—

153 656 206 683 tes,
235 649 402 676 monachum
423 646 569 682 quemdam
594 652 696 682 praeter
721 649 813 672 votum
827 643 944 671 Sisinnii

152 696 317 724 Dalmatium
328 693 432 721 dictum
448 691 747 721 consecrant.Proclus
763 695 853 718 autem
881 697 944 725 pro-

153 742 240 777 priam
257 740 403 768 ecclesiam
420 746 474 766 non
488 739 593 766 habens
608 736 852 771 Constantinopoli
878 737 944 762 hor-

154 791 212 813 tatu
229 785 342 813 Sisinnii
360 784 496 812 doctrinis
515 784 654 818 pollebat;
668 783 715 818 qui
730 782 855 816 ejusdem
867 781 944 808 urbis

154 840 210 860 non
223 832 310 859 multo
326 835 388 867 post
405 830 551 858 ordinatur
575 829 705 856 antistes.
732 827 864 863 Sequenti
880 834 944 854 vero

153 886 227 906 anno
241 877 385 913 Philippus
399 877 543 912 presbyter
558 875 630 903 Sida:
654 874 839 902 Christianam
858 873 945 901 histo-

155 927 223 953 riam
237 925 264 952 in
279 924 388 959 triginta
403 932 449 951 sex
471 924 555 951 libros
569 922 726 957 descripsit.

191 971 284 998 Mundi
313 977 385 997 anno
411 970 491 1001 5925,
516 969 616 996 divinm
643 967 843 995 incarnationis
874 974 947 995 anno

154 1018 219 1051 ηδ,
237 1017 360 1044 Sisinnio
383 1016 514 1044 defuncto
530 1015 675 1043 Nestorius
690 1013 949 1048 Constantinopoli-

155 1066 238 1090 tanus
253 1062 282 1089 ﬁt
299 1061 457 1096 episcopus.
473 1059 535 1087 Mox
561 1067 626 1087 vero
639 1059 770 1086 thronum
786 1057 948 1085 conscendit

155 1115 274 1144 nequam
299 1108 366 1135 ﬁdes
383 1107 455 1142 ejus,
485 1110 513 1134 et
535 1114 685 1142 perversus
711 1107 738 1133 in
769 1103 947 1140 dogmatibus

155 1162 257 1183 sensus
277 1153 485 1181 ostendebatur.
513 1152 665 1179 Ilouteliam
697 1151 800 1187 quippe
828 1151 861 1178 de
896 1151 948 1179 ﬁde

156 1201 281 1236 protulit,
309 1199 431 1235 syncello
451 1206 504 1226 suo
533 1198 696 1234 praecipiens
710 1201 739 1225 ut
762 1198 834 1225 hanc
853 1205 947 1225 coram

156 1246 273 1273 ecclesia
305 1244 479 1279 praedicaret,
499 1243 642 1270 habentem
656 1242 692 1269 ita
708 1251 715 1269 :
731 1241 780 1269 Dei
791 1241 948 1269 Genitricem

157 1291 275 1318 Mariam
291 1295 362 1318 vocet
378 1298 452 1317 nemo
468 1296 478 1316 .'
494 1288 584 1315 Maria
607 1288 677 1315 enim
692 1287 769 1315 homo
791 1292 859 1321 erat,
875 1291 899 1314 et
915 1287 948 1314 ab

157 1338 262 1365 homine
288 1336 375 1363 Deum
391 1336 464 1371 gigni
491 1333 655 1369 impossibile
669 1338 718 1361 est.
748 1333 824 1361 Hanc
852 1341 947 1361 vocem

156 1383 275 1417 primum
295 1382 471 1416 reprehendit
487 1380 621 1407 Eusebius
635 1379 747 1414 qttidatn
764 1379 948 1407 scholasticus

157 1428 341 1463 imperatricis
356 1426 655 1460 Constantinopoleos;
667 1425 740 1453 unde
752 1425 831 1452 mttlti
843 1425 950 1460 Byzan-

159 1475 262 1501 tiorum
276 1473 378 1501 turbati
399 1476 474 1500 sunt.
503 1471 648 1499 Nestorius
666 1475 757 1498 autent
774 1470 887 1498 verbum
901 1470 948 1497 ﬁr-

159 1527 235 1546 mare
257 1518 405 1551 festinans,
433 1525 526 1545 vocem
557 1525 611 1553 qua
638 1517 686 1544 Dei
703 1517 829 1544 Genitrix
846 1516 948 1544 dicitur

158 1565 249 1600 ejccit,
266 1572 364 1600 pttrum
381 1564 519 1591 hominem
538 1562 634 1590 dicens
649 1562 806 1590 Dominum.
825 1563 948 1596 Quadam

157 1618 224 1638 vero
254 1610 396 1638 Dominica
417 1609 473 1641 die,
496 1609 662 1644 praesidente
690 1609 829 1641 Nestorio,
852 1609 948 1644 jussus

158 1657 275 1684 Proclus
290 1656 406 1684 recitare
417 1655 563 1683 homeliam
577 1654 646 1682 dixit
661 1655 687 1682 in
703 1653 749 1681 Dei
768 1654 947 1687 Genitricem,

158 1703 240 1738 cujus
267 1703 378 1730 initium
402 1706 473 1729 est:
500 1701 646 1737 Virginalis
674 1701 831 1728 solemnitas
860 1700 949 1733 hodie,

160 1748 267 1775 fratres.
278 1748 355 1775 Tunc
365 1747 476 1774 odihilis
492 1745 581 1773 factus
594 1750 635 1773 est
652 1745 723 1780 apud
734 1753 831 1773 omnes
847 1745 949 1780 impius

160 1792 304 1821 Nestorius
317 1796 430 1828 propter
446 1792 559 1828 typhum
571 1795 598 1819 et
614 1791 713 1819 malam
732 1791 824 1818 ﬁdem.
845 1791 948 1819 Eodem

159 1848 225 1867 vero
239 1847 312 1867 anno
326 1840 448 1867 terribile
464 1838 627 1866 miraculum
652 1843 810 1867 sanctorum
840 1843 945 1874 septem

159 1893 308 1921 puerorum
330 1885 429 1922 Ephesi
462 1885 562 1913 factum
583 1890 636 1918 est,
672 1885 883 1921 resurgentibus
908 1886 948 1914 eis

160 1936 223 1967 post
241 1932 289 1960 I81
307 1940 405 1960 annos.
420 1931 506 1960 Porro
519 1932 639 1968 Cyrillus
657 1931 862 1960 Alexandrinus
875 1932 949 1967 cpis-

160 1986 247 2014 copus
259 1979 408 2014 compertis
420 1978 540 2007 Nestorii
554 1978 732 2013 blasphemiis
746 1978 843 2006 scribit
855 1978 890 2011 ei,
905 1985 950 2006 ro-

160 2033 229 2062 gans
245 2029 271 2053 et
284 2034 398 2054 tnoncns
416 2030 445 2053 ut
457 2026 612 2053 discederet
625 2033 639 2052 a
659 2026 797 2060 perversis
812 2025 950 2060 dogmati-

159 2074 212 2101 bus
225 2074 282 2101 suis
292 2071 429 2108 ﬁdemque
440 2077 543 2100 rectam
555 2073 719 2106 susciperet.
732 2072 767 2099 At
779 2079 844 2100 vero
851 2071 950 2100 Nesto-

161 2120 220 2146 ritts
233 2119 256 2147 ei
272 2127 287 2147 e
302 2123 400 2146 contra
411 2119 486 2146 misit
499 2118 615 2152 injurias
628 2122 655 2146 ct
665 2118 863 2153 blasphemias.
873 2119 950 2146 Tunc

161 2164 281 2200 Cyrillus
298 2164 394 2211 scribit
407 2163 556 2191 Caelestino
575 2171 653 2211 papae
672 2164 796 2191 Romano
827 2171 888 2199 quae
902 2163 951 2192 Ne«
967 2184 989 2211 Β

162 2210 267 2237 storius
300 2209 480 2244 prmdicaret;
514 2213 541 2236 et
575 2209 775 2245 blasphemias,
806 2217 868 2245 quae
897 2210 949 2237 sibi

162 2255 273 2289 sct'iptze
292 2254 401 2282 fuerant
413 2263 428 2281 a
440 2255 578 2287 Nestorio,
594 2255 619 2283 ei
634 2256 795 2284 manifestas
814 2256 949 2284 exhibuit.

163 2301 241 2328 Tunc
256 2301 424 2328 Coclestinus
440 2301 537 2329 scribit
554 2301 691 2334 Ncslorio,
702 2302 835 2330 deﬁniens
855 2303 879 2330 ei
894 2303 952 2330 die-

163 2355 223 2374 rttm
240 2346 333 2374 decem
352 2346 479 2375 inducias
491 2347 616 2375 cessandi
633 2355 648 2374 a
664 2347 834 2382 blasphemia
849 2351 876 2375 et
892 2355 950 2382 pte-

163 2393 267 2421 nitendi
288 2402 294 2420 :
311 2392 384 2428 quod
404 2393 426 2420 si
441 2393 619 2428 perdurasset
640 2393 667 2420 in
698 2400 782 2427 prava
810 2393 950 2427 opinione,

161 2437 308 2465 sacerdotii
326 2438 543 2465 eommunicator
560 2437 677 2465 ulterius
704 2445 767 2465 esse
793 2438 950 2466 desisteret.

162 2483 294 2512 Scribunt
305 2488 397 2512 autem
413 2484 538 2511 similiter
551 2482 718 2511 Caelestinus
731 2489 814 2519 atque
830 2484 952 2520 Cyrillus

161 2529 338 2557 Antiocheno
356 2534 383 2558 et
401 2529 652 2565 Hierosolymitano
669 2530 890 2566 archiepiscopis
917 2530 951 2558 de

162 2575 289 2604 Nestorio
301 2580 328 2604 et
345 2576 441 2603 haeresi
456 2576 526 2611 ejus.
543 2574 664 2604 Joannes
683 2582 774 2604 atttem
786 2577 885 2604 scribit
897 2576 951 2605 Ne-

160 2621 247 2649 storio
258 2622 328 2649 dans
343 2621 490 2649 consilium
509 2620 654 2649 recedendi
669 2621 826 2654 ab-hteresi,
843 2623 908 2658 quin
923 2627 948 2650 et

161 2669 195 2695 ad
211 2668 373 2695 memoriam
385 2667 491 2696 ducens
505 2667 572 2695 illud
582 2668 706 2703 Apostoli
720 2668 855 2696 dicentis:
871 2667 949 2696 Misit

164 2713 233 2743 Deus
250 2714 351 2742 Filium
366 2723 443 2743 suum
460 2715 560 2749 factum
587 2723 620 2743 ea:
636 2716 757 2743 muliere.
773 2716 949 2752 Cognoscens

993 229 1166 257 conturbatis
1183 229 1265 257 silere
1280 229 1392 256 minime
1410 232 1573 263 paterentur
1584 249 1592 261 ,
1626 228 1716 256 suasit
1732 227 1784 254 im-

993 275 1114 310 peratori
1123 276 1232 302 mittere
1239 274 1341 310 Cyrillo
1351 280 1459 301 sacram
1471 273 1646 308 stigmatibus
1657 273 1783 308 plenam;

994 331 1075 358 quem
1089 326 1190 357 putans
1200 329 1234 349 ex
1246 321 1290 348 his
1305 327 1482 355 compescere
1494 319 1582 355 magis
1600 320 1697 347 erexit.
1712 319 1783 347 Sur-

994 377 1061 404 gens
1075 369 1147 396 enim
1163 368 1261 395 scribit
1272 367 1432 403 imperatori
1450 372 1478 394 et
1491 367 1635 394 sororibus
1654 368 1713 394 suis
1728 371 1784 394 tam

994 415 1028 442 de
1054 419 1128 441 recta
1151 413 1204 440 ﬁde
1221 421 1303 448 qualn
1322 413 1356 441 de
1373 413 1487 441 sinistra
1506 412 1637 447 opinione
1652 411 1784 445 Nestorii,

995 461 1117 489 simulet
1138 461 1281 495 postulans
1309 460 1495 487 universalem
1516 460 1575 487 ﬁeri
1596 460 1731 495 synodum
1751 460 1785 487 ad

994 507 1207 534 examinandum
1219 506 1352 534 canonice
1363 506 1396 533 de
1413 505 1551 550 D‘Iestorio.
1565 505 1646 533 Tttne
1666 505 1787 540 impera-

995 556 1038 579 tor
1050 551 1221 580 Theodosius
1235 552 1332 580 scribit
1341 552 1470 580 omnibus
1480 552 1618 587 episcopis
1632 556 1663 579 nt
1676 553 1784 587 absque

996 596 1050 625 ulla
1066 598 1200 625 dilatione
1215 602 1278 633 post
1307 599 1412 625 Pascha
1433 598 1571 633 Ephesum
1593 599 1786 631 convenirent,

995 643 1130 671 deﬁniens
1145 645 1211 680 quia
1229 645 1333 672 nullam
1355 645 1427 679 apud
1441 644 1525 672 Deum
1536 649 1565 672 et
1580 645 1654 679 apud
1671 653 1720 673 nos
1739 654 1789 673 cx-

996 690 1150 718 cusationis
1168 691 1304 717 rationem
1321 690 1446 723 habebit,
1463 690 1510 725 qui
1538 691 1580 718 die
1599 697 1701 719 sanctae
1719 692 1789 719 l’en-

996 738 1116 762 tecostes
1129 735 1157 762 in
1169 736 1288 762 concilio
1302 736 1432 762 inventus
1442 743 1498 762 non
1514 735 1595 763 fuerit
1614 736 1684 771 apud
1699 736 1789 772 Ephe.

996 787 1069 807 sum.
1095 780 1262 809 leestinus
1288 786 1377 809 antetn
1405 781 1546 809 Romanus
1569 783 1666 810 scribit
1685 783 1788 819 Cyrillo

996 826 1182 854 Alexandrino
1195 827 1286 854 locum
1302 835 1382 855 suum
1397 829 1424 855 in
1440 828 1558 856 concilio
1575 830 1721 857 retinendi.
1736 830 1790 857 Ita-

996 880 1051 907 que
1066 873 1200 901 vicesimo
1218 875 1316 908 quinto
1334 874 1442 908 imperii
1455 873 1603 901 Theodosii
1616 882 1690 902 anno
1715 876 1789 911 apud

997 917 1135 953 Ephesum
1152 919 1309 946 celebratur
1324 919 1405 946 tertia
1424 925 1521 947 sancta
1544 920 1678 955 synodus.
1694 922 1790 949 Omni-

996 963 1049 991 bus
1059 972 1127 992 sane
1141 964 1313 993 antistitibus
1331 966 1573 999 convenientibus,
1590 965 1713 995 Joannes
1735 968 1790 995 An-

998 1008 1145 1037 tiochentts
1167 1015 1194 1037 et
1213 1010 1368 1038 Orientales
1385 1011 1413 1038 in
1431 1010 1502 1038 dicta
1526 1011 1581 1044 die,
1606 1016 1634 1039 et
1650 1020 1712 1047 quas
1727 1017 1790 1042 ante

999 1059 1103 1082 statuta
1115 1055 1216 1089 fuerat,
1229 1056 1342 1083 minimc
1356 1061 1570 1084 concurrerunt.
1582 1057 1669 1085 Porro
1683 1058 1791 1087 decima

1000 1105 1077 1128 sexta
1093 1101 1137 1129 die
1156 1106 1217 1137 post
1240 1103 1420 1137 praeﬁnitam,
1441 1102 1550 1131 Joanne
1577 1111 1633 1132 non
1648 1105 1785 1140 veniente,

999 1150 1121 1183 pervenit
1135 1147 1282 1176 Nestorius
1295 1157 1357 1177 cum
1378 1150 1463 1177 tnulta
1480 1151 1624 1185 jactantia,
1642 1152 1791 1180 vicesima-

1000 1201 1054 1230 que
1064 1194 1167 1222 mensis
1178 1194 1252 1222 Junii
1264 1195 1308 1222 die
1319 1196 1456 1223 celebrata
1474 1200 1516 1223 est
1538 1197 1671 1233 synodus,
1693 1197 1792 1226 Nesto-

999 1241 1052 1274 rio,
1063 1239 1166 1276 Cyrillo
1178 1240 1338 1268 etJuvenali
1353 1241 1576 1277 praesidentibus.
1588 1242 1674 1271 Porro
1687 1243 1791 1280 Cyrillo

999 1286 1116 1314 Romani
1132 1287 1269 1321 pontiﬁcis
1283 1287 1358 1315 vices
1369 1293 1466 1323 agente
1479 1292 1505 1315 et
1519 1293 1617 1316 cuncta
1640 1289 1792 1326 theologica

1000 1333 1168 1368 disputante,
1193 1334 1261 1361 dicit
1287 1333 1431 1362 Nestorius
1448 1343 1511 1362 cum
1531 1336 1617 1363 multa
1631 1336 1764 1371 jactantia
1783 1348 1790 1365 :

1001 1378 1058 1414 Ego
1072 1380 1146 1406 illum
1162 1381 1207 1414 qui
1228 1381 1378 1407 bimenstris
1396 1386 1419 1408 et
1434 1381 1594 1409 trimenstris
1623 1382 1711 1416 factus
1739 1389 1790 1415 est,

1000 1433 1134 1460 nunquam
1149 1426 1233 1453 Deum
1250 1427 1451 1459 nominat-crint,
1468 1432 1493 1454 et
1524 1427 1582 1454 ideo
1598 1428 1711 1455 mundus
1731 1437 1790 1456 sunt

1001 1479 1017 1497 a
1041 1472 1169 1506 sanguine
1192 1478 1287 1504 vestro,
1308 1479 1331 1500 et
1348 1481 1380 1500 ea;
1400 1473 1448 1500 hoc
1462 1474 1496 1500 ad
1512 1482 1557 1501 vos
1578 1474 1732 1503 nullatenus
1750 1484 1790 1503 re-

1000 1517 1121 1552 psdabo;
1137 1522 1164 1545 et
1182 1519 1224 1546 his
1242 1519 1324 1546 dictis
1352 1525 1414 1545 eum
1431 1527 1480 1547 sex
1506 1519 1657 1555 epiSCOpis,
1672 1521 1718 1556 qui
1742 1529 1791 1549 vo-

1001 1563 1119 1590 luntarie
1139 1564 1226 1591 secuti
1249 1568 1315 1591 sunt
1333 1571 1407 1597 eum,
1431 1565 1508 1592 abiit.
1525 1565 1545 1592 Ii
1561 1573 1626 1593 vero
1639 1567 1687 1601 qui
1715 1567 1792 1594 circa

1000 1609 1132 1644 Cyrillum
1147 1614 1226 1637 crant
1245 1615 1357 1645 postera
1380 1611 1425 1639 die
1452 1611 1660 1646 convenientes,
1691 1613 1792 1641 misere

1001 1659 1057 1683 tres
1070 1656 1215 1692 episcopos
1229 1665 1330 1685 vocare
1345 1658 1433 1691 illum,
1455 1663 1483 1685 et
1500 1666 1555 1685 non
1567 1659 1717 1687 obaudivit.
1729 1660 1791 1689 Pari

1001 1701 1084 1729 modo
1100 1703 1224 1730 secundo
1244 1707 1272 1731 ct
1292 1704 1375 1731 tertio
1388 1708 1415 1731 et
1428 1709 1526 1738 quarto
1539 1711 1553 1730 a
1568 1704 1673 1740 synodo
1687 1712 1791 1734 convo-

1002 1753 1080 1777 catus
1099 1757 1154 1777 non
1171 1750 1246 1778 venit
1265 1760 1272 1778 :
1292 1751 1340 1779 sed
1359 1755 1386 1778 et
1411 1751 1472 1779 illos
1499 1752 1544 1786 qui
1576 1751 1655 1779 missi
1682 1752 1792 1780 fuerant

1001 1794 1111 1829 injuriis
1133 1795 1195 1822 fecit
1212 1799 1239 1822 ct
1262 1796 1436 1824 eontuntcliis
1461 1796 1541 1824 allici.
1570 1796 1649 1824 Tunc
1671 1797 1792 1833 synodus

1002 1840 1114 1874 injuriis
1134 1844 1161 1868 et
1172 1841 1323 1876 ignominia
1338 1842 1476 1870 lacessitis
1489 1843 1636 1878 episcopis,
1653 1843 1699 1878 qui
1712 1844 1792 1872 missi

1002 1886 1119 1919 fuerant,
1138 1888 1267 1923 receptis,
1298 1889 1463 1917 sententiam
1486 1890 1599 1924 protulit
1626 1890 1654 1917 in
1674 1898 1750 1923 cum,
1764 1897 1793 1918 et.

1002 1933 1123 1961 alienum
1143 1934 1200 1962 fore
1223 1935 1258 1963 ab
1273 1935 1350 1963 omni
1368 1943 1446 1964 saera
1462 1935 1595 1972 dignitate
1611 1937 1744 1972 decrevit,
1763 1938 1792 1967 in

1002 1979 1100 2008 faciem
1123 1981 1180 2016 (Ili)
1198 1982 1223 2008 ci
1238 1981 1411 2016 depositione
1429 1982 1517 2018 ipsius
1540 1984 1718 2011 transmissa.
1741 1983 1792 2012 Ilis

1001 2025 1037 2053 ita
1055 2026 1140 2054 ﬁnitis
1156 2027 1230 2054 venit
1247 2031 1308 2063 post
1321 2032 1378 2056 tres
1390 2028 1450 2056 dies
1463 2029 1584 2057 Joannes
1602 2030 1792 2059 Antiochenus

1002 2073 1147 2108 cpiscopus
1161 2073 1258 2109 viginti
1270 2082 1317 2102 sex
1334 2082 1428 2102 secutn
1446 2075 1585 2111 episcopis
1599 2076 1717 2110 habitis;
1745 2077 1793 2112 qui

1002 2125 1065 2145 cum
1082 2119 1243 2147 didicissent
1257 2119 1413 2147 Nestorium
1440 2121 1497 2155 jam
1520 2121 1687 2156 depositum,
1709 2122 1792 2151 scissi

1003 2172 1017 2191 a
1029 2169 1122 2193 sancta
1138 2167 1244 2202 synodo
1257 2170 1284 2194 et
1308 2175 1371 2195 cum
1402 2167 1532 2197 Nestorio
1552 2169 1728 2197 considentes
1743 2171 1793 2198 de-

1003 2219 1133 2247 posuere,
1157 2216 1188 2239 ut
1203 2213 1399 2249 opinabantur,
1415 2215 1546 2250 Cyrillum
1567 2220 1594 2243 et
1620 2216 1791 2245 Memnonem

1003 2257 1184 2292 Ephesinum.
1200 2259 1385 2286 Theodoritus
1403 2267 1469 2287 sane
1491 2264 1593 2295 putans
1614 2261 1745 2297 Cyrillum
1767 2263 1793 2290 in

1003 2304 1148 2332 duodecim
1172 2305 1293 2340 capitula
1325 2305 1491 2338 offendisse,
1519 2311 1618 2341 praeter
1648 2309 1791 2337 veritatem

1003 2350 1191 2377 narrationem
1208 2351 1323 2383 faciens,
1335 2350 1437 2377 ibidem
1448 2349 1566 2378 Nestorii
1581 2359 1716 2380 venenum
1729 2361 1793 2381 evo-

1003 2395 1083 2423 muit.
1101 2395 1220 2430 Cyrillus
1235 2403 1300 2423 vero
1315 2399 1441 2431 potenter
1457 2404 1610 2432 exsurgens
1625 2405 1675 2432 pro
1687 2398 1792 2427 eisdem

1004 2441 1131 2475 capitulis
1149 2440 1282 2468 rationem
1300 2441 1431 2474 reddidit,
1449 2449 1482 2470 ea
1497 2450 1559 2477 quas
1577 2443 1605 2470 in
1629 2445 1670 2472 eis
1685 2444 1791 2473 haben-

1003 2487 1253 2522 tttrjinterpretans,
1275 2492 1303 2515 et
1321 2488 1541 2516 ecclesiasticum
1559 2490 1719 2519 thesaurum
1729 2500 1793 2520 esse

1004 2533 1212 2567 demonstrans,
1227 2536 1311 2569 atque
1323 2533 1397 2570 piam
1415 2534 1596 2564 intentionem
1608 2544 1685 2564 suam
1703 2539 1793 2566 mani.

1004 2579 1110 2608 festans
1140 2579 1282 2607 omnibus.
1312 2579 1407 2615 Itaque
1430 2581 1621 2610 Antiochenus
1644 2582 1793 2613 Joannesa

1004 2625 1121 2653 concilio
1135 2625 1218 2653 tertio
1232 2629 1358 2657 vocatus,
1380 2629 1407 2652 et
1426 2633 1481 2653 non
1501 2626 1653 2655 obaudiens
1670 2632 1699 2655 ut
1714 2630 1791 2656 veni-

1003 2676 1056 2705 ret,
1073 2672 1238 2700 sententiam
1253 2679 1308 2700 una
1322 2679 1384 2700 cum
1402 2672 1445 2700 his
1458 2673 1505 2707 qui
1522 2680 1615 2701 secum
1637 2678 1716 2702 erant
1742 2683 1792 2703 ex-

1005 2717 1088 2752 cepit,
1101 2721 1132 2744 ut
1147 2717 1229 2745 alieni
1251 2716 1342 2746 forent
1368 2717 1404 2745 ab
1419 2718 1495 2745 omni
1509 2718 1699 2747 ecclesiastica
1716 2727 1792 2750 como

969 2773 1076 2802 ΝΟΤᾸΕ

195 2820 251 2861 (μ)
262 2819 300 2861 71η
315 2819 420 2861 [ιξρὶεηι.
434 2818 505 2847 Ilist.
522 2819 641 2854 Tripart.
655 2829 693 2853 tv,
706 2821 741 2848 Ξῖ
759 2829 766 2848 :
782 2831 790 2847 t
806 2830 868 2849 na'n
889 2822 935 2858 qui
951 2822 984 2850 de
1004 2822 1063 2851 suis
1079 2821 1160 2850 dietis
1170 2821 1324 2861 conﬁdunt,
1336 2821 1420 2850 etiam
1430 2827 1463 2850 au
1482 2823 1580 2850 t'acrem
1601 2823 1718 2858 probare
1735 2831 1791 2853 non

161 2856 280 2892 fugiunt.
305 2865 314 2881 ›
332 2855 414 2882 Ε’Λιςῐι.

281 2903 417 2935 ΡΑτιιοι.
432 2905 490 2935 Gn.
510 2905 614 2936 CVIII.

1578 2901 1616 2933 39
