2035 3153
248 155 316 186 1227i

796 150 997 183 ANASTASII
1023 148 1337 180 BIBJJOTHECARII

1813 147 1881 180 1228

247 209 556 246 ιηιιηὶοηρ,”υς‹ιιιθ‹.1υιη
576 216 636 238 sese
653 212 882 245 recognoscentes
895 207 1035 243 proprium

1098 207 1288 242 lepositionem
1315 207 1349 234 ab
1366 206 1482 234 ecclesia
1502 211 1620 241 separati
1646 209 1736 237 crant,
1758 206 1883 232 ecclesim

246 259 445 287 conﬁterentur
463 264 620 285 excessum.
637 255 772 290 Tuncque
791 252 1036 290 synodus'deiini-

249 305 295 338 vit,
309 311 372 340 quae
387 303 422 331 ab
433 301 620 330 Orientalibus
641 301 668 327 in
687 300 818 335 injuriam
845 298 1037 327 sanctissimo-

249 359 309 378 rum
324 348 609 385 Eeclesiaepraesulum
624 347 717 383 Cyrilli
732 350 759 374 et
771 345 924 373 Memnonis
933 345 1039 380 prolata

249 400 325 428 sunt,
339 398 435 430 utpote
460 394 520 422 sine
547 393 606 429 lege
621 398 649 420 et
660 393 721 420 sine
738 399 845 420 canone
865 391 1039 426 deprompta,

251 443 354 472 nullam
377 442 433 469 vim
453 448 571 476 prorsus
600 440 714 467 habere.
736 438 784 466 llis
804 439 888 474 igitur
907 438 1039 465 omnibus

250 499 299 526 per
328 489 520 525 suggestiones
544 485 701 514 Theodosio
732 484 894 520 imperatori
931 483 1039 515 relatis,

251 535 320 571 iussi
345 538 410 562 sunt
434 532 557 568 episcopi
581 539 615 558 cx
645 535 762 565 utraque
789 534 867 565 parte
892 528 1042 556 ascendere

251 579 535 614 Constantinopolim;
551 577 598 612 qui
615 584 677 604 cum
691 575 894 605 ascendissent,
908 581 1043 609 coopera-

252 626 326 654 lione
341 624 388 651 Dei
403 624 495 651 vicere
523 622 549 648 hi
567 621 614 657 qui
644 628 677 647 ex
693 625 771 655 parte
801 619 899 654 synodi
922 619 1041 651 fuerant,

253 672 413 704 ﬁrmataque
426 667 596 702 depositione
621 664 742 693 Nestorii
769 664 954 691 Maximianus
971 663 1044 690 Con-

252 714 472 750 stantinopoleos
497 717 674 740 consecratur
703 711 860 746 episcopus.
889 709 1044 738 Orientales

252 771 319 793 vero
348 765 508 796 susceptum
524 758 680 786 Nestorium
696 765 790 785 secum
820 757 934 784 duxere.
959 755 1045 783 Porro

254 813 353 845 quarto
370 807 490 836 Nestorii
519 804 703 841 depositionis
721 811 795 830 anno
812 802 933 831 Joannes
949 802 1045 830 Antio-

253 856 360 884 chenus
374 854 521 889 episcopus
537 858 632 879 amore
655 850 703 878 Dei
733 850 874 883 detentus,
894 849 1046 884 vidensque

1090 261 1187 281 rursus
1212 253 1312 281 univit.
1329 252 1385 281 Sub
1405 252 1457 280 hoc
1475 253 1589 286 {sanctae
1613 251 1753 279 memoria:
1782 251 1882 279 Proclo

1088 304 1170 328 terra!
1183 304 1275 327 motus
1296 299 1360 327 facti
1383 303 1448 326 sunt
1460 298 1553 333 magni
1578 297 1819 332 Constantinopoli
1835 305 1884 332 per

1088 350 1209 383 quatuor
1221 354 1341 377 menses.
1358 346 1394 373 ita
1411 350 1440 373 ut
1451 345 1581 372 timentes
1595 343 1721 380 Byzantii
1737 348 1815 370 extra
1841 343 1884 370 ci-

1091 393 1214 424 vitatem,
1232 392 1259 419 in
1275 392 1336 420 loco
1351 391 1398 427 qui
1414 391 1517 419 dicitur
1531 390 1663 425 Campus,
1677 393 1774 418 essent
1787 397 1885 424 persec

1090 446 1218 467 verantes
1235 447 1290 466 una
1307 446 1370 466 eum
1385 438 1526 473 episcopo,
1552 437 1585 464 ad
1611 436 1696 464 Deum
1714 436 1844 471 precibus
1860 441 1886 463 et

1092 485 1198 513 litaniis
1221 484 1416 513 vociferantes.
1435 483 1558 517 Quadam
1585 490 1651 519 ergo
1677 483 1722 510 die
1738 482 1887 509 ﬂuctuante

1092 535 1176 564 terra.
1206 535 1234 558 et
1259 531 1334 558 omni
1353 530 1433 566 plebe
1445 529 1578 557 attentius
1590 528 1763 556 exclamante
1780 527 1885 562 Κύριε,

1094 577 1216 613 ἐλέησον,
1233 577 1308 604 circa
1326 577 1422 604 horam
1441 576 1550 604 tertiam
1569 575 1701 602 omnibus
1727 573 1888 601 videntibus

1095 625 1208 659 contigit
1234 631 1249 651 a
1279 623 1371 650 divina
1388 623 1491 649 virtute
1518 620 1626 649 sustolli
1650 620 1798 655 quemdam
1813 619 1880 646 ado-

1094 670 1277 699 lescentulum
1296 670 1323 696 in
1335 676 1407 701 aere,
1424 674 1452 696 et
1471 668 1560 695 audiri
1573 667 1695 694 divinam
1719 673 1814 693 vocem
1840 664 1889 692 ad-

1095 721 1252 744 monentem
1266 724 1328 743 eum
1342 716 1472 750 episcopo
1485 722 1517 741 ac
1530 713 1629 749 populo
1639 713 1769 740 nuntiare
1788 715 1815 737 ut
1825 711 1888 738 lita-

1096 763 1156 790 nias
1171 763 1211 789 sie
1230 761 1352 789 facerent
1367 765 1394 788 et
1415 761 1539 788 dicerent
1553 769 1560 787 :
1576 759 1691 786 Sanctus
1707 758 1789 791 Deus,
1817 758 1889 786 San-

1097 814 1153 836 ctus
1174 810 1263 845 fortis,
1294 809 1410 837 Sanctus
1442 808 1623 837 immortalis.
1651 808 1774 834 ntiserere
1801 807 1889 839 nobis,

1097 855 1166 882 nihil
1178 855 1253 882 aliud
1269 858 1453 890 apponcntcs.
1467 853 1582 880 Proclus
1594 857 1683 879 autem
1699 851 1750 879 hac
1760 858 1890 887 suscepta

254 902 356 930 multos
382 899 619 927 Antiocltenorum
637 897 712 925 viros
743 896 869 932 egregios
887 903 901 922 a
916 895 1045 923 Nestorio

1098 903 1232 929 sententia
1259 900 1388 936 praecepit
1408 900 1510 935 populo
1541 899 1658 934 psallere
1679 899 1730 929 sic,
1749 903 1776 926 et
1795 899 1889 926 statim

254 947 408 976 adulterina
422 945 557 982 pravitate
569 943 700 976 infectos,
730 942 829 970 scribit
839 948 942 978 rogans
957 941 1045 977 impe-

255 1000 374 1022 ratorem
387 992 459 1019 hunc
472 991 505 1018 ab
522 989 635 1017 Oriente
650 988 817 1024 pellendum.
832 987 983 1023 Imperator
997 995 1047 1015 au-

256 1044 309 1067 tem
323 1036 479 1065 Nestorium
491 1034 602 1070 quidem
612 1033 710 1061 exsilio
720 1033 930 1068 relegavitapud
941 1031 1045 1066 Oasim,

255 1087 392 1120 praecepta
406 1089 471 1109 vero
482 1080 567 1107 mittit
581 1078 683 1114 Cyrillo
696 1083 723 1106 et
731 1077 830 1106 Joanni
844 1079 905 1106 sine
914 1078 1048 1107 dilatione

255 1136 282 1159 et
297 1130 330 1158 ad
356 1129 503 1157 universas
517 1126 664 1154 Ecclesias.
690 1125 810 1154 Joannes
824 1132 914 1154 autem
929 1129 1047 1161 accepta

255 1177 439 1216 praeceptione
453 1175 552 1205 scribit
564 1175 668 1210 Cyrillo
687 1174 766 1202 ﬁdem
782 1181 861 1203 suam
890 1178 919 1202 et
936 1173 1047 1202 Patrum

257 1225 330 1261 apud
361 1222 481 1251 Nicaeam
512 1225 540 1250 et
571 1220 839 1256 Constantinopolim
868 1221 1047 1248 collectorum

257 1270 473 1302 confessionem,
491 1268 630 1303 recipiens
646 1267 728 1294 etiam
746 1275 807 1302 quae
824 1267 897 1303 apud
909 1267 1047 1303 Ephesum

257 1320 334 1353 gesta
345 1321 420 1344 sunt.
433 1315 540 1348 Quibus
554 1314 673 1350 Cyrillus
690 1313 824 1348 susceptis
841 1314 939 1342 scribit
949 1313 1048 1342 Joanni

257 1369 285 1391 et
295 1362 482 1390 Orientalibus
495 1361 652 1396 epistolam,
669 1360 749 1395 cujus
760 1360 870 1387 initium
884 1364 944 1388 est;
958 1369 967 1387 t
988 1360 1048 1388 ιω-

257 1413 351 1438 tentur
366 1408 429 1436 caeli
442 1413 469 1436 et
485 1407 606 1436 exsultet
626 1406 773 1441 terra.i‘,Et
786 1407 812 1434 in
827 1406 920 1434 eadem
938 1406 1048 1434 confes-

258 1456 336 1484 sione
351 1455 475 1490 utrisque
490 1453 718 1482 convenientibus
731 1453 815 1480 unita:
827 1456 892 1480 sunt
903 1452 936 1480 ad
953 1459 1048 1487 pacem

258 1506 340 1537 atque
356 1500 544 1532 concordiam,
563 1499 663 1535 quibus
680 1499 888 1534 praeminebant,
910 1498 1048 1526 Ecclesiae.

258 1547 311 1575 Per
323 1547 395 1575 idem
407 1553 472 1575 vero
489 1550 596 1581 tempus
611 1544 725 1573 Nonnus
738 1545 849 1580 regebat
865 1544 1048 1572 Edessensem

260 1593 422 1626 Ecelcsiam,
437 1593 483 1628 qui
506 1593 623 1628 primam
646 1591 879 1619 Antiochenarum
906 1591 1052 1618 mimarum

260 1641 316 1668 Deo
330 1640 432 1668 dicavit
444 1644 471 1668 et
493 1647 542 1674 pro
570 1638 715 1674 Margarita
744 1638 888 1666 meretrice
914 1637 1052 1673 Pelagiatn

259 1686 368 1714 Christo
384 1685 520 1713 exhibuit.
537 1685 592 1712 lste
614 1692 679 1720 ergo
694 1685 838 1712 exsultans
853 1692 937 1720 super
953 1685 1052 1713 horum

260 1733 409 1761 concordia
423 1732 521 1760 scribit
539 1731 639 1759 Joanni
667 1731 878 1767 archiepiscopo
897 1732 1001 1759 monita
1024 1737 1052 1760 et

260 1780 407 1807 verborum
424 1779 594 1814 magisteria,
610 1778 639 1805 in
654 1778 755 1813 quibus
772 1782 798 1806 ct
811 1778 864 1806 hoc
877 1779 933 1806 ait:
947 1778 1051 1806 Munda

262 1825 421 1858 Ecclesium,
443 1832 457 1851 ο
474 1825 553 1852 homo
575 1824 635 1857 Dei,
663 1833 679 1852 a
696 1824 868 1853 Nettoiiani:
884 1825 998 1852 zizaniis
1027 1829 1052 1852 et

259 1872 317 1904 eius
331 1872 479 1906 impietate.
494 1871 582 1898 Porro
612 1871 727 1907 impium
746 1875 773 1898 et
789 1871 981 1907 blasphemum
998 1872 1052 1899 he-

261 1917 377 1944 storium
404 1918 430 1944 in
457 1918 555 1945 exsilio
571 1917 695 1945 divinum
714 1917 850 1953 judicium
873 1917 1050 1946 subsecutum

260 1967 314 1995 est,
330 1962 476 1992 tabefactis
489 1963 619 1991 omnibus
646 1964 777 1991 membris
797 1963 868 1999 ejus,
883 1967 911 1991 et
934 1964 1052 1992 maxime

262 2008 365 2043 lingua,
381 2016 435 2044 qua
462 2014 625 2044 consumpta
649 2013 737 2037 morte
767 2010 898 2046 praevenit
924 2010 977 2038 iter
996 2018 1052 2046 quo

262 2055 296 2082 ab
309 2054 379 2082 Oase
393 2056 427 2082 ad
444 2055 528 2083 alium
544 2056 635 2083 locum
653 2060 712 2083 crat
726 2055 879 2083 ducendus.

295 2103 392 2130 Mundi
406 2109 478 2128 anno
488 2101 567 2132 5926,
583 2100 683 2128 divinze
693 2101 891 2128 incarnationis
903 2108 975 2128 anno
986 2101 1049 2135 426,

260 2149 377 2176 veniens
404 2147 616 2182 Valentinianus
644 2146 716 2173 filius
733 2145 887 2174 Constantii
917 2151 945 2174 et
966 2146 1051 2174 Galla:

261 2193 390 2220 Placidia:
421 2192 455 2220 ab
474 2192 542 2218 urbe
566 2190 652 2218 Roma
683 2191 951 2227 Constantinopolim
974 2193 1051 2220 duxit

1099 951 1180 975 terrm
1193 953 1284 975 motus
1299 946 1428 974 cessavit.
1448 945 1534 973 Porro
1545 946 1625 973 beata
1635 945 1780 972 Pulcheria
1801 953 1886 980 super

1100 994 1234 1022 miraculo
1248 1001 1301 1021 tlna
1316 1000 1378 1020 eum
1405 993 1491 1020 fratre
1519 1000 1602 1027 supra
1617 991 1728 1019 modum
1756 992 1894 1019 admirata

1100 1040 1192 1069 sanxit
1202 1047 1258 1075 .per
1270 1039 1429 1067 universum
1444 1040 1536 1066 orbem
1545 1038 1669 1065 divinum
1684 1039 1758 1065 hunc
1772 1038 1895 1072 psallere

1100 1086 1251 1122 hymnum;
1266 1091 1294 1114 et
1309 1093 1344 1113 ex
1355 1091 1421 1113 tunc
1437 1092 1564 1120 recepere
1580 1091 1677 1112 omnes
1693 1083 1825 1112 Ecclesiae
1839 1091 1891 1119 per

1100 1132 1224 1168 singulos
1241 1132 1302 1161 dies
1317 1132 1391 1159 hunc
1402 1138 1502 1159 canere
1518 1131 1584 1159 Deo.

1137 1179 1175 1207 De
1199 1183 1297 1207 caetero
1318 1178 1470 1214 imperante
1492 1177 1648 1206 Theodosio
1665 1176 1776 1211 juniore
1793 1174 1899 1203 Valen-

1099 1226 1225 1253 tinianus
1242 1232 1296 1252 non
1313 1224 1402 1252 solum
1420 1223 1590 1250 Britanniam
1605 1227 1633 1249 et
1659 1221 1774 1249 Galliam
1800 1225 1827 1248 ct
1848 1222 1899 1247 Hi-

1100 1271 1226 1307 spaniam
1245 1271 1353 1298 salvare
1372 1269 1506 1305 nequivit,
1524 1269 1571 1297 sed
1587 1274 1614 1296 et
1627 1267 1826 1295 occidentalem
1851 1267 1900 1293 Li-

1100 1318 1193 1353 byam.
1209 1325 1269 1353 qum
1285 1316 1411 1344 videlicet
1426 1316 1502 1351 regio
1514 1320 1627 1342 vocatur
1642 1314 1784 1345 Afrorum,
1803 1314 1899 1340 amisit

1102 1364 1155 1392 hoc
1171 1363 1263 1391 modo.
1277 1362 1336 1390 Duo
1345 1366 1476 1398 praetores
1485 1367 1573 1394 erant,
1585 1361 1679 1388 Aetius
1690 1361 1794 1388 scilicet
1805 1364 1833 1387 et
1844 1359 1900 1386 Bo-

1103 1411 1232 1443 nifacius,
1249 1417 1319 1445 quos
1333 1408 1506 1436 Theodosius
1523 1408 1682 1444 pOSIulante
1703 1406 1902 1434 Valentiniano

1103 1456 1218 1485 Romam
1242 1456 1353 1484 direxit.
1377 1454 1501 1490 Cumque
1532 1454 1691 1482 Bonifacius
1713 1454 1901 1488 principatum

1103 1502 1302 1530 occidentalem
1329 1500 1424 1536 Libya:
1451 1501 1632 1536 percepisset,
1652 1500 1756 1528 invidia
1788 1499 1901 1526 inﬂam-

1103 1554 1196 1576 matus
1221 1547 1316 1575 Actius
1347 1547 1552 1575 accusationem
1578 1547 1644 1575 facit
1672 1546 1806 1575 adversus
1834 1554 1902 1574 eum

1064 1583 1088 1612 α
1104 1597 1235 1629 tanquam
1265 1593 1444 1621 rebellionem
1462 1593 1642 1621 meditantem
1662 1598 1688 1621 ct
1705 1593 1829 1621 obtinere
1855 1592 1905 1620 Li-

1103 1641 1185 1677 byam
1199 1644 1387 1676 satagcntem;
1413 1645 1441 1668 et
1457 1640 1514 1668 haec
1529 1639 1639 1675 quidem
1656 1639 1782 1667 Placidiae
1796 1639 1905 1667 fateba-

1103 1691 1158 1721 tur,
1179 1686 1362 1715 Valentiniani
1377 1687 1467 1714 matri.
1484 1687 1619 1714 Ceetcrum
1642 1686 1785 1714 Bouifacio
1803 1686 1907 1713 scribit

1103 1734 1178 1770 quia,
1194 1734 1218 1762 si
1236 1735 1386 1762 accersitus
1407 1733 1502 1767 fueris,
1519 1734 1650 1761 accedere
1661 1733 1735 1761 noli:
1754 1733 1907 1760 incusatus

1102 1780 1175 1809 enim
1189 1788 1230 1811 es.
1243 1784 1270 1808 et
1284 1785 1311 1807 te
1323 1779 1418 1808 dolose
1430 1780 1525 1807 volunt
1538 1780 1717 1814 imperatores
1728 1799 1737 1806 .
1751 1798 1758 1807 .
1769 1799 1777 1807 .
1790 1800 1797 1807 .
1809 1799 1818 1806 .
1838 1779 1906 1807 Haec

1103 1826 1258 1862 suscipiens
1272 1825 1441 1858 Bonifacius,
1453 1830 1480 1853 et
1493 1825 1576 1853 veluti
1592 1826 1704 1861 proprio
1720 1833 1802 1853 servo
1820 1826 1906 1853 Aetio

1103 1873 1230 1905 credens,
1257 1873 1408 1900 accersitus
1427 1871 1559 1900 accedere
1579 1871 1699 1899 distulit.
1716 1871 1794 1898 Tunc
1813 1872 1907 1906 impe-

1103 1923 1209 1947 ratores
1225 1919 1334 1946 Aetium
1354 1918 1435 1954 quasi
1458 1918 1587 1945 devotum
1613 1921 1788 1952 receperunt.
1814 1917 1907 1944 Erant

1102 1971 1193 1994 autem
1224 1964 1303 1992 Gothi
1330 1968 1396 1992 tunc
1415 1968 1442 1991 et
1464 1969 1560 1999 gentes
1585 1964 1677 1991 multa:
1700 1971 1732 1990 ac
1761 1963 1906 1994 maximae.

1103 2016 1178 2039 trans
1194 2011 1349 2038 Danubium
1365 2011 1392 2037 in
1409 2009 1594 2045 Hyperboreis
1614 2010 1682 2037 locis
1697 2009 1906 2042 inhabitantes,

1102 2065 1135 2086 ex
1150 2057 1250 2093 quibus
1268 2057 1488 2085 rationabiliores
1506 2060 1624 2091 quatuor
1649 2059 1729 2086 sunt,
1744 2054 1827 2082 Gothi
1849 2056 1908 2083 sci-

1103 2103 1166 2131 licet
1196 2108 1223 2132 et
1250 2103 1418 2140 Hypogothi,
1444 2102 1562 2138 Gipedcs
1588 2106 1613 2130 et
1636 2101 1763 2133 Vandali,
1799 2108 1904 2128 nomen

1102 2153 1209 2177 tantum
1234 2153 1261 2177 et
1291 2149 1358 2176 nihil
1386 2149 1460 2176 aliud
1488 2152 1638 2180 mutantes,
1667 2155 1776 2183 unaque
1806 2147 1905 2183 lingua

1102 2199 1222 2224 utentes.
1253 2195 1355 2223 Omnes
1382 2201 1471 2222 autem
1494 2194 1554 2221 fidei
1579 2198 1659 2222 erant
1684 2194 1794 2220 Arianae
1817 2194 1905 2221 mali-

261 2247 478 2272 uxorcmsuam,
497 2239 580 2266 ﬁliam
607 2238 755 2267 Theodosii
779 2239 965 2274 imperatoris,
994 2240 1048 2267 Eu-
1064 2259 1087 2288 Ι)
1102 2241 1226 2277 gnitatis.
1252 2240 1298 2269 Isti
1323 2241 1376 2269 sub
1396 2240 1516 2268 Arcadio
1541 2244 1568 2267 et
1591 2239 1713 2266 llonorio
1741 2238 1903 2266 Danubium

260 2285 370 2313 doxiam
389 2285 509 2315 nomine,
531 2292 613 2320 quant
634 2284 686 2312 sibi
704 2284 826 2312 Eudocia
852 2289 993 2321 genuerat,
1021 2289 1049 2313 et

260 2330 376 2358 Romam
391 2331 484 2358 rediit.
500 2331 631 2366 Sequenti
647 2338 712 2358 vero
728 2338 800 2358 anno
814 2329 984 2358 Theodosius
998 2333 1050 2358 im-

260 2379 371 2410 perator
400 2373 548 2401 Eudociam
576 2382 689 2402 uxorem
720 2383 799 2402 suam
830 2375 1049 2411 Hierosolymam

262 2422 336 2449 misit
357 2421 497 2456 gratiﬁcos
516 2421 634 2456 hymnos
652 2422 808 2450 oblaturam
821 2421 893 2456 Deo;
907 2430 970 2458 qua:
987 2423 1050 2458 plu-

262 2467 328 2493 rima
347 2467 419 2493 dona
435 2467 561 2494 ecclesiis
577 2467 708 2500 contulit,
724 2472 751 2495 et
768 2467 890 2496 adoratis
912 2473 965 2495 tam
987 2475 1051 2496 san-

261 2517 303 2539 cta
319 2520 402 2540 cruce
418 2520 501 2547 quam
520 2513 645 2541 colendis
663 2513 731 2541 locis
745 2521 854 2542 reversa
869 2519 911 2542 est
927 2514 961 2542 ad
975 2522 1051 2550 rega-

259 2558 307 2585 lia.
321 2556 474 2585 Tricesimo
493 2558 556 2586 dein
571 2558 676 2593 imperii
689 2559 835 2588 Theodosii
849 2567 922 2587 anno
937 2560 1051 2589 Proetus

254 2600 405 2640 cpiscopus
427 2603 752 2640 Constantinopolitanul
772 2607 927 2640 postulatus
943 2607 977 2635 ab
998 2608 1050 2635 im-

259 2655 387 2685 peratore
405 2646 560 2679 Theodosio
583 2659 685 2687 corpus
711 2652 801 2680 sancti
825 2651 940 2681 Joannis
961 2653 1050 2689 Chry-

259 2697 374 2724 sOstomi
389 2705 404 2724 a
413 2694 543 2725 Cumanis
555 2697 589 2726 ad
605 2698 707 2740 regiam
722 2697 817 2726 urbem
830 2698 937 2732 detulit,
950 2703 977 2726 et
988 2707 1051 2735 pro-

259 2743 336 2770 ximo
347 2750 421 2774 anno
445 2747 507 2778 post
520 2744 633 2778 triginta
649 2748 705 2772 tres
720 2751 808 2772 annos
823 2745 851 2772 id
871 2752 963 2772 coram
977 2744 1051 2773 omni

259 2789 435 2823 processione
459 2797 515 2817 una
538 2797 601 2817 cum
631 2790 797 2825 imperatore
820 2798 852 2818 ac
879 2791 1052 2826 imperatrice

253 2834 405 2863 Pulcheria
420 2836 529 2871 pompis
543 2834 706 2864 funebribus
721 2836 866 2872 publicans
883 2837 912 2865 in
936 2838 1051 2872 Aposto-

260 2881 349 2908 lorum
366 2882 483 2911 ecclesia
498 2883 600 2918 posuit.
623 2882 659 2911 Et
675 2882 712 2911 ita
729 2891 776 2912 eos
789 2883 836 2922 qui
851 2887 964 2920 propter
976 2884 1051 2911 illius

1103 2291 1278 2315 transeuntes
1301 2287 1327 2314 in
1356 2291 1429 2313 terra
1459 2285 1541 2314 locati
1567 2289 1632 2312 sunt
1651 2285 1852 2313 Romanorum.
1872 2285 1905 2312 Et

1102 2333 1219 2368 Gipedes
1242 2333 1364 2369 quidem.
1382 2340 1416 2360 ex
1432 2332 1534 2368 quibus
1547 2331 1723 2367 postmodum
1739 2331 1819 2358 divisi
1836 2336 1905 2359 sunt

1101 2378 1276 2414 Longobardi
1292 2383 1318 2406 et
1333 2378 1448 2412 Avares,
1467 2378 1548 2405 villas
1566 2385 1627 2413 quae
1639 2381 1703 2405 sunt
1721 2377 1794 2404 circa
1810 2376 1906 2412 εἰςεί-

1101 2425 1201 2453 donem
1220 2429 1249 2452 et
1269 2423 1400 2451 Sirmium
1420 2423 1624 2451 habitaverunt.
1653 2422 1808 2458 llypogothi
1835 2431 1905 2450 vero

1101 2475 1163 2505 post
1195 2469 1334 2497 Alaricum
1371 2468 1486 2496 Romam
1513 2468 1714 2504 depopulantes
1739 2468 1766 2494 in
1795 2467 1904 2495 Gallias

1102 2515 1204 2548 abiere,
1231 2519 1260 2543 et
1288 2522 1349 2550 qua
1377 2515 1477 2542 ibidem
1507 2518 1574 2542 sunt
1599 2514 1790 2541 obtinuerunt.
1817 2512 1903 2540 Gothi

1102 2566 1193 2588 autem
1208 2559 1378 2588 Pannoniam
1391 2560 1547 2588 habuerunt
1564 2560 1697 2594 primum,
1713 2559 1775 2586 dein
1791 2559 1903 2586 decimo

1101 2614 1176 2634 nono
1200 2613 1272 2634 anno
1288 2605 1449 2641 imperantis
1469 2604 1616 2633 Theodosii
1636 2604 1756 2639 junioris
1771 2603 1902 2631 Thraciae

1102 2653 1181 2681 villas
1201 2653 1395 2681 habitaverunt
1424 2660 1474 2688 per
1497 2652 1700 2688 quinquaginta
1725 2656 1789 2679 octo
1810 2659 1901 2679 annos

1103 2700 1131 2727 in
1143 2699 1250 2727 Thrace
1264 2703 1414 2731 morantes,
1425 2698 1588 2735 Hesperium
1599 2706 1708 2734 quoque
1719 2698 1902 2726 obtinuerunt

1103 2745 1300 2780 principatum.
1329 2745 1416 2773 Porro
1441 2745 1557 2772 Vandali
1582 2745 1676 2772 Alanis
1695 2745 1749 2772 sibi
1771 2744 1897 2773 soriatis.

1103 2796 1131 2819 et
1151 2791 1304 2824 Germanis.
1328 2791 1375 2827 qui
1401 2799 1476 2819 nunc
1496 2791 1596 2819 Franci
1617 2795 1763 2823 vocantur,
1788 2791 1897 2821 ascitis.

1104 2842 1279 2866 transeuntes
1298 2837 1399 2866 Ninum
1410 2837 1528 2867 ﬂuvium
1542 2837 1702 2873 Modigisclo
1716 2837 1787 2864 duce
1803 2835 1900 2863 habito

1105 2884 1299 2912 habitaverunt
1314 2885 1342 2913 in
1360 2883 1506 2921 Hispania,
1531 2892 1592 2920 quae
1613 2889 1655 2913 est
1671 2884 1758 2920 prima
1781 2882 1900 2917 Europae
