2035 3153
190 202 398 239 provinciarum
415 201 448 228 ab
466 199 597 235 Hesperio
614 198 735 226 Oceano.
761 197 918 225 Bonifacius
937 203 988 223 au-
1001 197 1028 227 Α

192 255 247 278 tem
276 251 404 275 metuens
430 246 611 281 imperatores
635 244 787 276 Romanos,
810 242 996 273 transfretans

193 304 207 323 a
227 295 312 330 Libya
332 293 360 320 in
383 292 555 327 Hispaniam,
578 291 614 318 ad
643 290 780 318 Vandalus
803 289 889 317 venit.
913 288 997 316 Cum-

193 349 247 377 que
275 339 466 374 Modiglsclnm
482 338 634 365 invenisset
647 341 785 364 mortuum
801 340 828 363 et
844 335 915 362 filios
936 335 996 369 ejus

194 387 337 417 Gonzarin
360 391 388 414 et
416 385 571 412 Gizericum
597 383 784 418 principatum
809 383 994 414 moderantes,

195 435 323 462 hortatus
345 436 387 460 est
405 436 434 458 ut
455 430 612 465 hesperiam
637 429 752 464 Libyam
777 428 806 455 in
824 431 880 455 tres
901 430 994 462 partes

193 481 360 509 dividerent.
402 478 522 506 Polliciti
549 480 615 504 sunt
637 475 786 509 unicuique
813 474 900 501 tertias
923 474 994 507 parti

194 534 225 555 se
261 532 315 552 una
349 531 413 552 cum
444 523 512 558 ipsis
545 521 762 557 principaturos,
790 520 818 546 in
854 515 994 545 communi

195 578 287 600 tamen
303 573 330 599 in
347 570 496 606 quemlibet
509 569 615 596 hostem
631 568 750 595 ulturos.
769 566 797 593 In
817 565 919 593 talibus
930 572 994 599 ergo

196 617 420 654 professionibus
450 615 564 642 Vandali
595 614 696 642 fretum
719 616 919 640 transmeantes
949 610 994 637 Li-

196 665 277 700 byam
305 664 500 691 habitaverunt
527 661 562 688 ab
589 659 700 688 Oceano
729 666 818 694 usque
847 657 993 693 Tripolim,

197 719 260 746 qua:
278 714 320 737 est
333 710 406 737 circa
424 709 562 744 Cyrenen.
580 706 736 742 IIypogotbi
761 712 827 732 vero
849 707 994 739 surgentes

197 765 212 784 a
228 756 315 783 Gallia
330 760 445 783 tenuere
462 755 546 782 etiam
566 752 738 787 Hispaniam.
757 750 874 784 Quidam
902 753 992 776 autem

198 808 313 830 senatus
339 801 466 833 Romani,
487 800 569 827 amici
592 798 740 831 Bonifacii,
758 797 855 824 falsam
875 802 992 823 accusa-

199 849 304 874 tionem
321 846 393 874 Aetii
410 846 571 873 intimavere
583 843 720 876 Placidize,
736 841 912 871 ostendentes
925 848 993 876 quo-

199 901 255 929 que
280 898 308 921 et
323 893 394 921 Aetli
412 892 444 919 ad
465 890 637 918 Bonifacium
660 889 766 925 pridem
787 888 917 922 scriptam
937 886 996 921 epi-
1012 881 1034 908 Β

201 940 310 969 stolam.
335 945 417 974 quam
443 937 477 965 ad
501 944 550 964 eos
580 935 653 963 idern
683 935 796 962 miserat
826 931 997 960 Bonifacius.

201 985 252 1011 Ast
279 983 432 1018 stupefacta
460 981 579 1010 Placidia
606 980 713 1008 Aetium
736 978 846 1015 quidem
873 978 900 1005 in
925 977 998 1004 nullo

202 1031 283 1062 laesit,
323 1029 466 1058 Bonifacio
496 1037 563 1057 vero
600 1028 714 1055 verbum
749 1033 812 1054 eum
841 1026 1000 1057 juramento

203 1077 279 1104 misit
301 1077 537 1104 exliortatorium.
555 1075 643 1103 Porro
662 1072 818 1102 Goutbario
830 1075 937 1099 tnortuo
952 1069 999 1097 Gi-

202 1124 312 1151 zericus
331 1122 518 1150 Vandalorum
546 1121 638 1149 factus
658 1125 701 1148 est
714 1121 876 1155 imperator.
894 1116 999 1144 Bonifa-

202 1171 263 1198 cius
280 1177 345 1205 ergo
355 1170 437 1197 verbo
449 1171 578 1203 suscepto
600 1171 697 1194 contra
713 1164 851 1192 Vandalos
865 1166 998 1194 armatur,

203 1216 326 1243 exercitu
354 1221 454 1250 magno
475 1213 528 1240 sibi
552 1212 681 1240 veniente
707 1216 788 1238 tanta
805 1209 892 1237 Roma
918 1215 998 1243 quam

204 1270 220 1289 a
249 1261 393 1297 Byzantio,
429 1259 511 1294 cujus
542 1258 654 1294 Asperis
679 1262 740 1285 erat
765 1256 907 1291 magister.
933 1254 1001 1281 Inito

206 1312 298 1335 autem
317 1313 414 1336 contra
433 1306 590 1334 Gizericum
618 1304 712 1340 praelio
727 1306 873 1339 superatus
888 1305 930 1329 est
948 1301 1001 1328 Ito-

206 1360 350 1380 manorum
372 1351 524 1383 exercitus,
543 1351 638 1385 sicque
648 1349 805 1376 Bonifacius
830 1355 892 1374 cttm
904 1345 1001 1382 Asperi

208 1400 323 1426 Romam
341 1399 455 1426 veniens
474 1397 661 1432 suspicionem
681 1395 817 1426 dissolvit,
833 1394 870 1421 rei
887 1393 1001 1420 veritate

207 1449 370 1473 monstrata.
386 1444 472 1472 Porro
491 1443 583 1471 Africa
601 1442 691 1470 taliter
707 1446 750 1469 est
767 1440 896 1468 V'andalis
917 1439 1000 1466 suba-

208 1497 263 1520 cta.
280 1492 358 1519 Tunc
368 1497 395 1519 et
411 1491 578 1523 Marcianus,
592 1489 638 1525 qui
655 1488 830 1524 postmodum
845 1486 1000 1522 imperavit,

209 1546 271 1566 cum
301 1538 380 1566 miles
412 1541 487 1566 esset
511 1541 539 1564 et
560 1537 659 1572 Asperi
692 1535 855 1567 deservirct,
878 1533 957 1561 vivus
987 1540 1001 1559 a

210 1585 335 1612 tiizerico
357 1584 612 1620 comprehenditur.

246 1631 338 1658 Mundi
366 1638 438 1658 anno
468 1629 548 1661 5937,
578 1628 679 1656 divinae
706 1626 907 1655 incarnationis
933 1633 1004 1653 anno

211 1677 274 1709 457,
289 1676 421 1704 Romana
437 1675 512 1703 sedis
542 1674 598 1702 Leo
626 1673 795 1708 pontificium
821 1672 902 1708 gerit,
924 1672 1006 1707 impc«

212 1727 291 1750 rante
304 1722 471 1754 Theodosio,
482 1722 561 1757 cujus
577 1711 684 1755 imperii
697 1719 839 1747 tricesimo
850 1726 921 1746 nono
934 1725 1006 1745 anno

212 1767 328 1795 I‘roclus
343 1765 667 1800 Constantinopolitanus
682 1765 809 1797 moritur,
825 1763 870 1790 cui
885 1762 1007 1790 succedit

213 1814 359 1841 Flavianus
376 1813 518 1849 presbyter
531 1816 558 1840 et
580 1811 767 1847 seeuophylax
785 1809 912 1838 ecclesiae
935 1808 1006 1836 Con-

213 1861 475 1896 stantinopolitanae,
491 1861 533 1887 vir
552 1866 630 1887 sacer
650 1863 677 1886 et
690 1862 833 1885 strenuus.
850 1857 940 1891 Atque
953 1856 1006 1891 Cy-

214 1908 292 1935 rillus
305 1907 508 1935 Alexandrinus
532 1906 601 1934 obiit
626 1905 753 1938 antistes,
777 1903 820 1931 cui
841 1902 1007 1937 subrogatur

215 1955 242 1981 in
261 1954 325 1982 sede
353 1954 512 1987 Dioscorus,
529 1952 577 1987 qui
599 1951 755 1979 nullatenus
780 1953 840 1977 erat
862 1947 1007 1976 didascali-

214 2009 274 2032 cus,
290 2001 338 2029 sed
357 2001 470 2028 immitis
485 2004 513 2027 et
532 1999 616 2027 ferus.

250 2047 343 2074 Mundi
368 2054 440 2073 anno
469 2046 551 2079 5940,
582 2046 681 2073 divinte
709 2042 908 2072 incarnationis
936 2049 1007 2068 anno

215 2093 278 2125 MO,
306 2092 495 2128 Chrysaphius
527 2091 671 2119 eunuchus
699 2090 830 2125 palatium
859 2093 887 2116 et
919 2088 1007 2123 ipsum

215 2141 410 2175 imperatorem
426 2142 534 2171 tenens,
549 2145 613 2166 cum
639 2137 774 2165 tnvideret
796 2135 920 2163 Flaviani
941 2142 1008 2162 con-

216 2185 376 2219 secrationi,
393 2185 530 2221 suggessit
553 2183 725 2219 imperatori,
742 2183 802 2211 sine
819 2182 923 2209 malitia
937 2181 1009 2208 exsi-

1019 1569 1039 1596 C

217 2231 299 2260 stenti
332 2236 361 2258 et
395 2231 466 2266 apud
498 2229 698 2257 Chalcedonem
730 2227 850 2263 degenti,
878 2226 1048 2272 mandareD

217 2279 381 2315 patriarchae
401 2283 431 2305 ut
443 2278 566 2305 mitteret
584 2284 633 2312 pro
650 2275 858 2303 consecratione
882 2273 934 2301 sibi
960 2272 1008 2300 be-

219 2325 389 2353 nedictiones
402 2324 469 2360 (15).
486 2324 546 2357 Quo
557 2323 629 2350 facto
643 2323 710 2358 (16),
727 2320 916 2357 Cbrysapbius
931 2326 1009 2346 aver-

220 2376 281 2399 tens
312 2371 452 2398 mandavit
472 2378 569 2397 aureas
586 2371 778 2404 imperatorem
793 2373 916 2402 quaerere
929 2366 1010 2393 bette-

219 2417 366 2444 dictiones.
383 2417 418 2443 At
433 2417 580 2452 episcoptts
606 2413 775 2441 renuntiavit
795 2420 850 2440 non
866 2419 895 2439 sc
909 2410 1010 2437 habere

221 2464 352 2499 pecunias
374 2462 408 2490 ad
435 2462 609 2493 mittendum,
636 2460 690 2487 nisi
718 2459 788 2486 forte
815 2464 924 2492 quoque
948 2460 1011 2483 utar

220 2509 372 2546 (inquiens)
387 2517 420 2537 ex
435 2508 524 2536 sacris
537 2507 655 2534 vasibus.
673 2505 716 2532 Fit
731 2511 796 2540 ergo
816 2511 847 2531 es
871 2503 924 2530 hoc
937 2501 1010 2528 inter

221 2558 293 2590 illos,
315 2555 458 2584 Pulcheria
484 2556 541 2583 hate
562 2555 715 2590 ignorante,
733 2558 790 2579 non
806 2549 932 2578 modicus
943 2554 1011 2576 mo:-

221 2611 278 2631 ror.
296 2602 396 2630 Vcrum
424 2603 482 2630 haec
497 2602 567 2637 apud
583 2598 861 2634 Constantinopolim.
877 2596 1011 2624 Caeterum

222 2658 306 2686 penes
342 2649 536 2677 Alexandriam
574 2648 721 2675 Dioscorus
747 2644 892 2673 confestim
921 2641 1014 2678 Cyrilli

222 2701 355 2733 cognatos
386 2697 414 2724 in
441 2695 599 2732 primordiis
625 2695 683 2721 suis
710 2693 834 2720 devastat
859 2695 886 2717 et
917 2690 1014 2717 borum

605 143 789 174 HISTORIA
803 142 1099 174 {ECCLESIASTICA
1120 141 1171 176 EX
1187 140 1427 170 THEOPHANE.

1763 136 1832 168 1230

1040 195 1206 232 patrimonia
1227 194 1511 229 deprzedatur,ﬁlium
1540 199 1630 221 autem
1656 193 1748 221 fratris
1774 194 1834 228 ejus

1048 240 1228 269 Athanasium
1246 240 1435 275 presbyterum
1451 240 1511 267 sine
1528 239 1607 274 culpa
1622 239 1760 275 deposuit.
1774 239 1836 267 Ilaec

1049 292 1139 315 autem
1157 286 1275 314 faciebat
1298 289 1380 313 rectae
1394 285 1487 321 Cyrilli
1506 285 1567 313 fidei
1583 286 1754 319 adversatus,
1773 293 1836 313 cum

1047 337 1123 360 esset
1150 332 1295 360 hatreticus
1320 335 1348 358 et
1371 339 1405 359 ex
1427 329 1555 359 mollibus
1582 332 1691 365 ungulis
1720 339 1751 359 ea
1777 340 1837 366 qua:
1853 335 1864 351 τ

1047 383 1112 406 sunt
1136 377 1264 414 Origcnis
1286 379 1412 406 sentiret.
1425 378 1598 405 Irascebatur
1621 383 1710 406 autern
1735 383 1762 406 et
1779 378 1839 406 Fla-

1046 426 1138 458 viano,
1154 432 1188 452 eo
1200 425 1272 460 quod
1290 425 1428 452 modicum
1443 423 1507 459 quid
1533 423 1594 459 opis
1614 423 1685 451 beati
1702 424 1839 452 conferret

1047 472 1142 508 Cyrilli
1164 471 1299 506 cognatis.
1316 471 1384 498 Cum
1408 478 1473 505 ergo
1494 470 1682 506 Chrysaphius
1702 476 1776 499 esset
1789 472 1839 498 im-

1047 519 1119 552 pius,
1143 517 1237 545 videre
1256 525 1309 544 non
1329 517 1420 544 ferens
1442 516 1626 544 Ecclesiarum
1652 517 1838 549 concordiam,

1047 571 1157 599 operam
1189 563 1273 591 dabat
1304 567 1333 590 ut
1364 564 1544 591 conturbaret
1576 571 1634 596 eas,
1663 566 1690 590 et
1722 562 1841 591 diversis

1047 613 1136 640 modis
1166 612 1264 647 agebat
1291 617 1320 640 ut
1342 610 1504 638 Flavianum
1523 610 1559 637 ab
1573 610 1732 645 episcopatu
1749 610 1842 645 depel—

1046 659 1124 691 leret,
1143 660 1239 686 volens
1256 658 1400 693 Eutychen
1417 657 1564 692 quemdam
1578 664 1676 684 sensus
1692 656 1734 683 sui
1749 657 1841 682 archi-

1045 705 1211 732 mandritam
1242 704 1276 731 ad
1316 704 1505 739 episcopatum
1535 703 1596 737 ejus
1619 702 1788 737 provehere;
1814 707 1842 729 et

1045 751 1177 784 quoniam
1189 751 1333 778 l’uleheria
1347 757 1391 778 res
1403 750 1499 778 civiles
1517 750 1653 776 retinente
1666 748 1733 776 nihil
1745 748 1842 781 valuit,

1045 798 1134 832 primo
1151 797 1297 825 insidiatur
1312 796 1440 824 Eudociae
1456 795 1618 823 insidiarum
1633 793 1693 830 ejus
1721 794 1843 821 nondum

1046 848 1175 879 expertte,
1192 847 1218 871 et
1240 843 1267 870 in
1292 843 1406 870 livorem
1430 849 1490 869 eam
1518 842 1632 876 instigat
1653 846 1749 868 contra
1779 847 1843 875 pro-

1050 890 1137 925 priam
1162 893 1289 920 matrem,
1307 893 1335 916 et
1360 887 1484 915 immittit
1509 887 1547 919 ei,
1574 891 1606 913 ut
1627 890 1654 914 et
1672 885 1712 912 illi
1729 885 1843 921 deroget

1052 935 1123 970 apud
1140 937 1333 970 imperatorem
1347 938 1374 962 et
1387 933 1467 961 tollat
1480 933 1513 960 ad
1526 940 1556 960 se
1571 932 1761 968 praepositum,
1774 939 1843 966 quo-

1051 982 1125 1009 niam
1148 981 1311 1016 praepositus
1339 980 1373 1007 ad
1397 979 1605 1014 dispositionem
1629 985 1721 1005 rerum
1746 985 1843 1012 perue-

1052 1028 1192 1056 cessarius
1223 1031 1283 1054 erat
1318 1026 1479 1053 Pulcheriaa.
1514 1025 1667 1060 Imperator
1686 1028 1777 1051 aulum
1811 1024 1845 1050 ab

1053 1081 1140 1100 uxore
1161 1072 1297 1099 molestiis
1320 1071 1462 1105 fatigatus,
1481 1070 1564 1097 mittit
1588 1069 1612 1096 ei
1634 1069 1748 1097 dicens:
1765 1067 1805 1096 Ne
1821 1073 1845 1095 ιε

1054 1120 1102 1146 hoc
1118 1120 1220 1146 tristem
1236 1117 1351 1145 reddat:
1369 1117 1541 1152 prmpositum
1557 1116 1627 1143 enirn
1650 1120 1673 1142 te
1688 1115 1783 1142 habere
1794 1122 1846 1142 non

1053 1171 1092 1193 est
1118 1165 1255 1200 possibile,
1279 1172 1361 1199 neque
1387 1171 1471 1190 nteant
1496 1170 1613 1190 sororem
1631 1161 1693 1188 bene
1717 1166 1742 1188 et
1764 1161 1846 1196 perite

1054 1221 1087 1239 ac
1119 1212 1160 1246 pie
1195 1211 1286 1238 omnia
1316 1211 1495 1244 disponentem
1522 1216 1568 1244 ego
1592 1208 1701 1242 repello.
1720 1207 1847 1236 lncllicax

1054 1264 1118 1291 ergo
1133 1255 1324 1291 Clirysaphius
1339 1261 1421 1289 super
1439 1253 1492 1281 hoc
1516 1253 1631 1281 effectus
1645 1252 1678 1280 ad
1698 1253 1772 1280 aliud
1787 1260 1847 1280 ver-

1054 1304 1123 1331 titur
1149 1303 1373 1333 instrumentum,
1392 1304 1420 1328 et
1437 1299 1562 1336 suggerit
1585 1299 1715 1328 Eudociae
1739 1303 1768 1326 ut
1790 1307 1848 1327 mo-

1055 1351 1123 1378 lesta
1147 1348 1308 1384 imperatori
1334 1348 1462 1375 suaderet
1484 1347 1521 1379 ei,
1539 1354 1593 1381 quo
1619 1346 1777 1381 praeciperet
1800 1353 1848 1380 pa-

1054 1395 1181 1422 triarcha:
1194 1401 1359 1422 consecrare
1374 1393 1450 1420 illam
1465 1392 1622 1423 diaconam,
1641 1397 1771 1425 tanquam
1785 1398 1848 1426 quas

1054 1440 1241 1475 virginitatem
1259 1439 1400 1474 elegisset.
1419 1439 1453 1466 Et
1464 1438 1569 1465 diutius
1595 1437 1715 1465 Eudocia
1735 1438 1850 1472 impera-

1054 1486 1107 1513 tori
1133 1485 1248 1513 molesta
1280 1483 1418 1519 persuasit
1447 1482 1554 1510 levitati
1578 1482 1649 1516 ejus.
1671 1481 1761 1516 Super
1794 1488 1849 1515 quo

1053 1532 1151 1567 jussus
1166 1531 1314 1559 Flavianus
1328 1530 1362 1557 ab
1374 1530 1540 1564 imperatore
1557 1528 1686 1555 trislatus
1701 1531 1742 1554 est
1758 1527 1848 1558 valde,

1057 1579 1229 1616 prospiciens
1246 1578 1339 1606 futura
1352 1586 1385 1606 ex
1409 1577 1462 1604 hoc
1488 1575 1618 1604 scandala
1641 1575 1792 1603 nascitura.
1818 1573 1851 1601 Et

1057 1626 1218 1661 imperatori
1249 1625 1358 1660 quidem
1398 1623 1575 1659 repromisit,
1606 1621 1758 1649 Pulcheriae
1784 1629 1850 1648 vero

1057 1673 1167 1708 scripsit
1185 1680 1287 1707 rogans
1316 1678 1376 1698 eam
1407 1678 1442 1698 ne
1465 1669 1563 1697 saltem
1588 1672 1652 1696 ante
1675 1667 1773 1700 faciem
1791 1666 1852 1701 ejus

1057 1720 1172 1752 veniret,
1193 1727 1226 1745 ne
1239 1726 1330 1752 cogar,
1360 1716 1461 1751 inquit,
1492 1723 1569 1750 agere
1593 1714 1657 1749 quid
1682 1721 1774 1740 eorum
1792 1720 1852 1748 qutv

1058 1771 1082 1794 te
1105 1766 1275 1794 contristent.
1293 1763 1339 1790 Illa
1355 1769 1420 1798 ergo
1436 1769 1469 1789 ex
1483 1761 1527 1788 bis
1549 1767 1609 1795 qua!
1624 1759 1727 1794 scripta
1743 1759 1853 1786 fuerant

1058 1811 1215 1846 intelligens
1253 1809 1326 1844 quod
1362 1807 1577 1838 meditabantur,
1609 1809 1636 1833 et
1674 1805 1851 1840 praepositum

1057 1856 1185 1884 Eudociae
1215 1853 1389 1883 transmittit.
1402 1856 1430 1880 et
1447 1852 1506 1887 ipsa
1534 1851 1630 1878 exiens
1655 1850 1682 1878 in
1701 1850 1852 1878 libdomtnn

1058 1902 1145 1931 siluit.
1169 1901 1208 1928 Ex
1229 1901 1280 1927 hoc
1299 1899 1392 1934 itaque
1412 1898 1563 1931 imperator
1587 1901 1614 1924 et
1633 1896 1753 1924 Eudocia
1774 1895 1853 1923 valde

1058 1954 1154 1978 contra
1181 1948 1344 1975 Flavianum
1369 1945 1465 1972 tristes
1490 1943 1578 1972 effecti
1595 1946 1669 1974 sunt,
1682 1943 1755 1977 quod
1771 1951 1852 1971 suum

1059 1997 1213 2025 ret'classet
1229 1999 1379 2022 secretum.
1396 1992 1483 2019 Porro
1499 1991 1634 2019 Eusebius
1656 1990 1851 2022 scholasticus,

1058 2043 1104 2077 qui
1118 2042 1223 2077 primus
1236 2039 1394 2067 Nestorium
1417 2036 1605 2073 reprehendit,
1618 2036 1652 2064 ad
1663 2036 1852 2071 episcopatum

1060 2088 1169 2116 Dorilaai
1190 2091 1344 2123 promotus,
1371 2089 1398 2113 et
1415 2085 1448 2112 de
1470 2084 1524 2112 lide
1540 2091 1602 2111 cum
1622 2083 1744 2119 Eutyche
1761 2084 1854 2111 urchi-

1060 2135 1199 2164 mandrita
1223 2135 1378 2169 disputans,
1404 2132 1508 2170 invenit
1537 2139 1599 2158 eum
1622 2138 1678 2158 non
1710 2134 1785 2157 recta
1808 2138 1854 2158 sa-

1060 2183 1198 2218 pientem;
1213 2181 1259 2216 qui
1285 2187 1347 2208 cum
1371 2179 1487 2206 multum
1507 2177 1806 2211 commonensjuvare
1821 2177 1854 2204 il-

1062 2231 1117 2257 lum
1140 2227 1320 2263 nequivisset,
1347 2225 1441 2254 retulit
1460 2224 1495 2253 de
1511 2231 1545 2252 eo
1559 2223 1691 2250 Flaviano
1714 2223 1854 2258 episcopo.

1063 2278 1110 2313 qui
1133 2276 1315 2312 quadraginta
1344 2273 1537 2308 episc0porum
1559 2270 1678 2298 concilio
1691 2274 1855 2304 congregato

1065 2323 1175 2351 adducit
1191 2320 1345 2356 Eutychen,
1360 2323 1387 2345 et
1401 2318 1480 2352 juxta
1504 2322 1612 2344 omnem
1631 2315 1853 2349 consequentiam

1063 2369 1220 2403 regularum
1249 2362 1501 2392 ecclesiasticarum
1529 2359 1684 2388 discutiens
1711 2359 1854 2386 inventum

1063 2413 1210 2441 subdolum
1229 2415 1257 2439 et
1275 2409 1433 2438 lmreticum
1454 2406 1593 2442 deposuit.
1605 2404 1794 2439 Chrysapbius
1805 2411 1855 2430 au-

1064 2465 1117 2487 tem
1146 2458 1230 2493 hujus
1246 2463 1364 2484 concors
1379 2454 1511 2490 palatium
1537 2456 1645 2482 tenens.
1664 2451 1707 2478 his
1739 2449 1855 2485 cognitis

1062 2506 1090 2533 in
1116 2505 1184 2531 iram
1208 2502 1378 2539 peramplius
1392 2504 1489 2528 contra
1506 2498 1667 2526 Flavianum
1682 2495 1853 2527 accenditur,

1063 2556 1089 2579 et
1115 2551 1223 2578 intimat
1253 2548 1385 2576 Dioscoro
1410 2545 1597 2574 Alexandrino
1625 2550 1656 2571 se
1678 2543 1704 2570 in
1731 2542 1774 2569 his
1794 2548 1856 2576 qua:

1064 2597 1140 2625 cordi
1165 2597 1226 2632 ejus
1254 2599 1349 2623 essent
1375 2601 1424 2629 per
1457 2592 1550 2621 omnia
1583 2593 1805 2625 cooperaturum,
1830 2586 1854 2614 si

1066 2644 1118 2671 sibi
1150 2643 1176 2670 in
1198 2640 1343 2669 calumniis
1366 2643 1464 2668 contra
1487 2637 1647 2665 Flavianum
1663 2639 1691 2662 et
1707 2633 1854 2662 Eusebiqu

1067 2689 1127 2724 ipsc
1145 2691 1322 2715 concurreret
1336 2691 1386 2721 pro
1409 2684 1586 2720 Eutycheque
1605 2684 1751 2716 satageret.
1768 2678 1856 2706 Movet

980 2757 1097 2786 ΝΟΤᾸΞ.

262 2819 315 2852 (15)
336 2816 542 2845 Benedictionrs.
560 2813 591 2840 V'.
609 2812 766 2852 .‘Itt‘liiil‘lIanl
781 2809 818 2852 ,λιι
830 2807 1012 2852 Eoneordiar‘n

226 2843 393 2916 Fab-uin.
413 2851 596 2879 Flodoanlnm
632 2848 703 2875 Iliat.
726 2846 796 2873 Eccl.
827 2844 901 2871 Rem.
923 2851 953 2872 ll.
972 2843 1016 2869 ll.

248 2897 308 2916 Αιιιι.

1105 2806 1159 2842 (I6)
1181 2805 1258 2838 Quod
1287 2800 1644 2842 factum,Fabrottts.-Iilettt
1668 2805 1730 2825 mox
1762 2804 1856 2824 aurern

1072 2836 1162 2877 posuit
1180 2836 1230 2877 pro
1243 2848 1276 2868 eo
1287 2836 1363 2876 q'nod
1379 2841 1438 2866 erat
1450 2841 1537 2864 autem
1552 2836 1680 2862 Androm.
