2035 3153
201 142 265 176 1231

747 139 946 171 ANASTASII
972 135 1284 169 BIBLIOTHECARII

1779 130 1848 164 1232

201 206 293 229 autent
319 198 352 226 ad
375 197 400 226 id
427 197 511 225 etiam
542 191 694 231 Augustam
723 195 886 227 Eudociam,
908 193 998 221 tristia
1013 194 1038 224 Α
1051 192 1269 227 Hierosolymam
1298 198 1329 218 se
1359 188 1472 221 dimitti,
1504 192 1532 216 ct
1557 188 1710 222 assumptis
1742 186 1848 216 Severo

201 247 236 275 de
253 244 399 273 Pulchcria
424 247 523 272 contra
551 242 714 270 Flavianum
742 248 900 269 memorans
928 239 999 275 apud

204 293 298 326 illam;
326 294 353 318 et
378 290 436 324 agit
467 292 584 323 uterque
607 294 664 322 quo
694 287 844 321 imperator
879 285 1000 313 sanciret

201 336 354 365 secundum
384 333 486 369 Ephesi
513 333 677 368 congregari
700 331 859 363 concilium.
874 331 918 359 cui
935 330 1000 357 Dio-

201 391 283 412 scoro
306 388 426 418 praeesse
449 380 618 412 concedunt,
634 380 774 407 mittentes
799 378 824 406 ei
848 377 998 406 exercituum

202 430 352 466 plurimum
379 427 406 455 in
437 426 593 459 auxilium;
617 432 736 461 cumque
752 423 910 452 latrocinali
934 424 999 451 huic

201 475 322 503 concilio
337 473 524 509 praesedisset,
540 479 595 500 non
611 471 737 507 permisit
749 471 848 498 adesse
858 469 997 498 notarium

201 521 286 548 alium
297 519 424 552 concilio,
439 518 487 546 sed
503 524 570 546 suos
588 521 695 544 tantum
722 516 788 544 fecit
802 516 925 544 scribere
939 522 1000 551 qua:

201 565 379 601 gerebantur.
401 564 524 597 Qumstio
551 570 617 598 ergo
645 569 707 590 cum
733 561 818 595 ﬁeret,
839 561 1000 597 exigebatur

202 612 339 647 Eutycth
350 611 488 645 propriam
501 609 632 637 exhibere
645 608 815 644 opinionem,
827 608 874 643 qui
887 615 1000 643 respon-

200 659 239 685 dit
264 658 377 686 dicens:
394 656 527 690 Conﬁteor
541 663 574 683 ea:
587 655 693 682 duabus
711 655 814 682 naturis
837 655 921 689 fuisse
943 654 999 681 Da-

201 705 303 732 minum
330 708 452 731 nostrum
467 707 528 730 ante
553 702 764 729 adunationem:
780 706 838 736 post
858 701 1000 729 adunatio—

201 759 260 778 nem
275 757 335 777 vero
350 754 574 776 unamrnat‘uram
600 749 737 782 conﬁteor.
755 747 832 776 Tunc
851 748 998 776 Dioscorus

201 797 294 824 dixit:
313 795 347 822 Et
370 804 417 823 nos
432 803 522 822 omnes
538 795 579 822 liis
597 795 757 822 assentimus
769 804 776 828 ;
788 799 816 823 et
829 795 881 823 loci
905 803 1000 823 serva—

203 847 278 870 tores
296 842 351 878 (t'l)
367 842 477 877 quidem
490 841 600 869 Leonis
625 848 702 877 papae
724 841 852 873 Romani,
873 839 998 869 Dioscori

201 889 325 918 videntes
340 889 483 924 impetum,
499 892 527 915 et
541 887 616 923 quod
632 887 777 923 epistolam
797 895 872 922 papa:
889 887 923 914 ad
938 886 1000 913 Fla-

201 935 312 962 vianum
346 941 400 961 non
436 933 594 968 permiserit
617 932 682 968 legi,
707 939 798 967 neque
818 932 892 959 illam
917 939 1000 966 quam

203 980 237 1007 ad
255 979 391 1015 synodum
407 979 533 1011 miserat,
563 978 612 1006 sed
638 978 805 1013 despexerit,
830 978 960 1013 fugerunt
974 981 1001 1005 et

202 1025 406 1054 descenderunt
429 1025 554 1052 Romam.
587 1024 674 1052 Porro
706 1024 856 1052 Dioscorus
884 1024 1000 1060 Eutychi

205 1070 392 1099 sacerdotium
422 1068 522 1101 reddit,
553 1068 703 1096 Eusebium
739 1076 804 1096 vero
834 1068 942 1096 Dorilzci
975 1072 1002 1096 et

204 1115 364 1143 Flavianum
391 1114 727 1150 Constantinopolitanum
757 1114 784 1142 in
808 1119 934 1149 promptu
952 1113 1002 1141 de-

206 1169 311 1198 ponere
326 1161 435 1194 habuit,
475 1161 522 1197 qui
548 1164 576 1188 et
595 1164 658 1187 ante
681 1160 882 1195 depositioncm
901 1160 1002 1195 impul-

205 1208 334 1236 siouibus
349 1206 510 1235 ct~ealcibus
521 1213 536 1233 a
552 1206 683 1234 Dioscoro
697 1207 852 1234 submissus
866 1207 1002 1235 tertianus

206 1254 291 1282 vitam
307 1253 438 1287 mutavit;
457 1257 484 1280 et
497 1252 531 1280 de
545 1257 645 1280 calere
667 1253 692 1280 vi
711 1252 827 1279 militum
853 1257 881 1280 et
896 1252 1003 1287 gladio-

207 1308 268 1328 rum
293 1299 417 1336 episcopi
448 1299 626 1327 subscribere
653 1299 744 1326 coacti
777 1301 853 1326 sunt.
881 1297 1004 1326 Domnus

208 1352 299 1375 autem
321 1346 512 1374 Antiocheam
528 1345 697 1381 «episcopus,
719 1349 866 1380 postquam
886 1345 912 1371 vi
937 1344 1004 1372 sub-

207 1392 332 1428 scripsit,
349 1392 376 1419 in
392 1399 422 1420 se
440 1398 568 1419 reversus
582 1391 671 1418 erexit
685 1397 716 1418 se
729 1396 827 1418 contra
841 1390 1003 1418 Dioscorum

209 1439 371 1475 principem,
386 1437 543 1466 vociferans
559 1437 693 1465 adversus
707 1444 739 1464 ea
754 1444 817 1472 qua
832 1441 908 1472 gesta
925 1440 1002 1468 sunt,

208 1489 236 1513 et
263 1484 431 1519 impietatem
464 1483 612 1512 concilium
633 1483 792 1516 nominans,
821 1487 849 1511 et
883 1482 1006 1511 subscri-

1014 869 1036 897 Β

210 1531 330 1567 ptionem
346 1538 423 1558 suam
438 1537 563 1565 quarens
581 1529 716 1565 recipere.
735 1528 783 1557 His
798 1529 918 1564 cognitis
935 1536 1005 1564 papa
1020 1542 1043 1574 ο

208 1576 266 1604 Leo
285 1575 392 1603 accedit
415 1583 478 1603 cum
507 1575 637 1610 lacrymis
652 1574 686 1601 ad
701 1574 892 1610 imperatorem
908 1574 1008 1602 Valen-

211 1622 347 1650 tinianum
364 1620 446 1660 simul
463 1624 490 1648 et
509 1621 659 1655 Augustas,
682 1624 778 1655 petens
796 1620 931 1656 epistolas
953 1620 1005 1647 im-

211 1667 335 1703 peratori
367 1665 526 1694 Theodosio
563 1673 613 1700 pro
654 1666 846 1694 emendatione
874 1666 1007 1701 patranda

211 1721 319 1746 eorum,
331 1721 392 1749 qua:
407 1713 479 1748 apud
491 1713 630 1748 Ephesum
643 1712 770 1747 nequiter
780 1717 807 1740 et
819 1711 1008 1747 irregulariter

211 1764 273 1789 acta
288 1764 364 1792 sunt,
380 1758 578 1791 destinandas;
594 1757 642 1793 qui
655 1757 785 1786 rescribit
800 1757 928 1785 Eudociaa
944 1757 1007 1785 ﬁlim

212 1808 268 1834 ita:
285 1806 342 1834 lloc
367 1804 506 1833 dulcedini
529 1811 581 1831 tua:
604 1805 644 1831 ita
670 1808 762 1831 notum
788 1812 844 1832 esse
860 1804 928 1837 uolo,
945 1804 1008 1839 quia

212 1853 361 1880 Flavianus
388 1852 478 1879 divino
495 1850 598 1886 judicio
615 1850 647 1878 ab
663 1851 782 1878 ccclesiis
807 1850 906 1885 ejecta:
923 1855 962 1877 est
978 1854 1007 1876 ut

212 1899 362 1926 multarum
393 1898 575 1926 turbatiomtm
606 1903 712 1925 auctor.
740 1897 826 1925 Porro
859 1897 1008 1925 Dioscorus

211 1945 340 1981 deposuit
353 1944 603 1978 etTheodoretum,
619 1948 646 1972 et
659 1944 744 1975 Ibam,
762 1948 790 1971 et
804 1942 954 1976 Andream,
978 1946 1006 1971 et

212 1991 347 2019 Domuum
362 1992 561 2020 Antiochenum
583 1994 610 2019 et
635 1990 704 2018 alios
729 1989 882 2018 Orientales
901 1989 1008 2025 episco-

213 2046 274 2074 pos.
307 2037 481 2066 Theodosius
513 2041 604 2064 autem
634 2036 784 2071 imperator
807 2035 918 2063 mobilis
949 2038 1009 2063 erat

212 2083 285 2111 omni
314 2087 398 2110 vento
424 2082 617 2114 circumlatus,
648 2081 720 2109 unde
739 2081 812 2108 etin
828 2081 930 2108 chartis
953 2088 1008 2108 non

213 2129 292 2157 lectis
311 2128 513 2156 subscribebat.
530 2127 634 2155 Eodem
656 2135 728 2155 anno
743 2127 912 2155 Gezericbus
933 2125 1008 2154 Van-

213 2177 304 2204 dalica
333 2176 510 2203 multitudine
535 2176 648 2211 opimus
672 2175 798 2208 umectus,
817 2179 845 2203 et
867 2182 897 2203 se
915 2181 1007 2208 regem

1054 239 1214 274 presbytero
1226 241 1253 265 et
1266 235 1372 264 Joanne
1387 235 1506 263 diacono
1522 234 1739 270 Hierosolymam
1760 234 1846 261 venit.

1054 285 1167 313 Disccns
1179 284 1282 312 interea
1295 283 1446 317 imperator
1466 281 1540 316 quod
1557 281 1602 309 isti
1620 285 1649 308 et
1663 281 1691 307 in
1708 280 1777 308 urbe
1793 280 1849 308 frc-

1052 335 1169 366 quentcr
1193 330 1228 358 ad
1247 337 1307 358 eam
1338 329 1500 357 accederent
1524 332 1553 356 et
1581 335 1644 355 cum
1666 327 1727 362 ipsa
1751 334 1850 355 rursus

1052 377 1251 412 Hierosolymis
1265 381 1370 408 essent,
1387 375 1529 410 multaque
1543 373 1598 402 illis
1609 373 1769 409 largiretur,
1785 373 1850 401 mit-

1052 429 1113 452 tens
1141 423 1289 451 decollavit
1305 430 1364 451 eos.
1383 422 1460 449 Tunc
1486 422 1638 456 imperator
1661 420 1770 448 beatam
1785 420 1851 448 Pul-

1052 470 1172 498 cheriam
1194 469 1295 505 oppido
1308 476 1409 505 rogans
1425 468 1460 496 ad
1478 468 1633 504 imperialia
1651 467 1770 499 reduxit,
1787 474 1851 501 quae

1052 525 1114 545 mox
1137 517 1251 545 mittens
1269 516 1405 552 Ephesum
1421 514 1575 551 asportavit
1587 513 1652 542 inde
1665 521 1767 548 corpus
1781 521 1852 541 sau-

1051 563 1088 592 cti
1104 563 1239 597 Flaviani,
1265 568 1293 591 ct
1314 570 1376 591 cum
1394 562 1482 590 multo
1498 561 1627 590 deferens
1646 560 1783 594 obsequio
1800 567 1852 595 per

1051 609 1172 637 medium
1194 609 1270 637 urbis
1304 608 1431 645 sepelivit
1459 608 1531 642 apud
1556 611 1670 635 sanctos
1695 606 1850 641 apostolos.

1052 655 1158 683 Interea
1182 655 1286 683 Attilae
1307 655 1423 691 Scytha,
1439 655 1482 682 vir
1500 653 1580 681 fortis
1595 657 1678 688 atque
1701 652 1850 688 superbus,

1051 701 1177 736 deposito
1205 701 1296 728 Ddella
1324 701 1427 728 seniori
1457 700 1540 727 fratre
1571 699 1647 727 solus
1672 698 1850 734 Scytharum,

1051 755 1121 783 quos
1132 747 1247 774 Hunnos
1262 750 1374 778 vocant,
1393 746 1565 781 principatus
1582 752 1678 780 regno,
1693 752 1740 779 per
1757 743 1852 770 Thra-

1051 802 1110 822 cem
1140 793 1285 825 discurrit,
1312 797 1339 821 et
1360 800 1470 820 onmem
1497 792 1635 819 civitatem
1650 796 1677 818 et
1696 795 1789 818 castra
1818 790 1847 817 in

1057 841 1216 869 servitutem
1233 840 1350 876 redegit,
1369 844 1468 875 praeter
1485 839 1708 874 Hadrianopolim
1722 843 1750 866 et
1763 836 1851 865 [fera-

1052 887 1146 919 cliam.
1157 895 1219 922 qua;
1231 887 1369 921 quondam
1390 885 1537 914 Perinthus
1561 885 1722 913 vocabatur.
1736 883 1852 920 Cogitur

1053 940 1119 968 ergo
1136 932 1310 960 Theodosius
1331 931 1495 967 legationem
1511 931 1602 958 Attila:
1623 931 1744 962 mittere,
1761 935 1789 958 et
1802 938 1852 958 sex

1053 979 1141 1006 millia
1154 978 1288 1006 librarum
1305 978 1329 1005 ei
1348 985 1396 1013 pro
1409 985 1520 1005 recessu
1536 977 1662 1012 praebens
1677 976 1754 1004 mille
1769 976 1852 1003 libra-

1053 1032 1114 1052 rum
1130 1032 1253 1052 annuum
1271 1024 1406 1051 tributum
1423 1023 1580 1058 persolvere
1593 1023 1750 1058 pollicetur.
1767 1022 1852 1057 igitur

1053 1079 1116 1099 cum
1133 1071 1259 1099 Romana
1270 1071 1359 1098 virtus
1371 1077 1385 1097 a
1401 1070 1472 1098 bello
1487 1070 1616 1098 rcdiisset
1627 1069 1701 1104 quod
1716 1068 1852 1096 adversus

1053 1116 1167 1143 Attilam
1188 1115 1279 1144 fuerat
1291 1115 1473 1147 destinatum,
1500 1121 1555 1142 non
1580 1114 1667 1141 multo
1678 1117 1741 1149 post
1759 1113 1853 1140 Theo-

1049 1163 1149 1197 dosius
1178 1162 1307 1190 moritur.
1331 1161 1417 1189 Porro
1443 1161 1523 1189 beata
1542 1160 1708 1194 .Pulcheria,
1728 1159 1850 1187 nondum

1055 1208 1183 1244 cuiquam
1212 1208 1389 1243 imperatoris
1416 1211 1505 1234 morte
1522 1209 1674 1242 comperta,
1707 1205 1851 1233 Marciano

1056 1254 1201 1288 accersito,
1221 1254 1250 1282 in
1282 1254 1416 1289 religione
1441 1261 1474 1281 ac
1498 1253 1632 1289 pudicitia
1658 1256 1851 1285 conversante,

1055 1309 1121 1329 sene
1138 1300 1267 1329 videlicet
1290 1305 1318 1328 et
1344 1300 1442 1328 idoneo
1467 1300 1537 1331 viro,
1560 1299 1628 1328 dicit
1643 1299 1688 1327 ei:
1715 1298 1852 1332 Quoniam

1056 1347 1202 1380 imperator
1227 1350 1349 1373 mortuus
1375 1350 1425 1378 est,
1447 1351 1474 1373 et
1499 1353 1546 1380 ego
1572 1350 1598 1372 te
1623 1344 1690 1380 elegi
1721 1349 1851 1378 tanquam

1057 1391 1266 1426 benepiacentem
1301 1399 1335 1418 ea:
1365 1391 1437 1418 omni
1464 1395 1571 1424 senatu,
1600 1390 1635 1417 da
1662 1389 1726 1416 mihi
1745 1389 1851 1416 uerbum

1056 1437 1125 1473 quod
1140 1437 1278 1464 custodias
1298 1437 1478 1472 virginitatem
1494 1444 1592 1467 meam,
1607 1443 1686 1471 quam
1711 1434 1765 1462 Deo
1780 1442 1854 1461 com-

1057 1483 1130 1516 misi,
1147 1487 1172 1510 et
1187 1483 1363 1518 pronuntiabo
1381 1487 1406 1510 te
1422 1483 1626 1516 imperatorem;
1642 1481 1716 1516 quod
1734 1488 1769 1508 eo
1795 1480 1854 1514 po!-

1057 1530 1168 1564 licente,
1194 1530 1330 1559 accersito
1362 1529 1521 1566 patriarcha
1552 1529 1656 1564 pariter
1684 1533 1713 1555 et
1740 1530 1853 1559 senatu,

1059 1577 1246 1612 pronuntiavit
1272 1584 1335 1605 eum
1363 1577 1558 1612 imperatorem
1579 1575 1778 1602 Romanorum.

1095 1622 1188 1649 Mundi
1221 1629 1295 1650 anno
1325 1621 1406 1654 5943,
1437 1621 1538 1649 divina;
1564 1619 1761 1648 incarnationis
1786 1618 1853 1651 H3,

1061 1670 1217 1698 Marcianus
1232 1670 1294 1705 pius
1309 1669 1403 1697 divino
1417 1669 1529 1697 decreto
1555 1669 1706 1704 imperator
1719 1672 1853 1695 ostensus

1060 1723 1156 1744 omnes
1166 1715 1212 1751 qui
1225 1715 1252 1743 in
1266 1715 1456 1749 exsilioferant
1468 1714 1616 1741 revocavit.
1625 1712 1767 1740 Pulcheria
1785 1719 1853 1739 vero

1060 1769 1189 1797 perosum
1206 1761 1407 1797 Clirysaphinm
1433 1760 1591 1788 eunuchum
1610 1759 1723 1786 tradidit
1736 1757 1852 1786 Jordani

1061 1808 1116 1836 filio
1137 1808 1262 1841 Joannis,
1281 1807 1328 1843 qui
1353 1807 1526 1843 tyrannidem
1545 1805 1617 1840 apud
1634 1806 1787 1833 Romanam
1803 1812 1854 1831 ur-

1059 1855 1121 1883 bem
1134 1855 1269 1887 exercuit,
1295 1854 1445 1888 multisque
1460 1852 1570 1881 Christo
1591 1852 1695 1880 erectis
1709 1851 1851 1884 ecclesiis,

1061 1901 1254 1936 praecipueque
1265 1900 1292 1928 in
1308 1898 1469 1927 Dlachernis
1487 1897 1634 1926 laudabilis
1656 1897 1779 1924 Domina:
1796 1905 1850 1924 no-

1059 1951 1123 1975 stra:
1136 1946 1182 1975 Dei
1194 1946 1340 1974 Genitricis
1351 1946 1378 1973 in
1389 1944 1525 1981 principio
1542 1944 1651 1980 imperii
1665 1943 1701 1978 pii
1715 1943 1850 1971 Marciani

1059 1993 1205 2022 ecclesiam
1235 1993 1309 2021 fecit.
1344 1991 1430 2020 Porro
1457 1992 1555 2020 beatus
1582 1998 1652 2027 papa
1668 1990 1723 2019 Leo
1738 1990 1853 2025 scripsit

1059 2039 1211 2073 Marciano,
1240 2043 1336 2073 pctcns
1363 2043 1393 2066 ut
1419 2045 1482 2074 quae
1505 2042 1671 2073 praesumpta
1699 2037 1810 2065 fuerant
1835 2045 1852 2064 a

1060 2087 1192 2115 Dioscoro
1220 2089 1250 2114 et
1276 2085 1399 2121 Eutyche
1419 2085 1489 2121 apud
1500 2084 1640 2120 Ephesum
1655 2085 1682 2112 in
1698 2083 1727 2112 S.
1745 2083 1854 2111 Flavia-

1060 2140 1125 2160 num
1151 2131 1359 2167 requirerentur
1383 2137 1475 2159 coram
1510 2130 1661 2159 universali
1685 2130 1801 2164 synodo,
1824 2135 1853 2158 et

1058 2177 1141 2212 jussit
1157 2177 1305 2212 imperator
1316 2176 1407 2211 colligi
1423 2179 1540 2204 cunctos
1554 2175 1710 2211 episcopos.
1721 2175 1853 2203 Secundo

215 2228 318 2249 vocans
333 2224 426 2248 terra:
452 2228 484 2248 ac
509 2222 595 2249 maris
619 2220 829 2255 insularumque
847 2219 1007 2251 multarum.
1023 2214 1046 2242 1)
1061 2224 1154 2258 itaque
1169 2222 1278 2258 imperii
1308 2221 1440 2250 Marciani
1466 2229 1540 2250 anno
1559 2221 1734 2249 Chalcedone
1753 2226 1853 2249 sant-la

214 2265 400 2294 Theodosium
427 2266 621 2294 contristabat.
652 2265 724 2294 Sane
747 2273 803 2293 non
832 2265 918 2293 multo
944 2268 1007 2300 post

215 2312 382 2347 resipiscens
416 2311 606 2344 Theodosius,
635 2317 664 2340 et
694 2318 897 2347 recognoscens
928 2318 958 2338 se
991 2318 1007 2338 a

214 2359 379 2394 Chrysaphii
413 2359 543 2387 versutiis
572 2358 658 2387 fuisse
672 2358 830 2394 deceptum,
845 2358 1009 2386 tristabatur

214 2413 298 2440 super
313 2405 454 2441 impietate
479 2413 513 2433 ac
537 2405 673 2440 iniustitia
699 2412 761 2440 qua:
775 2404 848 2432 facta
875 2404 966 2432 fuerat
979 2404 1009 2431 in

213 2451 376 2480 Flavianum
407 2457 434 2480 et
460 2451 582 2487 reliquos
604 2451 760 2487 episcopos.
787 2450 820 2478 Et
849 2451 1009 2486 indignatus

213 2498 495 2536 vehementcr_primo
521 2497 633 2533 quidem
649 2497 772 2526 exsulem
795 2497 859 2525 fecit
884 2497 911 2525 in
933 2497 1009 2525 insu-

213 2545 267 2572 lam
300 2544 446 2580 quamdam
475 2544 689 2580 Chrysaphium,
714 2544 742 2571 in
765 2543 915 2571 Eudociam
940 2551 1006 2570 vero

213 2591 292 2620 valde
302 2596 503 2625 commovetur,
519 2591 591 2619 hanc
605 2590 728 2618 omnium
742 2590 877 2618 malorum
893 2596 1005 2617 causam

213 2637 368 2673 appellans,
391 2637 492 2672 quippe
511 2644 572 2672 qua:
584 2640 612 2664 et
628 2636 801 2665 Pulcheriam
817 2643 850 2663 ex
875 2635 1005 2671 imperia-

212 2685 286 2712 libus
310 2685 437 2712 insecuta
456 2684 493 2712 sit
513 2684 607 2716 simul,
635 2688 662 2711 et
686 2683 877 2719 improperans
897 2683 922 2710 ci
946 2689 1006 2717 quae

212 2735 336 2766 gesserat
349 2731 423 2760 circa
437 2730 592 2759 Paulinum.
608 2730 654 2758 Illa
664 2738 730 2758 vero
742 2731 885 2765 desperata
901 2729 1006 2765 rogavit

1058 2274 1156 2306 quarta
1182 2269 1255 2297 facta
1286 2272 1328 2297 est
1357 2268 1490 2304 synodus,
1515 2276 1610 2297 mense
1641 2268 1785 2301 Octobrio,
1807 2268 1853 2296 in-

1059 2316 1181 2344 dictione
1197 2315 1304 2351 quinta.
1316 2315 1451 2343 Omnibus
1468 2319 1559 2343 autem
1577 2314 1715 2350 episcopis
1733 2314 1760 2341 in
1773 2321 1851 2341 mar-

1061 2361 1132 2397 tyrio
1149 2360 1179 2389 S.
1196 2360 1354 2396 Euphemizn
1378 2367 1432 2388 una
1463 2367 1524 2388 cum
1542 2364 1639 2388 senatu
1663 2359 1855 2387 convenienti-

1059 2408 1122 2439 bus,
1139 2407 1264 2435 discussa
1279 2410 1345 2435 sunt
1365 2414 1427 2442 quae
1437 2406 1465 2434 in
1482 2406 1570 2441 prima
1593 2406 1744 2434 indictione
1767 2412 1855 2440 super

1060 2453 1183 2489 Eutyche
1199 2457 1277 2489 gesta
1292 2457 1369 2487 sunt,
1386 2458 1413 2481 et
1435 2460 1496 2488 quae
1511 2453 1582 2488 apud
1599 2452 1738 2487 Ephesum
1755 2456 1821 2479 sunt
1837 2459 1854 2479 a

1061 2499 1195 2528 Dioscoro
1220 2504 1323 2527 temere
1355 2502 1524 2534 perpetrata.
1565 2497 1715 2531 Queritans
1758 2501 1853 2524 autem

1061 2544 1212 2573 Dioscorus
1226 2545 1261 2572 de
1276 2544 1319 2573 his
1341 2543 1376 2572 ad
1393 2543 1576 2579 ignorantiam
1595 2547 1737 2578 gestorum
1752 2542 1853 2570 confu-

1060 2593 1117 2628 git:
1134 2592 1182 2620 sed
1195 2591 1316 2626 effugere
1333 2591 1568 2626 redargutionem,
1584 2597 1646 2625 quae
1657 2590 1685 2617 in
1698 2589 1768 2618 actis
1783 2588 1852 2617 elic-

1060 2639 1183 2672 rebatur,
1200 2645 1254 2666 non
1272 2639 1366 2666 valens
1386 2637 1539 2670 deﬁciebat,
1566 2641 1593 2665 et
1608 2637 1711 2664 veritas
1727 2635 1853 2663 denuda-

1061 2685 1152 2711 batur.
1176 2683 1255 2712 Tunc
1282 2683 1489 2712 excusationem
1513 2690 1568 2710 non
1589 2682 1694 2710 habens
1717 2680 1852 2708 confusus

1061 2736 1112 2758 est.
1126 2731 1157 2758 lli
1177 2738 1240 2759 vero
1255 2731 1302 2766 qui
1317 2738 1380 2758 cum
1392 2737 1425 2758 eo
1448 2729 1602 2757 latrocinali
1618 2728 1736 2756 concilio
1751 2735 1852 2755 consc—

972 2786 1090 2814 ΝΟΤΙΕ.

249 2835 305 2871 ii?)
322 2834 385 2863 Loci
400 2844 466 2864 tero.
499 2836 664 2864 Anastasius
687 2837 714 2864 in
741 2836 889 2864 collatione
905 2835 934 2863 S.
952 2835 1065 2863 Maximi
1090 2835 1237 2871 martyris:
1259 2845 1269 2861 ‹
1291 2838 1474 2871 compunctus
1491 2833 1624 2862 divinitus
1660 2836 1771 2868 praeter,
1796 2830 1850 2859 imo

215 2870 268 2899 loci
276 2875 401 2899 senator
416 2872 551 2906 pratoris.
568 2881 578 2897 ι
592 2871 624 2900 ν.
636 2872 725 2900 Gloss.
741 2872 775 2900 ad
789 2872 901 2900 Ccdrcn.
919 2871 1002 2899 FABR.
