2035 3153
189 211 259 245 1233

604 212 788 243 HISTORIA
803 212 1094 243 ECCLESIASTICA
1107 212 1159 243 EX
1174 212 1417 245 THEOPHANE.

1756 214 1825 249 1234

187 273 299 305 derunt,
313 269 513 307 redarguebant
529 278 591 299 cum
605 279 689 307 super
703 271 830 299 violentia
841 274 868 299 et
885 278 981 299 neces-
996 274 1019 301 Α
1033 278 1133 305 rogans
1154 278 1168 298 a
1183 270 1293 299 Maximi
1327 272 1471 308 tyrannide
1496 272 1618 301 liberari.
1635 273 1732 309 Magna
1757 282 1825 302 vero

188 319 271 347 sitate
286 325 369 353 quam
385 318 419 346 ab
433 318 492 353 ipso
523 318 704 353 pertulerant,
733 322 760 346 et
770 318 877 346 veniam
893 325 907 344 a
934 325 981 353 sy-

187 364 259 392 nodo
282 363 455 398 postulantes
472 364 575 399 recepti
595 367 679 398 sunt;
704 371 822 399 quorum
837 371 910 391 unus
923 368 983 390 eral.

186 408 330 436 Juvenalis
359 409 628 444 Hierosolymitanus
661 409 818 444 episcopus.
858 408 982 443 Cumque

188 455 336 483 defecisset
371 455 528 488 Dioscorus,
561 463 617 483 non
645 456 749 484 habens
776 457 980 484 excusatoriain

187 501 335 533 rationem,
350 502 422 528 ultra
438 502 464 528 in
480 501 585 537 synodo
602 509 735 537 apparere
747 504 750 511 '
761 509 846 530 ausus
862 510 915 530 non
928 507 980 530 est.

187 546 265 574 Tune
281 546 416 582 synodus,
434 541 571 582 praestante
591 555 714 583 quoque
728 547 894 582 imperatore
908 547 980 574 Mar-

186 594 266 620 ciano
279 598 306 621 et
321 596 430 624 senatu,
442 593 607 621 sententiam
626 593 738 628 protulit
755 598 853 620 contra
869 593 982 621 Diosco-

188 647 248 666 rum
262 644 289 666 et
298 638 451 673 Eutychen,
463 647 566 676 eosque
576 640 711 675 deposuit.
725 640 876 675 Imperator
890 643 981 667 autem

189 685 350 713 Dioscorum
365 686 474 721 quidem
488 686 515 714 in
532 685 650 722 Gaugris
664 687 763 714 exsilio
779 687 921 721 relegavit,
937 695 982 722 sy-

188 731 292 759 nodum
307 736 398 759 autem
411 733 525 760 laudans
538 733 608 760 dixit
621 741 627 761 :
644 732 754 761 Gratias
761 733 888 768 conﬁteor
896 734 982 760 maxi-

188 788 247 807 mas
261 771 380 807 omnium
393 785 546 808 nostrorum
580 779 646 813 Deo,
668 781 794 815 quoniam
816 781 908 808 ablata
925 781 983 808 dis-

187 827 282 854 cordia
312 827 339 854 in
368 835 449 854 unum
481 827 649 862 eamdemque
679 827 869 862 confessionem
895 828 983 854 cuncti

188 874 376 906 crnivenimus;
393 878 420 900 et
435 873 591 901 amabiliter
601 873 741 900 honorans
759 877 904 900 sexcentos
921 872 983 900 illos

187 924 214 946 et
231 919 340 954 triginta
356 918 465 952 Patres,
489 919 522 946 ad
548 926 597 946 sua
621 919 647 946 in
662 926 729 954 pace
759 926 984 954 unumquemque

189 965 317 992 absolvit.
336 964 422 992 Porro
437 969 616 993 consecratus
629 969 671 993 est
694 965 837 993 Proterius
854 972 905 1000 pro
923 964 981 992 Dio-

180 1016 269 1038 'scoro
283 1010 431 1046 episcopus
445 1011 627 1038 Alexandriae.

226 1055 320 1083 Mundi
338 1064 410 1083 anno
419 1057 499 1088 59-55,
512 1056 612 1083 divime
627 1056 826 1083 incarnationis
837 1063 909 1082 anno
919 1055 982 1088 445,

187 1101 333 1130 Puleheria
351 1103 428 1130 beata
456 1106 484 1130 et
509 1103 554 1138 pia
584 1103 715 1130 dormivit
733 1103 760 1130 in
785 1102 906 1135 .Christo,
923 1110 984 1137 quae

187 1148 274 1175 multa
291 1148 363 1176 bona
379 1148 445 1175 fecit
472 1153 499 1175 et
515 1149 606 1175 omnia
633 1156 683 1176 sua
699 1149 867 1183 pauperibus
882 1148 982 1176 dereli-

188 1194 267 1228 quit;
284 1202 345 1229 quae
361 1194 528 1226 Marcianus,
545 1201 607 1221 cum
631 1195 718 1221 multa
738 1198 841 1227 essent,
856 1194 983 1222 alacriter

188 1240 274 1268 dedit.
288 1240 448 1267 Construxit
467 1244 559 1268 autem
589 1240 685 1267 cadent
709 1245 736 1268 et
750 1240 834 1267 multa
850 1240 981 1271 oratoria.

187 1286 341 1320 domosque
367 1286 536 1321 pauperibus
557 1291 584 1313 et
615 1286 782 1321 hospitibus,
811 1293 918 1313 necnon
956 1289 983 1312 et

188 1333 315 1367 snpulcra
344 1333 498 1367 peregrinis
520 1331 684 1366 :editlcavit;
711 1332 784 1360 inter
794 1340 856 1367 qme
866 1332 895 1360 S.
908 1332 981 1359 Mar-

188 1379 256 1414 tyris
271 1378 413 1407 Laurentii
431 1379 559 1414 templum
572 1379 740 1407 construxit.
757 1379 791 1417 At
810 1386 873 1406 vero
891 1378 982 1406 Theo-

187 1425 284 1452 dosius
315 1425 478 1456 monachus,
499 1426 540 1452 vir
573 1425 697 1460 pestifer,
714 1432 776 1452 cum
792 1425 982 1453 descendisset

187 1471 291 1498 cursim
315 1470 534 1499 Chalcedonensi
570 1471 644 1498 facto
681 1471 802 1499 concilio
822 1470 982 1508 Hierosoly-

187 1524 272 1550 mam,
295 1522 322 1544 ct
348 1517 492 1545 didicisset
506 1518 580 1552 quod
613 1518 737 1552 Augusta
764 1517 884 1545 Eudocia
917 1525 981 1552 erga

187 1561 351 1590 Dioscorum
376 1570 391 1590 a
416 1563 522 1599 synodo
542 1563 698 1598 depositum
721 1563 820 1592 atfeetu
843 1563 981 1599 ﬂagraret,

1033 325 1096 345 cum
1112 318 1194 346 classi
1207 318 1388 346 Gezcrichum
1412 318 1525 347 Romam
1548 320 1722 355 navigantem
1739 320 1827 349 Maxi-

1033 371 1096 392 mus
1111 364 1211 392 timens
1230 364 1291 399 fuga
1307 373 1374 392 usus
1389 369 1443 392 rest
1459 373 1466 393 :
1483 365 1511 392 hi
1535 374 1599 393 vero
1624 367 1670 401 qui
1685 375 1746 394 cum
1766 368 1826 403 ipso

1033 413 1121 441 erant,
1142 410 1340 438 interemerunt
1351 419 1425 439 eum.
1441 411 1577 440 Praeterea
1596 413 1762 441 Gezerichus
1778 423 1828 442 ne-

1034 456 1107 483 mine
1136 456 1188 483 sibi
1213 457 1359 485 resistente
1387 457 1512 485 introivit
1542 458 1656 486 Romam
1677 460 1758 488 tertia
1783 460 1828 488 die

1034 502 1145 530 Maximi
1159 502 1241 537 fugae,
1255 507 1282 530 et
1307 503 1424 531 sublatis
1441 504 1570 532 omnibus
1591 505 1725 540 pecuniis,
1744 509 1772 533 et
1787 505 1828 532 ci-

1033 548 1126 576 vitatis
1138 548 1280 576 miraculis
1299 550 1324 576 in
1336 556 1420 576 naves
1438 550 1566 584 receptis,
1586 549 1613 577 in
1632 551 1733 585 quibus
1749 555 1828 578 erant

1034 593 1222 621 ecclesiastica
1243 594 1350 621 cimelia
1364 597 1421 621 tota
1436 602 1468 621 ex
1487 595 1711 629 auro,]apidibus
1724 596 1829 631 pretio-

1034 639 1074 667 sis
1084 643 1194 672 ornala,
1210 643 1237 667 et
1253 647 1316 666 vasa
1332 638 1479 673 Hebraica,
1493 647 1554 675 qua:
1569 640 1648 668 Titus
1665 640 1827 676 Vespasiani

1035 686 1106 714 illitis
1131 690 1192 720 post
1215 686 1402 721 captivitatem
1435 686 1687 721 Hierosolymorum
1712 686 1826 713 Romam

1035 730 1183 763 detulerat,
1200 739 1252 757 una
1263 738 1326 758 cum
1343 731 1467 758 Eudoan
1480 731 1654 767 imperatrice
1669 739 1702 760 ac
1721 731 1828 761 filiabus

1035 775 1096 812 ejus
1115 776 1141 803 in
1157 776 1279 804 Africam
1299 777 1447 812 navigavit.

1072 822 1136 849 Erat
1152 826 1243 849 autem
1275 822 1431 850 Marcianus
1458 823 1603 851 admodum
1631 823 1829 858 religiosus,et

1035 869 1134 896 timens
1150 869 1234 896 Deum
1248 889 1255 900 ,
1270 870 1315 904 qui
1332 876 1394 896 cum
1411 870 1514 896 litauiis
1539 870 1633 904 Campi
1651 870 1734 904 pedes
1748 877 1829 897 exce-

1035 914 1127 948 debat,
1156 915 1244 942 multa
1271 916 1414 949 egentibus
1435 916 1566 943 beneficia
1590 921 1735 951 przestans.
1749 916 1827 949 Quod

1035 959 1147 987 intuens
1167 960 1312 987 Anatolius
1324 961 1481 995 patriarcha
1498 964 1524 988 et
1536 961 1595 996 ipse
1609 961 1643 988 de
1658 966 1758 989 czctero
1775 968 1829 987 non

1035 1005 1133 1040 phorio
1145 1009 1269 1039 portatus
1288 1006 1439 1033 secundum
1458 1014 1572 1039 morem,
1603 1006 1650 1034 sed
1664 1006 1745 1041 pedes
1766 1007 1830 1033 lita-

1035 1052 1095 1079 nias
1107 1051 1212 1079 faciens
1238 1053 1392 1080 incedebat.
1407 1053 1568 1082 Timotheus
1593 1057 1684 1081 autem
1705 1053 1826 1082 llelurus

1037 1096 1177 1125 molimine
1194 1105 1259 1125 usus
1272 1101 1354 1125 noctu
1368 1099 1454 1126 cellas
1482 1099 1678 1126 monachorum
1708 1100 1830 1127 cireum-

1035 1144 1101 1176 ibat,
1113 1151 1338 1179 unumquemque
1351 1152 1456 1172 vocans
1468 1153 1500 1172 ex
1516 1146 1637 1176 nomine,
1653 1153 1706 1180 quo
1719 1153 1831 1180 respon-

1035 1189 1116 1217 dente
1138 1190 1269 1217 dicebat:
1287 1190 1343 1226 Ego
1369 1191 1479 1226 angelus
1507 1200 1565 1218 sum
1579 1192 1665 1219 dicere
1696 1193 1829 1224 omnibus,

1035 1241 1063 1260 ut
1084 1234 1228 1262 abscedant
1257 1244 1273 1262 a
1298 1237 1482 1263 communione
1506 1236 1623 1264 Proterii
1637 1242 1661 1263 et
1682 1245 1771 1264 eorum
1785 1238 1830 1272 qui

1035 1280 1199 1308 Chalcedone
1216 1289 1375 1314 convenere,
1408 1288 1433 1309 et
1458 1282 1622 1310 Timotheum
1650 1283 1781 1311 llelurum
1803 1284 1829 1311 t'u

1034 1327 1184 1361 episcopum
1200 1328 1374 1356 Alexandria:
1388 1329 1541 1362 provehunt.

1071 1373 1165 1401 Mundi
1192 1381 1265 1401 anno
1288 1375 1371 1406 5950,
1402 1375 1501 1402 divina:
1535 1376 1737 1403 incarnationis
1756 1383 1829 1403 anno

1033 1419 1096 1451 450,
1112 1418 1167 1446 Leo
1180 1419 1296 1454 imperat
1314 1426 1464 1448 coronatus
1477 1421 1512 1448 ab
1521 1421 1647 1449 Anatolio
1660 1422 1828 1456 patriarcha.

1034 1465 1198 1494 Timotheus
1214 1474 1278 1494 vero
1294 1472 1478 1502 cognomento
1497 1468 1614 1495 Helorus
1636 1467 1828 1495 Alexandriam

1034 1511 1172 1539 civitatem
1192 1512 1330 1539 turbabat.
1344 1512 1517 1541 Multitudine
1529 1514 1629 1548 quippe
1642 1514 1828 1548 inquietorum

1034 1558 1155 1585 virorum
1169 1563 1261 1593 empta
1295 1559 1439 1593 tyrannica
1456 1560 1632 1587 Alexandriae
1648 1560 1741 1588 sedem
1756 1559 1829 1587 obti-

188 1609 273 1643 ccepit
298 1609 418 1637 clamare
446 1609 579 1637 adversus
611 1611 747 1646 synodum
777 1611 856 1646 quasi
880 1616 982 1638 rectam

1036 1604 1107 1635 nuit,
1124 1608 1229 1631 etcum
1259 1604 1402 1640 depositus
1420 1611 1504 1637 esset.
1527 1614 1541 1633 a
1566 1606 1674 1634 duobus
1697 1606 1831 1642 depositis

189 1654 273 1682 tidem-
283 1655 499 1687 subvertentem,
515 1660 542 1683 et
555 1655 696 1691 subreptis
710 1656 832 1691 Augusta
848 1660 876 1684 et
891 1664 984 1684 mona-

189 1701 260 1733 chis,
273 1701 392 1736 propriis
403 1701 523 1729 caedibus
533 1710 599 1730 usus
614 1709 690 1729 more
702 1702 859 1736 barbarico,
874 1703 984 1730 archie-

188 1748 306 1775 raticum
328 1748 458 1775 thronum
473 1749 556 1783 rapit,
573 1753 600 1776 et
618 1748 743 1776 homines
760 1749 890 1784 Augustat
902 1750 984 1777 mini-

189 1799 264 1822 stros
276 1794 382 1822 habens
397 1796 542 1830 episcopos
551 1799 692 1830 promovet
707 1803 756 1831 per
770 1795 905 1827 civitates,
921 1803 982 1823 cum

189 1842 312 1877 episcopi
327 1842 417 1870 adhuc
443 1846 538 1870 essent
559 1842 586 1869 in
602 1842 718 1878 synodo.
736 1842 914 1869 Severianum
932 1851 982 1869 au-

190 1893 245 1915 tem
271 1889 430 1924 episcopum
453 1888 663 1924 Scythopoleos,
679 1888 726 1923 qui
742 1896 796 1915 non
819 1887 908 1916 fuerat
922 1889 983 1924 ejus

189 1934 262 1961 mala
276 1934 405 1969 opinione
418 1935 560 1970 deceptus,
580 1942 595 1961 a
612 1935 722 1962 civitate
734 1935 839 1969 pellens
863 1935 982 1967 occidit;

190 1984 217 2007 et
229 1981 359 2008 excitavit
374 1982 606 2016 perseverantiam
624 1985 719 2008 contra
731 1981 792 2008 illos
802 1981 847 2015 qui
864 1981 915 2008 sibi
928 1989 982 2008 non

190 2028 443 2060 communicabant,
457 2031 484 2054 et
504 2028 605 2054 multos
627 2027 737 2062 quidem
755 2028 900 2056 tormentis
917 2028 982 2056 alle—

190 2073 239 2104 eit,
267 2073 449 2107 quorumdam
478 2080 544 2099 vero
572 2072 669 2099 domos
686 2072 798 2099 tradidit
818 2073 886 2107 igni,
901 2073 938 2101 ita
955 2077 983 2100 ut

189 2115 373 2144 mstimaretur
386 2116 451 2143 urbs
480 2123 495 2142 a
515 2116 643 2144 Barbaris
657 2121 747 2152 capta.
767 2116 880 2145 Necavit
893 2124 982 2146 autem

189 2166 216 2189 et
237 2162 416 2189 Athanasium
445 2162 591 2190 diaconum
612 2163 642 2190 S.
672 2163 904 2198 licsurrcctionis,
934 2172 981 2192 ex-

189 2209 365 2243 probrantem
382 2213 409 2236 et
426 2213 586 2244 arguentem
606 2210 667 2244 ejus
683 2210 862 2245 impietatem,
879 2215 906 2239 et
922 2211 982 2246 ejus

189 2259 316 2281 δςιιιιιιυη]
333 2262 434 2290 corpus
458 2263 507 2291 per
524 2256 662 2283 civitatem
683 2257 788 2292 pompis
805 2257 982 2286 circumdans

188 2300 306 2327 canibus
342 2301 468 2328 tradidit.
499 2301 621 2329 Domnus
657 2309 721 2329 vero
757 2303 982 2338 archiepiscopus

188 2345 377 2372 Antiochenns
392 2346 421 2373 in
440 2353 564 2374 ercmum
592 2346 671 2380 fugit,
690 2350 717 2374 et
732 2346 873 2375 Iuvenalis
885 2347 981 2375 Hiero-

189 2392 383 2427 solyutitanus.
397 2392 484 2419 l’orro
497 2400 560 2419 eum
590 2393 723 2426 pestilens
747 2393 919 2421 Theodosius
935 2402 982 2428 per

188 2436 225 2463 20
245 2445 352 2465 menses
374 2437 503 2465 thronum
533 2437 810 2473 Hierosolymitanum
834 2440 979 2472 tenuisset,

187 2483 283 2518 jussus
299 2489 341 2511 est
371 2483 586 2518 comprehendi;
616 2483 662 2518 qui
682 2483 789 2518 fugiens
807 2484 834 2510 in
861 2489 980 2512 montem

190 2530 311 2558 Sinreum
326 2531 500 2566 properavit;
518 2538 572 2565 quo
601 2529 664 2564 fuga
695 2529 773 2565 lapso
786 2538 840 2557 una
859 2538 921 2558 cum
938 2531 981 2559 his

189 2584 260 2611 quos
286 2575 344 2610 ipse
377 2579 550 2610 provexerat,
577 2576 676 2603 iterum
699 2574 840 2604 Iuvenalis
850 2576 980 2604 thronum

189 2630 270 2651 suum
279 2623 394 2657 recepit.

225 2668 331 2696 Interea
358 2668 494 2696 Maximus
518 2669 627 2696 Maximi
655 2678 740 2705 nepos
759 2675 907 2706 tyrannum
924 2671 981 2698 Va-

190 2715 370 2743 lentinianum
402 2716 530 2751 peremit,
562 2721 590 2744 et
614 2717 744 2745 Eudoxiae
768 2716 795 2744 vi
825 2718 981 2745 associatus

189 2761 335 2796 imperium
351 2768 462 2795 quoque
488 2761 625 2788 obtinuit:
645 2768 693 2796 per
706 2769 768 2796 quae
787 2769 906 2796 namque
919 2762 981 2795 quis

188 2811 296 2842 peccat,
311 2814 360 2841 per
376 2814 407 2833 ea
417 2814 527 2842 quoque
542 2811 569 2834 et
585 2807 745 2841 corripitur.
763 2807 836 2834 Inter
847 2806 905 2834 haec
915 2815 981 2842 ergo

189 2851 315 2889 Eudoxia
330 2856 472 2879 coarctata
485 2857 511 2879 et
524 2853 629 2879 nullum
642 2852 699 2880 fore
710 2853 843 2880 auxilium
853 2860 867 2878 a
876 2852 980 2888 Byzan-

189 2899 228 2925 tio
236 2898 392 2926 Theodosio
401 2904 477 2934 patre
493 2906 544 2926 suo
559 2903 586 2926 et
605 2899 749 2926 Pulcbcria
767 2898 905 2926 defunctis
921 2899 980 2926 exi-

188 2944 317 2978 stimans,
338 2945 454 2973 arcessit
483 2944 662 2973 Gezerichum
691 2944 724 2972 ad
741 2945 834 2974 urbem
852 2941 978 2978 Romam,

1037 1649 1206 1684 pr0vehitur.
1241 1650 1319 1677 Unde
1343 1651 1435 1678 omnia
1461 1653 1590 1679 scandala
1607 1660 1691 1687 penes
1713 1652 1830 1680 Alexan—

1035 1696 1124 1723 driam
1139 1702 1198 1723 orta
1227 1701 1291 1724 sunt
1310 1706 1316 1723 :
1331 1698 1440 1725 cunctis
1456 1699 1529 1725 enim
1547 1699 1623 1726 orbis
1642 1703 1722 1726 terrae
1737 1706 1831 1726 sacer-

1035 1740 1146 1769 dotibus
1165 1742 1353 1770 definitionem
1385 1744 1482 1778 synodi
1510 1743 1742 1771 Chalcedonensis
1765 1745 1831 1772 reci-

1035 1788 1186 1822 pientibus,
1197 1789 1248 1816 iste
1259 1789 1393 1816 scelestus
1408 1789 1483 1816 rabie
1495 1790 1613 1824 quadam
1626 1789 1744 1817 infectus
1757 1790 1830 1825 inju-

1034 1833 1083 1861 riis
1097 1834 1251 1868 appetebat,
1269 1838 1296 1861 et
1313 1835 1504 1862 ordinationes
1527 1835 1720 1870 episcoporum
1744 1835 1828 1863 facie-

1035 1881 1093 1913 bat,
1110 1888 1172 1907 cum
1188 1884 1262 1908 esset
1273 1881 1330 1916 ipse
1342 1881 1526 1914 inordinatus,
1541 1885 1568 1909 et
1580 1882 1746 1916 baptizabat,
1765 1890 1827 1910 cum

1035 1926 1178 1961 presbyter
1193 1935 1248 1954 non
1264 1927 1421 1954 exsisteret.
1448 1927 1548 1955 Beatus
1575 1933 1666 1955 autem
1686 1928 1829 1956 Proterius

1034 1973 1157 2001 sentiens
1169 1977 1264 2000 contra
1281 1981 1310 2001 se
1326 1973 1483 2001 confectum
1499 1974 1647 2002 concilium
1664 1975 1711 2002 dat
1737 1975 1828 2002 locum

1036 2019 1093 2051 irae,
1109 2023 1135 2046 et
1152 2019 1239 2053 prima
1259 2019 1302 2047 die
1322 2019 1435 2047 Pascbm
1451 2020 1484 2047 ad
1516 2020 1674 2048 venerabile
1696 2021 1829 2056 baptiste-

1035 2065 1105 2092 rium
1135 2064 1212 2100 fugit.
1241 2066 1289 2092 Ast
1307 2065 1353 2092 ille
1365 2065 1528 2093 Antichristi
1551 2074 1715 2101 praecursor.
1739 2074 1829 2102 neque

1035 2115 1159 2139 sanctam
1178 2111 1250 2138 diem
1271 2119 1359 2146 neque
1374 2111 1488 2139 colenda
1509 2113 1568 2139 loca
1583 2113 1730 2144 reveritus,
1747 2113 1830 2139 mittit

1034 2162 1061 2185 et
1079 2157 1181 2185 occidit
1196 2158 1333 2185 insentcm
1364 2158 1532 2193 pontiﬁcem,
1553 2166 1681 2186 unatcum
1707 2166 1753 2186 sex
1768 2159 1830 2186 aliis

1036 2203 1083 2237 qui
1112 2208 1192 2231 erant
1216 2211 1278 2230 cum
1307 2204 1383 2238 ipso;
1404 2209 1431 2232 et
1456 2204 1567 2232 funibus
1590 2206 1731 2233 trahentes
1747 2205 1829 2240 hujus

1035 2250 1152 2277 cadaver
1176 2257 1190 2276 a
1217 2255 1314 2276 sancto
1346 2250 1454 2277 lavacro
1469 2250 1632 2281 emiserunt,
1650 2256 1675 2278 et
1699 2259 1830 2285 pompose

1036 2302 1084 2329 per
1113 2295 1252 2322 civitatein
1283 2298 1420 2328 portatum
1441 2299 1581 2328 postremo
1597 2295 1679 2322 etiam
1696 2295 1750 2329 igni
1769 2296 1829 2322 sine

1038 2341 1091 2367 ulla
1130 2340 1320 2368 misericordia
1349 2340 1541 2374 prodiderunt,
1557 2345 1584 2367 et
1600 2341 1708 2368 cineres
1724 2341 1785 2375 ejus
1802 2343 1828 2368 in

1037 2394 1127 2413 aerem
1156 2389 1382 2420 conspcrserunt.
1416 2385 1519 2413 Eodem
1545 2393 1618 2414 anno
1643 2387 1762 2413 delatum
1786 2391 1829 2414 est

1036 2440 1136 2465 corpus
1153 2431 1182 2458 S.
1201 2432 1354 2458 Anastasius
1373 2439 1388 2457 ιι
1409 2430 1528 2466 Syrmio,
1556 2437 1583 2459 et
1605 2432 1755 2467 repositum
1786 2437 1829 2460 est

1036 2479 1062 2504 in
1081 2478 1183 2512 templo
1216 2478 1274 2512 ejus
1300 2478 1331 2504 in-
1343 2477 1493 2512 porticibus
1511 2477 1650 2506 Domnini.
1667 2479 1828 2506 Timotheus

1035 2528 1126 2551 autem
1144 2523 1262 2551 Ilelurus
1280 2526 1384 2559 scripta
1406 2525 1497 2559 magni
1518 2525 1612 2560 Cyrilli
1627 2533 1679 2553 non
1695 2526 1767 2554 edita
1783 2533 1827 2553 ro-

1036 2571 1187 2606 periensin
1212 2571 1306 2599 multis
1330 2572 1400 2599 locis
1425 2571 1599 2604 adulteravit,
1630 2572 1710 2600 sicuti
1731 2571 1828 2600 scribit

1036 2618 1134 2645 Petrus
1160 2617 1374 2645 Alexandrinus.
1395 2617 1525 2652 Sequenti
1543 2625 1609 2645 vero
1620 2625 1692 2645 anno
1707 2618 1762 2645 Leo
1777 2618 1828 2644 iiii-

1036 2668 1145 2699 per-ator
1161 2664 1254 2698 iniqua
1267 2663 1383 2692 Proterii
1396 2671 1483 2692 morte
1493 2669 1520 2691 et
1538 2665 1639 2699 injusta
1653 2664 1747 2692 lleluri
1762 2671 1825 2700 pro-

1037 2712 1156 2738 mntione
1188 2714 1349 2744 comperta,
1395 2711 1507 2738 mittens
1539 2711 1692 2739 Caesaream
1723 2711 1826 2746 linguis

1037 2757 1170 2784 rnntilatis
1200 2756 1298 2784 exsilio
1324 2756 1457 2790 relegavit
1483 2764 1532 2784 cos
1558 2758 1605 2792 qui
1631 2757 1748 2785 Proterii
1765 2757 1826 2784 neci

1035 2803 1309 2831 communicaverant
1333 2810 1340 2828 :
1371 2801 1516 2830 Timotheo
1541 2810 1606 2830 vero
1638 2804 1756 2831 scelesto
1779 2802 1827 2829 ad-

1035 2849 1107 2877 versi
1127 2848 1166 2876 nil
1193 2848 1296 2880 intulit,
1324 2847 1457 2882 judicium
1484 2849 1510 2875 in
1526 2856 1589 2876 eum
1609 2849 1704 2876 dicens
1724 2848 1827 2876 inferre

1035 2895 1204 2924 antistitibus
1216 2895 1373 2922 convenire.
1386 2895 1436 2928 Qui
1448 2895 1553 2923 litteras
1564 2895 1596 2922 ad
1609 2895 1826 2930 uniuscujusque

1036 2943 1181 2978 provincia:
1211 2941 1287 2970 misit
1313 2942 1465 2976 episcopos,
1499 2947 1527 2969 ut
1548 2943 1647 2978 singuli
1671 2942 1825 2970 scriberent
