2035 3153
212 210 280 242 1235

759 208 959 238 ANAS’I‘ASII
984 209 1299 240 BIBLIOTHECARII

1781 212 1849 244 1236

209 267 260 295 sibi
276 265 416 302 proprium
433 271 557 294 sensum,
575 266 666 290 utrum
683 270 743 298 qua
761 262 830 296 apud
846 261 1000 290 Clialcedo-
1014 266 1037 296 Α
1053 263 1128 290 muni
1145 262 1270 292 Julianus
1290 264 1403 299 quidam
1439 264 1587 300 cpiscopus
1612 265 1764 293 Antiochiae
1784 274 1848 302 pro-

211 321 271 341 nem
286 312 399 340 delinita
418 314 483 338 sunt
505 310 556 337 sibi
585 309 735 344 placerent,
752 313 779 335 et
800 316 883 343 super
907 307 1001 336 lleliiri

210 359 350 388 creatione
365 357 429 393 quid
444 357 579 384 dicerent.
605 356 678 383 Inter
695 364 764 390 qnos
789 361 814 382 ct
833 355 862 382 S.
881 355 1001 384 Simeoni

210 406 310 442 stylitaz
330 408 357 431 et
373 403 468 431 Barda:
484 402 619 431 monaclie
636 406 718 438 atque
737 401 838 429 Jacobo
853 402 1000 429 miraculo-

211 459 270 478 rum
287 449 423 486 patratori
451 449 575 483 scripsit,
587 452 747 475 contestans
761 451 790 474 ut
815 448 852 474 ita
866 447 1000 482 judicium

210 496 463 525 controversiarum
489 495 691 529 depromercnt,
714 499 743 521 ut
759 498 851 522 essent
868 494 1000 521 rationem

212 543 266 571 Deo
297 545 462 570 cunctorum
492 541 609 568 Domino
639 540 786 568 reddituri.
819 539 869 572 Qui
905 547 1002 568 omnes

211 589 380 616 unanimiter
395 592 422 615 et
438 591 624 615 consonanter
637 591 664 614 et
685 586 938 614 Chalcedonenseiii
953 593 1001 621 sy-

211 634 313 662 nodum
343 637 468 662 sanctam
495 641 557 660 esse
568 633 716 664 allirmant,
749 637 776 660 et
795 633 942 659 terminum
968 633 1003 659 ab

212 681 271 714 ipsa
302 679 493 714 depromptum
522 679 688 710 admittunt,
713 677 885 705 Timotheum
911 681 1002 704 autem

212 731 397 754 consonanter
414 726 702 762 reprobanttanquam
722 724 885 752 homicidam
901 724 1004 759 pariter

213 778 240 800 et
255 772 425 800 haereticum.
440 771 588 807 Satagebat
602 775 692 798 autem
718 775 744 799 et
760 770 919 798 Gennadius
931 770 1003 805 apud

214 819 407 855 imperatorem
425 826 480 854 quo
508 818 690 846 ulcisceretur
718 825 801 852 super
824 816 867 845 his
887 825 947 852 qua:
964 821 1004 844 te-

213 873 288 894 mere
303 865 412 892 fuerant
429 868 605 899 perpetrata;
625 864 670 892 cui
692 872 707 892 e
728 864 840 891 diverso
858 863 1004 891 resistebat

213 913 301 947 Asper
317 911 447 940 Arianus.
460 911 546 939 Porro
561 911 710 946 imperator
724 911 785 946 pius
797 909 929 938 llelurum
941 910 1004 945 qui-

214 959 275 986 dem
297 958 369 994 apud
380 958 505 993 Gangras
527 957 626 985 exsilio
653 957 781 992 relegavit
796 966 802 983 :
822 957 880 992 ipso
897 963 963 984 vero
978 961 1005 984 et
1022 948 1043 976 Β

216 1006 270 1033 illic
287 1006 370 1040 carpit
385 1005 576 1033 conventicula
593 1012 761 1040 congregare
778 1004 1006 1039 turbatiouesque

215 1055 337 1086 patrare,
354 1059 425 1087 quas
448 1051 623 1086 comperiens
653 1051 801 1085 imperator
827 1057 923 1078 rursus
943 1057 1006 1077 eum

216 1099 243 1126 in
259 1098 388 1126 exsilium
406 1098 482 1126 misit
498 1098 571 1133 apud
587 1097 766 1128 Chersonam,
784 1102 810 1124 et
828 1102 1007 1124 consecratus

215 1147 259 1171 est
275 1151 325 1179 pro
343 1151 375 1171 eo
389 1144 536 1179 episcOpus
559 1142 731 1170 Alexandria!
761 1141 922 1170 Timotheus
935 1141 1007 1169 alius

216 1194 399 1226 cognomento
427 1190 543 1223 Leucos,
561 1190 608 1225 qui
633 1194 660 1217 et
673 1189 884 1224 Salopliacialus
899 1196 1008 1216 nuncu-

218 1240 310 1272 patur,
328 1237 369 1264 vir
380 1236 552 1264 ortliodoxus
568 1242 594 1264 et
609 1236 698 1264 bonus
717 1235 880 1270 cunctisque
894 1242 1008 1270 prorsus

218 1283 355 1312 amabilis.
385 1283 492 1311 Interea
518 1288 596 1310 vasto
614 1283 743 1310 incendio
769 1282 1008 1317 Constantinopoli

218 1330 300 1363 facto,
319 1330 476 1357 Marcianus
489 1337 650 1357 oeconomus
660 1329 816 1356 ascendens
830 1336 912 1363 super
930 1332 1008 1363 tegu-

218 1377 258 1404 las
273 1376 302 1404 S.
323 1376 486 1408 Anastasim,
506 1381 603 1404 tenens
632 1375 820 1410 Evangeliiim,
836 1375 1009 1402 orationibus

218 1425 245 1448 ct
259 1421 388 1457 lacrymis
403 1421 514 1449 illatsam
530 1421 643 1448 domum
655 1420 785 1448 servavit.
800 1419 1012 1454 Sequentianno

217 1475 280 1494 cum
300 1467 388 1502 pictor
403 1467 514 1502 quidem
529 1467 642 1502 pingere
667 1467 837 1494 Salvatorcm
858 1466 1009 1494 secundum

218 1513 426 1542 similitudinem
435 1512 511 1540 Jovis
528 1510 891 1548 priesumpsisset,'aret‘acta
901 1515 942 1539 est
950 1518 1010 1538 ma-

220 1567 272 1586 nus
286 1559 362 1594 ejus;
377 1567 457 1594 quem
475 1563 615 1594 peccatum
628 1566 708 1586 suum
729 1558 886 1586 confessum
903 1558 1011 1586 sanavit

219 1605 389 1634 Gennadius.
405 1605 489 1632 Aiunt
501 1605 573 1632 enim
595 1604 705 1639 quidam
719 1605 914 1631 historicorum
936 1603 1009 1639 quod

220 1653 320 1688 crispis
336 1657 363 1680 et
383 1652 452 1679 raris
466 1652 572 1686 capillis
588 1651 698 1679 schema
723 1651 749 1677 in
766 1650 910 1678 Salvatore
925 1650 1011 1684 magis

219 1699 398 1726 vernaculum
427 1699 474 1726 sit.
498 1698 550 1725 Per
577 1697 649 1725 idem
666 1702 774 1731 tempus
787 1696 842 1724 Leo
861 1696 1012 1732 imperator

220 1745 359 1773 ZenOnem
372 1753 502 1780 generum
517 1752 597 1772 suum
612 1743 895 1778 magistratuiulotius
915 1742 1010 1770 Orieu.

221 1792 257 1819 tis
269 1791 343 1824 fecit,
353 1796 380 1818 et
390 1791 553 1818 Basiliscum
563 1790 677 1817 fratrem
693 1789 803 1817 Ven-inae
813 1790 942 1824 Augustis
955 1796 1013 1815 ma-

220 1839 363 1872 gistratum
381 1837 495 1864 Tliraca‘.
514 1836 669 1865 constituit.
687 1835 762 1863 Zeno
789 1839 882 1863 autem
898 1834 1012 1862 veniens

222 1884 394 1912 Antiochiam
421 1883 526 1910 invenit
539 1882 697 1917 episcopum
708 1881 735 1909 in
747 1888 778 1909 ea
790 1888 900 1908 sacrum
911 1881 1013 1916 Marty-

224 1931 306 1957 rium.
320 1930 418 1958 Petrus
429 1935 519 1957 autcm
527 1928 673 1963 Cnapheus
684 1927 851 1962 sequebatur
862 1926 1011 1959 Zenonem,

222 1985 283 2006 cum
308 1981 380 2006 esset
407 1977 563 2012 presbyter;
592 1975 638 2010 qui
666 1974 836 2010 persuadens
867 1973 968 2001 Zenoni
983 1976 1013 2000 ut

223 2013 481 2058 sibicooperaretur
494 2021 527 2049 ad
537 2020 729 2049 conducendos
743 2019 869 2048 mercede
877 2019 1012 2054 quosdam

222 2069 383 2106 Apollinarii
405 2072 566 2100 sectatores,
583 2066 770 2094 turbationum
783 2065 852 2092 dena
867 2065 950 2092 millia
966 2072 1014 2091 ex-

223 2117 291 2144 citat
308 2119 404 2143 contra
429 2114 508 2141 ﬁdem
529 2118 557 2140 et
585 2113 747 2148 Martyrium
777 2112 957 2147 episcopum;
987 2115 1014 2138 et

224 2161 437 2188 anatlieinatizat
447 2167 495 2187 eos
505 2160 552 2193 qui
569 2167 622 2186 non
637 2159 732 2186 dicunt
745 2157 830 2185 Deum
849 2157 1013 2185 cruciﬁxum

224 2214 297 2239 esse,
313 2209 340 2234 et
351 2205 479 2233 scindens
501 2205 630 2240 populum
654 2203 858 2231 Antiochenuni
886 2203 962 2230 addit
986 2204 1013 2230 in

226 2253 340 2288 trisagio
367 2253 469 2288 hymno
486 2252 560 2285 :Qui
588 2251 732 2285 cruciﬁxus
765 2259 791 2277 er
822 2254 929 2284 propter
954 2258 1012 2277 nor.

1054 313 1191 337 movetur.

1090 354 1190 383 Eodem
1219 363 1292 383 anno
1319 356 1470 384 translatus
1497 363 1538 384 est
1563 358 1632 392 apud
1654 357 1849 386 Alexandriam

1054 402 1188 436 propheta
1203 401 1336 431 llelismits
1351 403 1378 430 in
1397 403 1595 431 monasterium
1619 403 1696 430 Pauli
1721 404 1823 439 leprosi
1842 413 1850 431 :

1054 446 1196 481 leprosum
1227 447 1298 474 enitii
1331 448 1450 479 sanavit,
1476 453 1502 475 et
1520 448 1660 483 leprosum
1679 448 1756 482 fecit,
1773 454 1801 477 et
1822 449 1850 476 in

1054 500 1085 519 ea
1101 501 1161 527 quae
1181 493 1281 528 leprosi
1302 498 1382 521 erant
1400 494 1551 521 translatus
1566 499 1620 522 est.

1089 537 1170 565 Circa
1186 538 1243 566 haec
1262 542 1384 574 tempora
1408 539 1556 566 Antliimus
1590 543 1616 566 et
1635 539 1775 568 Timoeles
1793 545 1852 567 tro-

1055 585 1194 620 parioruin
1215 584 1333 613 factores
1344 587 1578 621 agnoscebantur.
1588 586 1723 614 Przeterea
1736 586 1851 614 Cassius

1055 638 1175 667 quaestor
1194 632 1383 660 Antiochenus
1398 637 1481 668 atque
1496 633 1678 669 philosophus
1701 634 1851 669 derogatus

1055 682 1097 706 est
1110 678 1182 713 apud
1199 678 1394 713 imperatorem
1411 683 1441 706 ut
1472 687 1607 715 paganus,
1625 685 1653 708 et
1664 680 1749 715 jussit
1766 681 1852 716 impc-

1057 727 1131 751 rator
1146 725 1300 751 examinari
1315 733 1378 752 eum
1392 732 1407 752 a
1423 725 1554 760 praefecto
1569 728 1762 761 praetoriorum
1777 727 1852 755 Con-

1056 770 1245 805 stantinopoli.
1271 769 1398 805 Cumque
1439 769 1590 798 duceretur
1618 772 1644 799 in
1679 772 1851 808 Zeuxippum

1056 818 1167 845 vinctus
1184 822 1338 846 retrorsum
1359 819 1499 851 manibus,
1516 819 1586 846 dixit
1613 819 1646 847 ad
1667 827 1729 847 eum
1747 820 1853 849 Poseus

1056 866 1201 901 praefectus
1217 876 1224 893 :
1246 866 1370 898 Videsne,
1387 875 1401 894 ο
1421 866 1510 901 Cassi,
1527 868 1553 894 in
1571 876 1625 902 quo
1639 868 1732 895 habitu
1750 869 1852 895 consti-

1059 917 1131 940 tutus
1143 913 1180 941 sic
1190 914 1203 940 ζ’
1213 913 1264 946 Qui
1276 914 1316 941 ait
1332 921 1339 940 :
1360 913 1450 946 Video,
1463 919 1488 942 cl
1504 922 1554 942 non
1570 915 1653 941 miror
1667 923 1676 942 :
1692 915 1769 942 homo
1782 916 1854 942 enim

1059 968 1118 986 cum
1137 960 1201 991 sint,
1217 960 1348 988 humanas
1370 961 1472 988 incurri
1493 961 1674 988 calamitates.
1690 961 1742 989 Sed
1757 961 1854 996 judico

1057 1007 1084 1033 in
1099 1015 1150 1039 me,
1170 1012 1199 1034 ut
1215 1015 1316 1034 mecum
1338 1007 1498 1041 jndicabas.
1510 1006 1617 1040 Quibus
1639 1007 1741 1035 auditis
1754 1007 1855 1034 concio

1057 1052 1180 1080 laudavit
1204 1054 1422 1088 imperatorem,
1447 1061 1504 1088 quo
1527 1058 1674 1088 eonipcrto
1700 1053 1854 1088 imperator

1058 1101 1167 1136 gavisus
1181 1104 1223 1128 est
1242 1105 1270 1128 et
1283 1099 1390 1128 dimisit
1405 1107 1465 1127 eum
1488 1100 1515 1127 in
1534 1100 1672 1136 regionem
1689 1107 1781 1128 suam.

1094 1146 1187 1173 Mundi
1197 1154 1270 1173 anno
1280 1145 1362 1177 5965.
1374 1145 1474 1173 divina).
1488 1146 1689 1173 incarnationis
1706 1153 1780 1173 anno
1790 1145 1857 1177 463,

1059 1200 1121 1220 cuni
1136 1191 1259 1219 Eudoxio
1278 1192 1370 1228 neptis
1387 1191 1535 1220 Theodosii
1551 1192 1691 1220 sexdecim
1716 1199 1806 1219 annos
1824 1192 1854 1218 in

1059 1238 1150 1265 Africa
1162 1246 1223 1266 cum
1241 1238 1300 1266 viro
1323 1246 1374 1266 suo
1396 1237 1536 1266 Honorico
1559 1239 1683 1271 fecisset,
1697 1243 1724 1266 et
1738 1246 1854 1273 puerum

1060 1283 1228 1311 Cildericuui
1254 1292 1286 1311 ex
1318 1284 1380 1319 ipso
1410 1284 1561 1319 genuisset,
1582 1283 1691 1311 ditlicile
1716 1282 1857 1310 ferebatur

1060 1337 1124 1365 erga
1141 1330 1283 1361 maritum,
1299 1338 1361 1357 cum
1391 1334 1464 1357 esset
1478 1329 1607 1357 Ariauus.
1626 1329 1705 1357 Unde
1724 1327 1798 1355 aditu
1814 1328 1858 1355 iti-

1061 1380 1142 1404 veiito
1157 1376 1220 1411 fuga
1240 1377 1317 1411 lapsa
1346 1376 1419 1403 venit
1437 1375 1670 1411 Hierosolymam,
1688 1379 1716 1402 et.
1731 1374 1859 1402 adoratis

1061 1421 1269 1449 venerabilibus
1286 1421 1365 1453 locis,
1381 1421 1557 1455 salutatoque
1580 1420 1709 1455 sepulcro
1727 1419 1858 1446 Eudocia:

1061 1468 1130 1496 avia:
1157 1475 1224 1500 suae,
1256 1475 1289 1494 ac
1320 1467 1418 1502 paucis
1433 1467 1530 1494 diebus
1547 1467 1573 1494 in
1595 1471 1691 1494 sancta
1714 1465 1859 1493 demorata

1062 1514 1184 1547 civitate,
1201 1518 1309 1540 mortua
1327 1519 1369 1542 εει
1388 1513 1414 1540 in
1430 1519 1507 1548 pzice,
1524 1512 1653 1540 omnibus
1678 1514 1782 1538 sanctas
1804 1509 1861 1538 Re-

1062 1559 1227 1587 surrectioni
1241 1559 1375 1586 dimissis.

1098 1606 1192 1634 Mundi
1205 1613 1278 1633 anno
1294 1605 1375 1638 5967,
1385 1605 1485 1632 divina:
1497 1605 1698 1633 incarnationis
1710 1611 1785 1631 anno
1792 1603 1859 1636 ‘67,

1062 1653 1250 1681 Basiliscusin
1260 1652 1363 1687 Campo
1372 1652 1542 1680 acclamatur
1556 1651 1715 1686 imperator.
1733 1649 1861 1677 Marcum

1063 1699 1149 1727 filium
1166 1698 1303 1726 Cmsarem
1336 1697 1412 1731 fecit,
1430 1701 1457 1725 et
1474 1697 1623 1724 Zenobiam
1641 1703 1755 1723 uxorein
1778 1702 1860 1722 suam

1062 1747 1216 1780 Augustam
1235 1745 1392 1778 coronavit,
1408 1747 1434 1772 et
1453 1743 1546 1772 statim
1566 1747 1662 1770 contra
1678 1742 1760 1770 fidem
1786 1749 1865 1776 prec-

1064 1793 1146 1820 liatus
1163 1796 1216 1824 est,
1234 1791 1352 1820 Zenobia
1361 1791 1480 1818 maxime
1491 1791 1626 1818 incitante
1636 1790 1713 1817 illum
1723 1789 1758 1816 ad
1771 1788 1862 1820 istud,

1064 1838 1294 1873 Timotheumque
1313 1836 1444 1865 llelurum
1473 1836 1613 1864 revocavit
1642 1843 1690 1871 per
1706 1839 1813 1870 typum,
1831 1838 1864 1861 et

1063 1883 1174 1912 Petrum
1188 1883 1328 1918 Cnaphea,
1356 1883 1402 1918 qui
1423 1882 1578 1910 absconsus
1591 1886 1650 1909 erat
1669 1881 1695 1908 in
1718 1885 1864 1907 monaste-

1064 1929 1107 1956 rio
1125 1928 1370 1956 Acminetensium.
1385 1927 1419 1955 Et
1432 1931 1569 1963 quotquot
1583 1928 1628 1954 alii
1645 1925 1750 1953 inimici
1767 1926 1864 1952 sancti

1065 1974 1301 2003 Chalcedonensis
1327 1979 1406 2002 erant
1429 1974 1553 2007 concilii,
1570 1973 1735 2002 liilucialiter
1761 1977 1863 1999 contra

1065 2021 1208 2049 veritatem
1221 2021 1350 2056 agebant.
1370 2020 1488 2048 llelurus
1504 2024 1595 2048 autem
1621 2018 1795 2055 congregatis
1813 2018 1863 2045 in-

1065 2067 1167 2103 quietis
1178 2067 1334 2102 quibusque
1345 2066 1550 2099 Alexandrinis,
1559 2066 1605 2101 qui
1618 2064 1864 2097 Constantinopoli

1066 2113 1322 2149 peregrinabantur,
1342 2112 1376 2140 de
1404 2112 1505 2147 palatio
1532 2119 1594 2139 cum
1613 2111 1708 2138 lilaiiia
1735 2110 1812 2138 venit
1832 2110 1865 2136 iu

1066 2159 1222 2192 ecclesiam,
1244 2161 1340 2186 vectus
1360 2157 1459 2190 asino;
1477 2156 1524 2192 qui
1543 2156 1708 2191 perveniens
1725 2154 1753 2182 in
1768 2154 1864 2181 locum

1065 2204 1112 2240 qui
1128 2204 1231 2232 dicitur
1244 2204 1414 2239 Oetagonus,
1431 2209 1620 2238 expavescens
1640 2200 1736 2236 pedem
1754 2199 1866 2227 contri-

1066 2250 1116 2283 vit,
1143 2255 1169 2278 et
1194 2257 1258 2277 cuin
1282 2249 1447 2277 confusione
1469 2255 1600 2275 reversus
1625 2250 1678 2274 est.
1707 2245 1866 2272 Basiliscus

227 2300 304 2335 Quod
318 2307 350 2328 ex
361 2302 426 2326 tunc
435 2299 570 2334 hodieque
582 2298 653 2332 apud
665 2296 880 2332 Thcopascliitas
895 2296 950 2323 dici
964 2296 1014 2324 ob—
1028 2296 1054 2325 D
1068 2297 1142 2324 hunc
1155 2296 1349 2324 Alexandriam
1375 2303 1439 2323 cum
1457 2294 1528 2330 typis
1548 2297 1644 2322 contra
1658 2292 1792 2328 synodum
1809 2290 1865 2317 mi-

225 2346 317 2373 tinnit.
345 2345 492 2380 Martyrius
519 2348 608 2372 autem
629 2343 663 2370 ad
683 2342 803 2370 Leonem
820 2342 1012 2377 imperatorem

225 2393 310 2424 venit,
324 2396 352 2419 et
369 2394 514 2425 susceptus
525 2393 566 2417 est
592 2397 653 2416 cum
672 2388 776 2415 honore
804 2389 902 2419 multo,
923 2387 1015 2415 studio

224 2438 358 2466 Ccnnadii
371 2437 490 2472 episcopi
501 2435 788 2470 Constantinopoleos.
798 2434 915 2462 Rediens
924 2437 1014 2461 autem

224 2485 411 2516 Antiochiam.
426 2484 607 2512 etiiiveniens
619 2483 736 2519 populos
749 2482 914 2510 dissidentes
928 2481 1016 2509 Zeno-

226 2540 343 2567 nemque
359 2531 402 2560 liis
416 2531 563 2563 faventem,
575 2537 668 2557 coram
690 2529 808 2556 ecclesia
838 2527 1016 2555 abrenuntia-

227 2579 264 2606 vit
275 2577 458 2614 episcopatui,
474 2577 589 2604 dicens:
606 2575 683 2603 Clero
699 2583 750 2602 non
762 2574 867 2601 subdito
881 2579 905 2601 et
921 2574 1016 2608 populo

225 2625 367 2653 dissidenti
386 2630 411 2652 et
435 2625 553 2652 ecclesia
567 2623 699 2658 squalenti
724 2622 892 2654 abremmtio,
909 2629 1017 2648 seruans

227 2671 346 2700 mihimet
360 2671 506 2699 sacerdotii
534 2671 702 2705 dignitatern.
717 2670 777 2703 Quo
797 2669 954 2696 discedente
966 2667 1018 2695 Pe-

227 2723 288 2746 trus
304 2717 450 2752 Cnapheus
465 2717 492 2744 iu
519 2718 648 2744 thronum
665 2715 880 2744 Alexandrinum
909 2714 1017 2748 insiliit,

228 2769 256 2793 et
269 2772 331 2792 mox
348 2763 482 2792 Joannem
503 2770 613 2798 quoque
626 2761 764 2796 promovit
779 2762 947 2795 Apaittenum
962 2760 1018 2795 epi-

228 2818 353 2846 scopum,
372 2810 418 2845 qui
437 2813 497 2837 erat
525 2817 557 2837 ex
585 2808 769 2844 depositione.
789 2807 837 2836 llis
860 2815 926 2834 vero
944 2814 1019 2834 cont-

230 2856 315 2891 portis
342 2856 503 2884 Gennadius
533 2859 631 2883 cuncta
660 2854 818 2888 imperatori
845 2854 968 2888 exponit,
992 2857 1020 2881 et

228 2901 307 2934 jubet
337 2900 446 2928 Petrum
476 2900 605 2935 Cnaphea
629 2899 764 2927 cxsiliari.
799 2898 878 2932 Quod
904 2897 1018 2926 audiens

228 2947 328 2973 Petrus
347 2947 474 2973 rxsilium
499 2947 562 2982 fuga
579 2948 676 2974 evasit.
698 2945 837 2972 mentione
864 2952 928 2972 tero
943 2952 1019 2971 cum~

1068 2344 1116 2376 sit,
1129 2346 1155 2370 et
1169 2342 1279 2370 Petrum
1292 2341 1420 2377 Cnaphea
1436 2339 1623 2372 Antiochiam,
1638 2343 1734 2366 contra
1758 2335 1870 2364 verita-

1069 2393 1123 2416 tem
1141 2387 1301 2416 confortans
1318 2391 1475 2422 utrumque.
1499 2385 1663 2413 Timotheus
1678 2388 1768 2411 autcin
1781 2383 1866 2409 Salo—

1070 2435 1213 2471 pliacialus
1227 2434 1371 2470 episcopus
1392 2432 1608 2463 Alexandrinus,
1628 2430 1804 2465 comperiens
1817 2429 1867 2455 'l‘i-

1070 2480 1210 2507 motlieum
1228 2478 1359 2506 llelurum
1371 2478 1635 2512 advenire,reccssit
1650 2477 1682 2503 ad
1695 2474 1867 2503 monasteria

1070 2526 1184 2562 Canopi.
1202 2525 1295 2554 Multis
1310 2531 1401 2553 autem
1419 2525 1527 2552 ailiictis
1550 2523 1668 2551 llelurits
1685 2521 1865 2549 Timotheum

1071 2573 1167 2600 lazdere
1186 2579 1241 2599 non
1261 2571 1357 2603 valuit,
1370 2578 1403 2598 eo
1413 2570 1486 2605 quod
1497 2569 1660 2604 diligeretur
1673 2567 1708 2594 ab
1722 2565 1865 2592 omnibus.

1070 2619 1194 2653 Cumque
1215 2617 1406 2653 ingrederetur
1425 2615 1546 2644 llelurus
1561 2613 1771 2644 Alexandriam,
1790 2610 1866 2637 voci-

1073 2665 1232 2693 ferabantur
1259 2663 1376 2692 studiosi
1405 2662 1483 2698 ejus,
1515 2660 1583 2689 illud
1610 2664 1691 2694 turpe
1713 2658 1864 2686 dicentes:

1073 2711 1176 2740 Cibasti
1192 2711 1315 2738 inimicos
1332 2714 1403 2743 tuos,
1419 2717 1501 2744 popa.
1519 2707 1569 2735 Ast
1595 2706 1749 2734 sceleratus
1767 2707 1865 2730 contra

1073 2757 1234 2785 clamabat:
1253 2756 1344 2784 Etiam
1367 2764 1426 2783 uere
1458 2754 1553 2782 cibari.
1574 2753 1626 2780 Hic
1654 2751 1756 2786 impius
1783 2749 1865 2775 etiam

1073 2803 1296 2832 Clialccdonense
1309 2802 1458 2830 concilium
1473 2798 1732 2829 anatlieinatizabat.
1741 2795 1864 2824 Julianus

1075 2855 1166 2879 autem
1184 2850 1372 2878 Antiochenus
1387 2849 1534 2884 episcopus
1553 2853 1608 2882 pra
1626 2844 1738 2872 tristitia
1768 2847 1864 2870 eorum

1074 2904 1135 2932 quae
1154 2896 1255 2924 ﬁebant
1273 2895 1421 2923 defunctus
1437 2899 1490 2922 est.
1509 2893 1605 2920 Petrus
1616 2896 1707 2918 autem
1719 2889 1865 2923 Cnaphcus

1075 2944 1107 2971 ad
1123 2943 1214 2972 sedem
1232 2943 1396 2978 perveniens
1414 2942 1441 2969 in
1462 2940 1635 2968 anathemata
1653 2942 1679 2965 ct
1696 2936 1863 2963 turbatione:
