2035 3153
183 175 251 210 12)?

572 175 759 206 HISTORIA
775 175 1066 209 ECCLESIASTICA
1085 176 1138 206 EX
1151 174 1392 207 THEOPHANE.

1742 175 1812 211 1238

182 233 284 269 erupit.
307 231 376 260 [line
393 232 482 260 czcdcs
507 233 650 261 hominum
666 238 694 262 et
722 235 827 270 rapinae
856 239 971 272 propter
987 237 1009 268 Λ
1024 235 1181 270 dogmatum
1211 237 1410 270 propugnator,
1442 233 1488 269 qui
1525 233 1614 261 fuerat
1638 233 1812 263 Alexandria:

182 279 400 307 additamentum
419 278 525 314 trisagii
549 279 629 307 factae
652 283 727 308 sunt.
743 280 878 308 Prmterea
895 281 975 308 Basi-

183 326 268 352 liscus
283 329 346 360 typo
360 325 481 360 generali
504 325 730 354 Chaicedouense
756 327 856 362 abjecit
882 327 975 355 conci-

183 372 259 404 lium,
271 371 372 406 jubens
386 371 488 399 Acacio
516 372 823 409 Constantinopolitano
839 373 865 401 id
882 374 972 408 ipsum

182 417 275 445 facere
292 417 358 445 :sed
380 421 435 445 tota
461 418 557 446 civitas
576 426 639 446 cum
660 419 823 447 mulieribus
836 424 862 447 et
879 419 974 447 liberis

183 464 210 492 in
248 464 393 491 ecclesiam
424 469 519 492 contra
547 464 710 493 Basiliscum
734 465 904 494 conveniens
919 465 973 493 hoc

183 511 242 538 ﬁeri
262 512 357 538 vetuit.
371 512 456 538 Porro
473 512 548 539 clero
570 515 596 539 et
611 512 754 541 monachis
776 512 973 540 Constantino-

183 557 315 592 politanis
333 564 381 591 pro
396 556 615 585 Chaicedonensi
642 558 748 593 synodo
775 559 973 594 propugnanti—

182 603 246 635 bus,
258 604 357 630 timens
372 603 490 631 Aeacius
509 603 713 632 multitudinem
731 612 793 632 cum
805 605 845 632 eis
859 613 974 633 concor-

182 650 248 676 dare
264 649 427 682 simulabat;
449 649 521 676 unde
535 657 629 676 coram
645 650 762 678 amboue
783 655 876 678 contra
894 650 972 679 Basi-

182 696 280 723 liscum
295 699 322 723 et
340 695 477 723 Zenonem
507 696 689 724 acclamabat.
705 696 858 724 Basiliscus
880 701 971 724 autem

182 741 332 777 compertis
350 741 403 774 his,
419 746 544 770 metuens
560 741 697 770 fervorem
720 742 818 777 plebis,
833 750 847 770 e
861 743 973 770 civitate

182 787 259 818 cxiii,
280 786 380 821 jubens
394 787 502 814 senatui
532 787 670 815 neminem
694 787 768 822 loqui
782 795 844 816 cum
861 787 971 815 Acacio.

183 832 316 858 Futurum
335 833 406 859 enim
424 836 484 859 erat
502 836 531 859 ut
551 834 670 868 populus
692 834 851 862 incenderet
863 835 970 862 urbem.

183 878 277 905 Daniel
293 882 383 906 autem
398 879 533 907 mirabilis
546 879 652 914 stylites
663 881 814 915 assumptis
829 880 972 908 monachis

181 929 209 951 et
222 925 312 959 populi
325 925 532 953 aemulatorihus
558 925 642 952 exivit
672 930 769 953 contra
796 926 971 959 Basiliscum,

182 974 209 996 et
228 969 251 997 ei
277 977 339 997 cum
369 970 454 997 multa
474 970 574 998 ﬁducia
593 970 753 1006 disputavit.
780 971 884 1005 interea
899 972 972 999 Zeno

183 1022 245 1041 cum
260 1014 385 1042 Areadne
415 1014 447 1041 ad
474 1015 574 1050 regiam
587 1016 749 1051 perveniens
765 1016 859 1044 urbem
878 1024 974 1044 susce-

183 1064 245 1095 ptus
260 1066 300 1089 est
311 1069 325 1087 a
335 1062 436 1097 populo
445 1069 477 1089 ac
489 1065 598 1089 senatu.
613 1061 765 1090 Basiliscus
777 1069 843 1090 vero
860 1063 972 1091 veniens

182 1106 216 1134 ad
233 1107 390 1139 ecclesiam,
407 1107 540 1142 imperiali
556 1108 680 1143 deposita
709 1108 737 1135 in
759 1108 851 1136 divina
879 1115 974 1136 mensa

182 1160 296 1186 corona,
324 1153 358 1180 ad
390 1153 584 1189 baptisterium
615 1153 742 1189 confugit
767 1161 829 1181 cum
853 1154 973 1182 Zenobio

185 1199 262 1226 maia:
293 1199 433 1234 opinionis
460 1207 546 1226 uxore
570 1207 630 1227 sua.
660 1199 746 1227 Porro
766 1200 839 1228 Zeno
863 1200 973 1227 Petrum

183 1244 312 1280 Cnaphca
343 1245 442 1271 avertit
466 1252 498 1272 eo
524 1245 596 1280 quod
625 1244 759 1273 Basilisco
789 1246 972 1274 concurrerit.

183 1289 298 1316 Decreto
315 1294 406 1316 autem
427 1290 577 1318 Orientalis
603 1290 700 1326 synodi
722 1290 865 1326 depositus
878 1294 930 1323 est,
947 1295 974 1318 et

183 1343 244 1361 eum
259 1343 291 1362 eo
301 1334 432 1369 Joannes,
462 1336 508 1370 qui
521 1340 584 1370 post
598 1337 708 1364 tertium
731 1344 852 1364 mensem
870 1337 974 1372 eiectus

183 1385 236 1411 cst.
261 1386 288 1408 et
316 1386 379 1416 post
410 1389 471 1409 eum
492 1382 649 1417 Stephanus
678 1382 720 1409 vir
745 1382 908 1410 venerabilis
932 1388 974 1410 est

183 1425 334 1453 Antiochiae
347 1431 495 1460 provectus
506 1427 666 1461 episcopus.
688 1425 786 1454 Petrus
799 1432 888 1454 autem
902 1427 974 1462 apud

184 1471 340 1507 Pityussam
369 1473 397 1499 in
429 1473 557 1500 exsilium
589 1473 734 1504 ducturus,
748 1473 795 1500 sed
825 1473 974 1501 educentes

184 1518 336 1552 decipiens,
367 1519 494 1553 confugit
522 1519 555 1547 ad
586 1523 712 1547 sanetum
725 1519 901 1547 Theodorum
919 1519 974 1547 Eu-

1025 281 1168 316 presbyter
1183 285 1210 308 et
1229 288 1389 308 meonomus
1404 279 1538 308 ecclesiae.
1551 279 1638 307 Porro
1658 279 1748 308 liiiius
1764 289 1813 316 pa-

1026 325 1198 352 triciuscum
1214 324 1330 352 Leontio
1351 328 1378 352 et
1398 324 1516 359 reliquis
1528 324 1602 352 venit
1616 324 1649 351 ad
1670 325 1812 353 castellum

1025 372 1146 408 Papyrii,
1161 376 1188 400 et
1196 373 1295 400 educta
1305 372 1404 399 Verina
1417 371 1577 407 Augustain
1585 371 1701 400 Tarsum
1710 372 1812 400 Cilicia:

1025 417 1090 446 fecit.
1101 425 1163 445 eum
1174 418 1300 445 coronari
1314 421 1391 445 extra
1408 417 1547 446 civitatem
1561 418 1631 452 apud
1646 418 1675 445 S.
1690 417 1823 445 Petrum,

1061 464 1171 493 Decimo
1190 469 1319 500 praetcrea
1332 464 1452 493 Zenonis
1468 472 1541 493 anno
1557 464 1630 493 Petri
1644 465 1730 501 Μοεεὶ
1748 473 1814 500 spu-

1025 511 1112 538 dastte
1124 519 1172 547 per
1199 505 1344 546 pecuniam
1369 515 1396 539 et
1422 510 1597 538 scductiones
1615 515 1815 546 persuaserunt

1026 556 1128 585 Zenoni
1148 556 1388 591 ejicereJoannem
1402 556 1625 585 Tahennesioten
1648 556 1813 584 Alexandri-

1024 610 1090 631 num
1107 603 1264 638 episcopum
1280 608 1410 638 tanquam
1422 606 1522 638 praeter
1536 607 1628 630 votum
1641 602 1701 637 ejus
1716 610 1814 630 conse-

1025 652 1142 682 cratum,
1159 653 1186 685 et
1194 648 1304 676 Petrum
1322 642 1450 684 Moggum
1476 646 1576 676 iterum
1603 647 1735 676 reducere
1751 648 1815 676 Ale-

1026 694 1177 722 xandriam.
1192 693 1269 722 Tunc
1283 698 1310 722 et
1321 692 1459 722 enoti’cum
1476 693 1540 722 fecit
1557 693 1641 727 Zeno,
1660 698 1688 721 ut
1701 693 1812 730 quidam

1026 739 1112 773 aiunt,
1128 740 1162 768 ab
1176 740 1278 768 Acacio
1293 740 1600 775 Constantinopolitano
1625 740 1770 773 dictatum,
1787 744 1814 770 et

1025 785 1127 821 ubique
1143 786 1304 815 transmisit.
1324 785 1406 814 Petro
1418 790 1509 814 autem
1521 786 1616 822 Moggo
1627 791 1690 815 ante
1706 794 1814 822 regres-

1025 839 1085 859 sum
1103 833 1162 867 cjus
1179 832 1206 859 in
1234 832 1428 860 Alexandriam
1451 832 1536 868 jussit
1553 832 1626 861 Zeno
1660 833 1814 861 communi-

1025 885 1087 906 care
1099 878 1241 913 Simplicio
1252 879 1378 906 Romano
1390 882 1473 913 atque
1485 878 1598 911 Acacio,
1617 878 1675 913 qui,
1687 878 1815 906 videlicet

1024 923 1152 956 Aeacius,
1169 923 1281 960 scripsit
1304 923 1500 952 Alexandrinis
1529 923 1671 959 suscipere
1688 922 1815 960 Moggum

1025 972 1052 995 et
1068 967 1200 996 Joannem
1236 969 1366 1004 abjicere.
1394 968 1515 997 Joannes
1533 976 1598 999 vero
1618 968 1712 996 audita
1735 968 1812 997 Petri

1026 1016 1257 1049 praseutiaJicet
1277 1016 1368 1044 clerus
1380 1023 1442 1043 cum
1459 1016 1560 1051 populo
1570 1016 1645 1044 exire
1657 1016 1731 1043 illum
1751 1024 1816 1052 pro-

1026 1061 1143 1094 hiberet,
1155 1069 1217 1097 quae
1225 1061 1413 1097 prmsumenda
1424 1066 1523 1090 eranta
1532 1062 1613 1090 Petro
1625 1063 1815 1095 considerans,

1026 1108 1166 1142 sapienter
1178 1112 1204 1135 et
1222 1108 1282 1134 sine
1302 1107 1459 1135 turbatione
1477 1107 1604 1135 recessit.

1062 1153 1154 1189 Mundi
1170 1160 1242 1180 anno
1258 1152 1338 1186 5972,
1352 1152 1660 1181 diviuaaincarnatiouis
1673 1159 1744 1180 anno
1752 1151 1815 1183 472,

1026 1198 1213 1226 Theudoricus
1231 1198 1366 1232 Valamer,
1383 1198 1464 1233 cujus
1476 1198 1578 1226 multus
1593 1199 1665 1226 inter
1679 1197 1817 1226 Barbaros

1026 1248 1052 1272 et
1066 1245 1205 1272 Romanos
1231 1248 1273 1272 est
1301 1252 1391 1272 sermo
1421 1249 1516 1280 utpote
1545 1244 1626 1272 fortis
1645 1248 1672 1272 et
1698 1244 1816 1279 providi,

1026 1291 1072 1318 scd
1099 1298 1149 1318 nec
1177 1290 1316 1318 rationum
1350 1291 1512 1326 inexpertis,
1543 1298 1627 1326 penes
1654 1290 1815 1325 Byzantium

1026 1337 1126 1371 quippe
1142 1336 1223 1364 obses
1243 1337 1382 1370 quondam
1399 1335 1652 1371 traditus,optimis
1669 1335 1816 1371 magistro-

1026 1390 1086 1409 rqu
1103 1382 1228 1414 adhaesit,
1243 1389 1306 1409 cum
1323 1386 1402 1417 pater
1415 1382 1492 1409 solus
1511 1381 1637 1410 Valamer
1648 1386 1709 1417 post
1724 1382 1814 1409 Attilae

1026 1429 1096 1457 ﬁlios
1110 1429 1164 1456 dux
1175 1433 1260 1462 esset,
1274 1429 1325 1456 sub
1339 1427 1440 1456 Leonis
1453 1428 1579 1463 imperio,
1593 1428 1754 1456 Gothorum.
1769 1428 1815 1456 ln-

1025 1480 1099 1504 terea
1107 1475 1261 1503 Orientales
1271 1474 1392 1511 episcopi
1404 1474 1541 1510 scripsere
1556 1474 1657 1502 Acacio
1674 1474 1814 1509 vitupera-

1027 1523 1115 1550 tiones
1126 1529 1158 1550 eo
1170 1521 1244 1557 quod
1256 1521 1389 1556 receperit
1400 1520 1525 1557 Moggum
1538 1521 1564 1548 in
1581 1521 1814 1554 communionem;

185 1564 379 1592 chaitensium.
394 1564 556 1593 Timotheus
573 1570 664 1593 autem
690 1565 810 1594 Helurus
835 1567 906 1594 inter
916 1566 974 1594 htcc
988 1579 1008 1606 (ι
1026 1569 1071 1604 qui
1090 1568 1291 1603 parvipendens
1316 1574 1363 1596 eos
1390 1575 1486 1595 omnes
1501 1567 1674 1602 impudenter
1693 1574 1818 1595 commu-

185 1611 312 1644 moritur,
333 1618 382 1646 pro
398 1619 453 1646 quo
468 1612 566 1639 Petrus
587 1612 701 1646 Moggus
717 1612 915 1645 introducitur,
931 1612 974 1640 vir

185 1655 321 1691 malignus
338 1661 364 1684 et
392 1657 519 1684 veritatis
534 1657 676 1689 inimicus,
690 1658 736 1692 qui
749 1657 805 1692 jam
832 1658 974 1692 depositus

184 1701 284 1728 fuerat.
299 1701 484 1729 Consecratur
494 1705 584 1729 autem
604 1702 637 1729 ab
648 1709 703 1729 uno
719 1702 862 1737 episcopo,
873 1707 900 1731 et
913 1703 975 1738 ipso

184 1747 326 1782 deposito;
351 1747 378 1774 in
396 1755 477 1782 quem
494 1748 632 1775 irruentes
646 1754 695 1782 per
715 1747 802 1774 zelum
817 1747 864 1775 Dei
880 1756 974 1777 mona-

185 1792 228 1819 chi
242 1793 352 1828 triginta
369 1793 436 1821 solis
448 1793 544 1821 diebus
560 1793 759 1820 latrocinaliter
770 1801 833 1820 eum
849 1794 975 1822 obtinen-

185 1843 240 1865 tem
259 1839 447 1874 episcopatum
479 1838 629 1874 repellunt,
639 1841 666 1866 et
681 1838 856 1866 Timotheum
874 1839 973 1867 iterum

185 1884 406 1919 Salapiiaciaium
429 1884 492 1919 jure
512 1884 610 1912 throno
642 1885 802 1912 restituunt.
819 1884 974 1920 Stephanus

186 1932 290 1958 interea
310 1931 444 1959 electione
460 1931 598 1958 communi
616 1935 763 1965 provectus
777 1931 810 1959 ad
827 1933 976 1961 Antioche-

185 1985 252 2005 uum
284 1977 470 2012 episcopatum
501 1984 516 2004 a
543 1976 617 2004 Petri
650 1976 771 2011 Cnaphei
809 1978 975 2013 sequacibus

185 2024 265 2058 quasi
291 2024 470 2052 Nestorianus
495 2024 659 2050 criminatus
680 2026 722 2050 est
739 2023 808 2057 apud
826 2024 974 2053 Zenonem.

185 2069 239 2097 Sed
258 2070 330 2097 hunc
343 2070 490 2097 Orientalis
503 2069 626 2105 synodus
643 2069 714 2104 apud
729 2068 891 2098 Laodiceam
910 2079 976 2100 con—

186 2116 434 2151 veniensjussione
461 2116 635 2151 imperatoris
650 2121 743 2152 utpote
759 2116 902 2144 innoxium
917 2118 974 2145 sedi

186 2162 317 2190 restituit.

222 2208 346 2245 Septimo
371 2215 436 2236 vero
467 2208 643 2243 imperatoris
671 2209 792 2237 Zenonis
816 2217 899 2242 anno,
914 2209 974 2238 Ste-

1025 1615 1119 1643 nicare
1133 1614 1229 1650 Moggo
1253 1618 1349 1642 coacte
1375 1613 1448 1642 fecit.
1472 1614 1506 1641 At
1519 1621 1585 1642 vero
1611 1613 1658 1649 qui
1684 1618 1763 1642 erant
1783 1621 1819 1641 ex

1026 1661 1100 1696 regia
1117 1660 1196 1692 urbe,
1221 1667 1326 1688 necnon
1347 1660 1423 1688 etde
1455 1659 1577 1692 Oriente,
1595 1659 1736 1695 deprecati
1748 1664 1817 1688 sunt

1025 1706 1143 1734 Felicem
1160 1705 1313 1733 Romanum
1339 1705 1510 1740 episcopum.
1539 1704 1726 1739 signiﬁcantes
1746 1705 1817 1731 Aca-

1026 1752 1098 1779 cium
1114 1759 1176 1779 esse
1192 1752 1328 1778 malorum
1342 1755 1494 1778 auctorem.
1510 1750 1585 1777 Inter
1606 1757 1678 1785 quos
1692 1755 1717 1778 et
1730 1749 1815 1777 Joan-

1025 1805 1074 1826 nes
1095 1797 1295 1824 Alexandrinus
1311 1796 1407 1824 eadem
1422 1796 1518 1824 dicens
1531 1795 1647 1823 Romam
1672 1796 1815 1832 profectus

1025 1847 1077 1871 est.
1095 1843 1170 1870 Felix
1186 1846 1277 1870 autent
1292 1842 1398 1878 synodo
1413 1842 1442 1869 in
1459 1842 1560 1877 templo
1574 1841 1674 1869 summi
1699 1842 1816 1877 apostoli

1026 1888 1097 1916 Petri
1116 1889 1186 1916 facta
1201 1888 1269 1915 duos
1292 1888 1437 1923 episcopos
1455 1891 1483 1915 ct
1497 1887 1626 1915 Ecclesia:
1641 1886 1814 1915 defensorem

1026 1933 1290 1969 Constantinopolim
1306 1932 1392 1966 misit,
1410 1933 1536 1960 scribens
1554 1932 1657 1960 Zenoni
1674 1936 1700 1960 et
1716 1933 1816 1960 Acacio

1026 1983 1055 2006 ut
1069 1979 1179 2006 Petrum
1192 1979 1320 2014 Moggum
1337 1982 1468 2013 tanquam
1486 1979 1645 2006 hmreticum
1657 1978 1769 2013 ejiceret
1783 1979 1817 2006 ab

1026 2025 1200 2054 Alexandria.
1216 2024 1346 2060 Sequenti
1368 2032 1432 2053 vero
1458 2033 1531 2052 anno
1555 2025 1598 2052 his
1613 2025 1660 2060 qui
1690 2033 1704 2052 a
1732 2024 1819 2053 Boma

1026 2072 1103 2100 missi
1123 2072 1231 2100 fuerant
1243 2072 1314 2106 apud
1333 2072 1456 2108 Abydum
1475 2071 1596 2100 Zenonis
1612 2076 1640 2099 et
1662 2072 1756 2099 Aeacii
1770 2081 1816 2099 vo-

1024 2118 1131 2146 luntate
1153 2118 1278 2151 retentis,
1310 2118 1466 2153 litterisque
1490 2118 1592 2146 ablatis
1619 2118 1647 2145 in
1677 2125 1816 2145 carcerem

1026 2165 1129 2198 missis,
1151 2165 1335 2192 comminatus
1364 2169 1406 2192 est
1431 2164 1506 2192 Zeno
1520 2164 1582 2192 illos
1607 2164 1746 2196 occidere.
1764 2164 1824 2191 nisi.

1025 2210 1126 2237 Acacio
1136 2215 1164 2238 et.
1179 2210 1259 2238 Petro
1271 2210 1369 2246 Moggo
1375 2210 1637 2238 communicassent.
1649 2209 1734 2238 Porro
1744 2210 1818 2238 Zeno

187 2255 277 2289 phano
293 2255 423 2289 episcopo
438 2254 613 2283 Antiocheno
624 2255 787 2288 dormiente,
804 2255 974 2291 Stephanum
990 2250 1015 2282 Ι)
1027 2255 1143 2284 consilio
1158 2256 1251 2283 Aeacii
1273 2254 1397 2284 Orientis
1406 2256 1553 2290 episcopos
1562 2255 1676 2290 cogebat
1691 2255 1819 2284 subscri-

187 2308 237 2335 pro
257 2307 290 2327 eo
302 2301 417 2328 alterum
447 2309 655 2336 consecravere,
680 2309 761 2337 quem
786 2301 889 2330 inimici
912 2302 975 2330 ﬁdei

187 2352 261 2379 voto,
285 2354 339 2381 quo
355 2355 418 2383 erga
446 2347 574 2383 Cnaphea
600 2348 763 2385 ﬂagrabant,
792 2349 820 2375 in
838 2348 976 2376 natatorio

188 2391 276 2417 sancti
294 2391 422 2427 martyris
437 2391 541 2418 Barlate
569 2392 682 2419 calamis
696 2392 785 2419 acutis
802 2393 975 2420 trucidantes

187 2436 215 2463 in
242 2435 371 2464 Orontem
400 2437 513 2464 ﬂuvium
540 2438 690 2472 projecere,
718 2437 811 2465 furore
837 2443 976 2466 armantes

188 2484 346 2511 amentiam.
359 2484 432 2511 Zeno
442 2489 532 2511 autem
547 2488 658 2520 propter
675 2485 721 2511 illa
732 2493 792 2520 qua:
807 2491 975 2520 praesumpta

188 2534 254 2558 sunt
273 2531 300 2558 in
313 2530 493 2566 Stephanum,
518 2531 602 2566 jussit
629 2530 728 2559 Acacio
744 2531 978 2566 Constantinopo-

188 2577 247 2605 leos
264 2577 422 2612 episcopum
438 2577 591 2614 Antiochiae
602 2578 782 2611 constituere,
798 2578 844 2613 qui
863 2578 975 2606 ordina-

189 2622 228 2649 vit
243 2621 451 2650 Calaudiouem.
474 2622 711 2651 Consecraverunt
731 2627 821 2651 autem
840 2628 867 2652 et
882 2624 977 2652 Antio-

190 2669 272 2696 chen't
301 2676 349 2704 per
374 2669 557 2704 ignorantiam
589 2669 742 2703 Joannem,
766 2670 813 2706 qui
834 2669 978 2698 dicebatur

190 2715 349 2743 Codonalus
362 2725 369 2749 ;
387 2723 468 2751 quem
481 2716 613 2745 Calandio
629 2717 656 2745 in
671 2716 785 2753 Tyrum,
803 2724 863 2752 quae
874 2717 979 2753 primus

190 2761 309 2789 thronus
322 2766 364 2789 est
378 2762 556 2790 Antiocheam
569 2762 730 2796 diceeeseos,
755 2762 919 2791 translatum
934 2763 978 2790 in-

193 2808 372 2836 thronizavit.
390 2809 492 2837 Eodem
506 2817 578 2837 anno
591 2813 618 2838 et
628 2809 801 2838 Alexandriae
818 2808 979 2837 Timotheus

193 2855 402 2890 Salophaciaius
425 2856 570 2885 defunctus
605 2861 657 2889 est,
685 2860 712 2884 et
734 2860 912 2884 consecratus
938 2859 980 2883 est

192 2900 311 2931 Joannes
338 2902 564 2937 Tabenncsiotcs,
587 2902 630 2931 vir
654 2907 767 2931 sanctus
794 2906 820 2931 ct
842 2906 979 2930 rectorum

1028 2301 1091 2329 bere
1121 2301 1234 2329 enotico
1259 2306 1287 2329 et
1316 2301 1522 2329 communicare
1536 2300 1620 2328 Petro
1642 2301 1748 2337 Moggo.
1765 2301 1819 2330 Re-

1028 2348 1170 2384 sponsales
1181 2354 1246 2375 vero
1259 2347 1360 2375 Felicis
1375 2345 1491 2374 Romani
1513 2347 1680 2375 conveniens
1694 2351 1722 2375 et
1736 2356 1818 2383 pecu-

1029 2395 1083 2422 uiis
1111 2393 1263 2428 decipiens,
1294 2392 1396 2420 Acacio
1416 2393 1621 2420 communicare
1643 2397 1740 2421 contra
1757 2401 1819 2429 quae

1028 2439 1080 2467 sibi
1097 2439 1206 2466 fuerant
1219 2439 1351 2474 imperata
1365 2439 1514 2473 persuasit,
1524 2445 1683 2474 quanquam
1698 2445 1819 2468 econtra

1028 2490 1070 2513 ter
1091 2489 1313 2513 contestarentur
1347 2483 1520 2517 orthodoxi,
1554 2484 1671 2519 primum
1706 2485 1822 2520 quidem

1028 2532 1110 2559 hamo
1136 2530 1408 2565 eircumponeutibus
1431 2529 1536 2562 funem,
1560 2533 1587 2557 et
1615 2537 1701 2557 unum
1722 2537 1818 2558 eorum

1029 2578 1138 2614 publice
1168 2577 1380 2610 instruentibus,
1394 2576 1550 2604 secundum
1566 2579 1658 2603 autem
1677 2577 1703 2603 in
1718 2577 1819 2604 librum

1029 2625 1214 2655 immiserunt,
1231 2629 1257 2652 et
1271 2624 1382 2652 tertium
1395 2624 1422 2651 in
1439 2623 1588 2657 cophinum
1611 2621 1717 2650 olerum
1731 2622 1820 2658 impo-

1029 2675 1156 2700 Suerunt.
1170 2670 1244 2698 Felix
1259 2674 1349 2698 autem
1369 2669 1520 2705 compertis
1544 2676 1604 2704 qua
1619 2668 1654 2696 ab
1669 2669 1819 2704 apocrisia-

1030 2718 1080 2746 riis
1087 2718 1147 2746 suis
1162 2721 1241 2753 gesta
1254 2721 1330 2750 sunt,
1347 2716 1476 2752 deposuit
1491 2723 1551 2749 cos,
1568 2715 1695 2743 scribens
1719 2715 1820 2744 Acacio

1029 2763 1241 2799 depositionem.
1275 2762 1362 2790 Porro
1390 2763 1414 2789 is
1437 2762 1483 2797 qui
1502 2762 1572 2790 hanc
1592 2761 1820 2795 deferebat,eil'u-

1030 2809 1108 2846 giens
1126 2817 1173 2837 eos
1188 2809 1235 2844 qui
1265 2812 1344 2836 erant
1368 2807 1396 2835 in
1410 2806 1517 2843 Abydo,
1539 2807 1662 2843 pervenit
1675 2806 1709 2834 ad
1722 2814 1819 2835 mona-

1032 2855 1145 2883 sterium
1171 2854 1224 2882 Dii.
1256 2853 1380 2882 Monachi
1413 2860 1477 2881 vero
1494 2853 1535 2880 Ι)ἰί
1569 2852 1711 2881 Dominico
1733 2853 1777 2881 die
1791 2853 1819 2880 in

1033 2901 1154 2929 sacrario
1170 2907 1317 2937 perrexere
1343 2899 1488 2935 epistolam
1517 2898 1627 2927 Acacio.
1655 2899 1704 2927 Ast
1726 2899 1753 2927 hi
1773 2899 1821 2935 qui
