2035 3153
231 189 301 222 1239

226 253 353 277 erantex
370 251 446 282 parte
464 246 555 275 Acacii
574 251 746 283 peremerunt
764 248 895 283 quosdam
910 256 943 276 ex
965 255 1020 276 uto-

228 294 336 326 nachis,
353 295 399 328 qui
419 294 563 327 epistolam
590 294 734 328 dederant,
766 294 901 330 quosdam
925 298 1017 322 autem

227 341 338 376 punitos
355 340 460 367 carceri
473 339 731 368 tradidere.Verum
747 340 864 368 Aeacius
878 340 1018 368 insensate

227 395 256 415 se
268 387 364 414 habuit
377 387 452 414 circa
482 386 695 421 depositionem,
717 395 872 422 nomenque
888 386 987 415 Felicis
1002 394 1017 413 a

226 432 363 466 diptychis
381 431 647 459 abstulit.Pr:etcrea
658 431 789 459 Calandio
801 433 947 467 episcopus
962 432 1018 459 An-

230 477 374 505 tiochenns
403 478 554 513 asportavit
586 485 686 513 corpus
714 478 850 506 Eustathii
878 479 970 514 magni
1003 486 1017 505 a

228 522 370 557 Philippis,
383 523 429 550 ubi
442 526 469 550 et
482 523 580 550 exsilio
601 528 724 551 retentus
739 523 898 555 dormierat,
915 528 942 551 et
957 531 1018 551 cum

229 569 333 596 honore
345 569 432 596 multo
448 569 511 597 huic
524 569 630 597 decitno
643 570 771 597 milliario
785 573 841 598 tota
856 569 954 598 civitas
969 570 1019 597 ob-

228 616 297 642 viam
312 615 394 643 venit.
409 614 441 642 Ili
458 623 521 643 vero
535 616 582 650 qui
595 623 625 643 se
639 617 672 645 ab
688 615 810 643 Ecclesia
825 620 1019 651 separaverant

229 667 339 696 propter
367 662 493 690 eumdem
518 667 656 696 sanctum,
670 670 767 690 rursus
784 663 852 690 uniti
875 666 939 690 sunt
956 666 1018 698 post

227 713 338 736 centum
356 717 443 738 annos
456 710 630 739 domuitionis
641 712 710 746 ejus.
722 710 830 738 Mortuo
843 718 908 739 sane
917 711 1019 738 Acacio

229 763 291 783 cum
308 755 453 783 Phi-avitas
478 764 527 792 per
549 761 604 784 tres
627 765 734 784 menses
758 758 947 792 episcopatum
976 761 1017 785 te-

229 802 343 835 nuisset,
363 802 473 838 scripsit
485 803 567 830 Felici
582 804 652 838 quod
667 804 691 831 ei
703 804 810 838 quidem
829 804 1018 831 communica-

228 852 280 880 ret,
301 848 381 876 Petro
393 857 458 876 vero
491 849 588 884 Moggo
613 858 667 877 non
697 850 923 878 communicaret.
944 850 1017 878 Edi-

228 902 307 922 verso
323 899 414 922 autent
431 895 528 931 Moggo
546 897 658 930 scripsit
685 897 758 931 quod
778 897 802 924 ei
816 897 926 932 quidem
942 904 1019 925 com-

229 941 392 975 municaret,
413 941 532 969 Felicem
567 946 658 970 atttcm
689 942 841 970 Romanum
871 947 1018 971 averteret.

231 986 329 1014 Verum
352 988 566 1023 exemplaribus,
582 997 642 1023 quze
671 989 706 1016 ad
732 989 857 1025 Moggutn
885 989 1020 1018 destinata

235 1032 344 1060 fuerant
359 1033 394 1060 ab
407 1034 580 1066 orthodosis.
592 1033 678 1067 Felix,
691 1039 837 1070 antequam
851 1035 1020 1070 apocrisiarii

229 1079 366 1106 Phravitze
379 1088 440 1109 cum
457 1081 598 1116 synodicis
614 1081 812 1116 pervenissent,
826 1082 956 1116 acceptis,
972 1083 1023 1111 hos

228 1134 291 1153 cum
310 1126 484 1154 inhonestatc
499 1128 617 1155 remisit.
633 1127 766 1156 Defuncto
781 1133 872 1156 autem
892 1128 1023 1156 Phravita

230 1172 395 1208 Euphemius
407 1174 548 1209 presbyter
558 1179 584 1202 et
594 1175 963 1211 ptochotrophosNeapoleos
971 1176 1025 1210 epi-

230 1224 373 1255 scopatum
397 1220 676 1255 Constantinopoleos
694 1222 791 1254 tenuit,
803 1222 948 1250 confestim
962 1230 1025 1257 pro-

231 1266 299 1301 priis
316 1267 445 1293 manibtts
461 1273 561 1293 nomen
575 1265 663 1302 Moggi
680 1266 779 1295 delevit
791 1275 806 1294 a
818 1267 1024 1304 diptychis,sic-

230 1313 319 1348 quein
334 1313 374 1341 eis
384 1314 481 1341 sedens
493 1313 519 1339 in
535 1313 636 1341 throno
650 1320 750 1341 nomen
762 1312 860 1341 Felicis
873 1314 1024 1349 inscripsit.

265 1360 358 1388 Mundi
373 1368 446 1387 anno
475 1360 555 1393 5982,
585 1360 684 1388 divina:
725 1361 924 1389 incarnationis
955 1369 1027 1389 anno

229 1407 294 1441 482,
309 1407 411 1436 l’etrtts
430 1407 545 1443 Moggus
560 1410 688 1435 mortuus
702 1411 745 1435 est
770 1407 954 1439 Alexandriae,
977 1415 1028 1443 pro

228 1464 284 1492 quo
297 1456 465 1485 Athanasius
491 1459 675 1484 consecratus
694 1459 737 1484 est
753 1460 937 1492 cognomento
961 1456 1029 1483 Cili-

230 1508 281 1531 n-s.
295 1502 345 1530 Ast
358 1503 507 1537 imperator
518 1502 593 1529 Zeno
606 1502 701 1537 requie
730 1502 835 1537 potitus
854 1509 868 1529 a
889 1502 1029 1534 Barbaris,

229 1548 265 1575 ab
289 1548 460 1575 Antiochena
477 1547 674 1575 Calandionem
691 1547 768 1582 pellit
793 1547 923 1580 ecclesia,
941 1555 1025 1576 exsu—

777 188 976 219 ANASTASII
998 188 1313 223 BIBLIOTHECARII

1802 187 1871 221 1240

1033 247 1058 278 Α
1072 251 1169 279 turbas
1183 251 1350 279 excitantem
1366 252 1476 280 intuens
1488 250 1573 279 sedile
1588 250 1686 285 ipsius,
1710 249 1783 285 quod
1804 254 1868 277 erat

1071 297 1098 324 in
1125 298 1244 326 ecclesia
1269 298 1414 331 subvertit,
1443 297 1628 326 comminatus
1650 297 1676 323 ei
1706 296 1779 331 quod
1811 296 1867 323 nisi

1070 349 1191 370 cessaset
1219 352 1233 370 a
1255 344 1366 377 talibus,
1383 343 1510 371 tonderet
1542 348 1624 378 caput
1650 341 1711 377 ejus
1725 347 1753 369 et
1779 341 1869 370 turbis

1071 389 1191 417 traderet
1205 389 1416 424 publicandutn.
1447 389 1570 422 Questus
1585 392 1675 416 autem
1692 388 1763 423 apud
1782 389 1870 415 Zeno-

1071 443 1133 462 nem
1158 441 1254 463 contra
1283 435 1357 464 illurn
1385 436 1505 464 obtinuit
1537 438 1715 471 potestatem.
1736 434 1870 470 Sequenti

1071 489 1137 509 vero
1151 489 1235 513 anno,
1253 490 1310 517 quo
1331 482 1464 516 agebatur
1484 481 1611 510 decimus
1635 481 1769 516 septimus
1782 481 1871 516 impe-

1071 527 1104 554 rii
1139 527 1259 555 Zenonis
1292 535 1392 560 annus,
1425 526 1501 555 Felix
1538 526 1680 563 synodicis
1722 525 1867 561 Euphemii

1072 574 1192 609 receptis
1215 575 1240 602 ei
1267 574 1378 610 quidem
1392 578 1524 609 tanquam
1546 573 1703 601 orthodoxa
1724 573 1871 608 appositus

1070 622 1123 652 est,
1141 620 1302 655 episcopum
1326 624 1417 647 autem
1434 620 1511 647 illum
1533 627 1588 646 non
1611 619 1725 654 recepit,
1742 626 1775 645 eo
1796 618 1872 653 quod

1071 671 1172 692 nomen
1194 665 1288 693 Aeacii
1304 669 1331 692 et
1345 664 1517 693 successoris
1531 663 1669 691 Phravitae
1683 663 1717 690 de
1730 663 1871 698 diptychis

1072 719 1126 737 non
1141 711 1278 738 emiserit.
1298 711 1399 738 Eodetn
1416 719 1489 739 anno
1505 711 1588 738 Petro
1613 709 1742 745 Cuapheo
1761 714 1872 738 mortuo

1071 761 1213 792 promotus
1226 762 1269 785 est
1279 757 1425 792 episcopus
1453 757 1514 785 loco
1527 757 1588 791 ejus
1607 756 1744 783 Palladius
1758 755 1873 791 presby-

1071 809 1112 831 ter
1130 803 1313 831 Seleuciensis
1342 803 1466 831 ecclesia:
1495 808 1598 831 sancta:
1622 803 1717 837 prima:
1741 803 1873 836 martyris

1071 850 1189 882 Theclte,
1204 859 1266 878 cutn
1288 858 1343 886 quo
1359 850 1465 885 eiectus
1482 854 1524 878 est
1548 853 1575 877 et
1596 848 1715 877 Joannes
1732 847 1873 875 Conslan-

1072 896 1121 923 tini
1137 901 1218 932 atque
1233 897 1398 924 Anastasius
1429 896 1613 927 silentiarius,
1629 895 1675 930 qui
1701 896 1772 922 male
1795 898 1874 929 post-

1074 943 1127 970 hac
1142 943 1297 978 imperavit.
1328 943 1397 969 Nam
1415 941 1527 969 Zenone
1555 945 1676 973 tnortuo,
1691 940 1875 974 Longinoque

1075 990 1160 1018 fratre
1177 990 1264 1025 ipsius
1276 989 1424 1024 imperium
1435 988 1581 1016 affectante
1598 987 1718 1022 repulso,
1736 985 1873 1014 Areadna:

1075 1043 1242 1071 senatusque
1254 1037 1381 1065 consulto
1394 1044 1427 1064 ac
1441 1036 1527 1063 totius
1547 1035 1688 1062 exercitus
1705 1033 1874 1061 Anastasius

1079 1083 1251 1112 silentiarius
1265 1083 1461 1118 pronuntiatus
1489 1087 1532 1110 est
1558 1079 1791 1116 impcrator;qui
1807 1086 1873 1106 cum

1077 1130 1222 1165 imperium
1255 1129 1434 1164 suscepisset,
1464 1127 1665 1163 professionem
1704 1125 1732 1152 in
1757 1124 1875 1159 scriptis

1078 1180 1219 1214 expetitus
1236 1182 1278 1207 est
1293 1178 1327 1206 ab
1343 1177 1496 1212 Euphemio
1509 1177 1600 1204 facere
1614 1182 1668 1202 non
1679 1172 1874 1202 commovendi

1078 1225 1228 1261 quidquam
1256 1225 1290 1253 ab
1328 1223 1451 1251 Ecclesia
1467 1223 1508 1250 rei
1535 1222 1569 1249 de
1595 1222 1659 1252 tidc,
1675 1221 1817 1256 indignum
1844 1226 1876 1246 se

1078 1272 1245 1300 Christianis
1271 1275 1299 1298 et
1329 1271 1446 1304 imperio
1483 1276 1596 1296 vocans.
1627 1267 1686 1294 Vim
1724 1271 1816 1293 autem
1847 1265 1874 1292 ei

1080 1316 1382 1351 facientcituperatrice
1396 1315 1522 1343 Areadue
1547 1320 1629 1348 atque
1649 1317 1757 1344 senatu,
1775 1318 1875 1340 susce-

1080 1365 1120 1400 pit
1137 1364 1255 1399 propriae
1267 1370 1366 1390 manus
1382 1362 1443 1396 ejus
1467 1358 1614 1396 scriptum,
1641 1359 1715 1394 quod
1739 1358 1877 1393 reciperet

1081 1412 1108 1439 in
1126 1410 1313 1438 definitionem
1331 1408 1392 1436 fidei
1407 1409 1533 1443 dogmata
1556 1405 1790 1434 Chalcedonensis
1804 1412 1875 1431 con-

1082 1457 1152 1490 cilii,
1168 1460 1195 1484 et
1212 1456 1249 1483 ita
1265 1459 1416 1483 coronatus
1431 1453 1585 1481 Areadnem
1601 1452 1678 1480 ducit
1690 1451 1723 1478 ad
1750 1450 1876 1485 nuptias,

1083 1503 1204 1531 nomium
1219 1505 1281 1529 ante
1296 1501 1374 1528 uxori
1392 1501 1523 1527 sociatus.
1541 1499 1628 1526 Porro
1644 1505 1717 1525 anno
1731 1504 1784 1532 quo
1799 1496 1879 1523 Zeno

1084 1553 1211 1575 mortuus
1237 1550 1278 1573 est
1304 1551 1331 1573 et
1359 1544 1522 1572 Anastasius
1554 1544 1688 1578 imperare
1714 1541 1808 1576 cmpit,
1840 1540 1879 1567 ab

231 1592 284 1619 lem
305 1591 410 1619 faciens
428 1591 499 1626 apud
513 1590 784 1625 Oasin,Petrumque
800 1591 929 1626 Cnaphea
955 1599 1023 1618 eon-
1039 1588 1062 1618 C
1079 1592 1164 1619 Adatn
1190 1590 1343 1618 secundum
1379 1589 1519 1616 Romanos
1560 1588 1671 1622 quidem
1698 1586 1761 1613 anni
1795 1589 1879 1612 erant

231 1637 332 1665 stituit.
347 1637 490 1666 Nestorem
505 1642 595 1665 autem
615 1637 790 1671 Tarsensem,
805 1638 906 1673 Cyrum
927 1637 1022 1665 lliero-

233 1685 406 1720 politanum,
451 1684 584 1712 Joannem
623 1684 830 1720 Cyrestensem,
869 1684 1024 1712 Romanum

232 1731 497 1764 Cbaleedonensem,
521 1730 672 1759 Eusebium
699 1730 924 1764 Samosateuum,
935 1731 1023 1758 Julia-

233 1786 298 1805 num
320 1777 540 1813 Mopsuestinum
554 1797 562 1810 ,
598 1777 714 1805 Paulum
740 1777 1024 1811 Constantinensem,

231 1824 344 1851 Manum
366 1822 591 1852 Hermeniensem
610 1827 637 1851 et
657 1822 1026 1859 AndreamlThcodosiopo-

233 1869 360 1902 litanum,
385 1869 438 1896 sub
453 1869 568 1897 obtentu
594 1868 704 1904 quidem
730 1868 925 1903 farorisquasi
951 1869 1025 1896 circa

234 1921 369 1950 tyrannos
383 1915 509 1948 exhibiti,
528 1914 576 1942 sed
592 1914 708 1942 veritate
724 1918 835 1949 propter
861 1922 915 1942 non
932 1922 1027 1950 recep-

233 1966 292 1989 tum
303 1961 440 1988 enoticum
450 1961 521 1996 abigi
531 1961 660 1996 praecepit
672 1960 809 1990 ecclesiis.
821 1959 919 1989 Petrus
935 1965 1025 1988 autem

234 2005 381 2040 Citapheus
415 2004 590 2032 Antiochiam
603 2004 746 2040 ingressus
769 2004 854 2031 multa
871 2005 942 2031 mala
960 2012 1027 2039 ope-

235 2056 311 2079 ratus
322 2055 375 2084 est,
390 2051 636 2079 anathematismos
653 2050 780 2078 videlicet
795 2050 893 2086 synodi
911 2050 1026 2078 Chalce-

237 2098 382 2129 donensis,
412 2097 697 2133 irreprehensibilium
717 2097 885 2130 deiectiones
915 2095 1026 2131 episco-

237 2143 571 2179 porutn,_subrogationes
586 2145 613 2169 et
630 2141 784 2169 creationes
799 2140 923 2172 illicitas,
938 2144 966 2168 et
982 2140 1026 2169 his

236 2189 349 2220 similia,
381 2191 445 2215 ante
489 2187 581 2214 omnia
614 2187 729 2222 trisagio
761 2187 863 2222 hymno
901 2187 1025 2215 addens:

236 2235 342 2262 Christe
359 2241 416 2267 rex,
433 2233 479 2269 qui
497 2233 643 2268 cruciﬁxus
659 2241 706 2267 pro
722 2233 807 2261 nobis.
828 2233 925 2261 Petrus
935 2238 1025 2261 autem

237 2282 338 2309 iterum
373 2281 486 2309 veniens
510 2280 682 2314 amputavit:
714 2279 818 2307 Christe
847 2288 904 2307 rex.
940 2279 1028 2307 Porro

239 2327 393 2355 Xenochias
407 2335 503 2355 servus
522 2326 629 2354 Satanae
643 2326 814 2354 Dotuinicatu
829 2330 856 2353 et
866 2331 1026 2354 sanctorum

236 2373 346 2401 dicebat
375 2380 430 2400 non
460 2373 646 2408 recipiendam
677 2373 836 2408 imaginem.
863 2373 931 2401 Cum
953 2373 1026 2401 enim

237 2423 312 2447 esset
327 2420 439 2447 natione
470 2419 553 2447 Persa
577 2424 604 2447 et
628 2419 737 2447 fortuna
752 2427 862 2452 servus,
886 2419 1028 2446 dominum

237 2474 319 2494 suum
346 2466 398 2493 sub
422 2465 591 2493 Calandione
620 2466 728 2501 fugiens
749 2466 840 2499 villas,
865 2473 929 2501 qum
954 2466 1028 2493 circa

237 2511 412 2539 Antiochiam
427 2516 502 2544 sunt,
513 2518 528 2537 a
549 2511 601 2539 title
616 2511 785 2544 retrahebat,
802 2519 863 2539 cum
883 2519 937 2539 non
956 2515 1030 2539 esset

239 2558 406 2594 baptizatus,
424 2565 455 2586 se
471 2558 603 2585 clericum
620 2565 682 2586 esse
697 2558 804 2585 dicens.
833 2557 912 2584 llunc
928 2558 1029 2586 Calan-

239 2608 286 2634 dio
302 2606 413 2642 quidem
428 2605 542 2641 pepulit,
561 2604 657 2633 Petrus
671 2613 736 2633 vero
757 2605 906 2640 Cnapheus
923 2606 1029 2640 episco-

240 2660 305 2688 pum
337 2651 516 2687 Hierapoleos
552 2652 684 2679 ordinans
724 2651 894 2678 Philoxcuon
926 2656 1030 2679 mutato

239 2699 351 2727 nomine
365 2698 542 2733 nuncupavit.
574 2697 641 2725 Cum
659 2702 749 2724 autem
777 2697 950 2732 postmodum
966 2705 1029 2725 eutn

239 2745 408 2781 baptiratum
429 2753 483 2773 non
511 2752 573 2773 esse
596 2744 756 2773 didicisset:
776 2743 895 2779 Sufficit,
927 2745 1028 2779 inquit,

238 2793 262 2819 ei
277 2800 325 2826 pro
342 2792 472 2825 baptismo
487 2791 664 2819 consecratio.
681 2790 850 2825 Euphemius
863 2796 954 2818 autem
967 2797 1029 2817 cum

240 2843 315 2866 esset
339 2837 521 2870 orthodoxus,
553 2836 730 2864 Anastasium
758 2835 952 2869 silentiariutn,
982 2836 1028 2870 qui

230 2889 303 2921 post
323 2884 380 2911 haec
401 2885 506 2913 abusus
522 2884 637 2919 imperio
657 2887 708 2914 est,
720 2882 754 2910 ab
770 2881 891 2910 Ecclesia
924 2883 1029 2917 pepulit

244 2936 272 2958 ut
288 2930 445 2958 hacreticum
464 2935 491 2958 et
505 2931 633 2966 Eutychis
648 2935 873 2963 consentaneum,
902 2937 982 2964 quem
1000 2934 1026 2957 et

1080 1637 1161 1669 5999,
1189 1636 1340 1663 seCundum
1370 1634 1526 1670 diligentem
1555 1640 1621 1661 vero
1651 1631 1879 1667 supputationem

1080 1683 1329 1712 Alexandrinorum
1348 1682 1427 1710 5985.

1117 1728 1211 1756 Mundi
1225 1735 1297 1754 anno
1306 1726 1386 1757 598i,
1400 1725 1499 1752 divina:
1511 1722 1713 1752 incarnationis
1722 1729 1795 1750 anno
1809 1721 1879 1755 484,

1081 1774 1247 1802 Anastasius
1277 1773 1428 1807 imperator
1464 1771 1575 1799 l’etrum
1610 1770 1740 1805 Cuaphca
1778 1768 1881 1795 Antio-

1081 1819 1172 1846 chiam
1192 1818 1282 1846 redire
1296 1817 1330 1844 ad
1349 1817 1490 1852 propriam
1515 1815 1608 1856 sedem
1626 1814 1715 1849 jubet.
1736 1813 1789 1841 Sed
1812 1813 1882 1840 licet

1083 1866 1157 1893 hunc
1170 1866 1204 1893 ab
1221 1865 1320 1892 exsilio
1331 1862 1680 1895 revocasset,Antiochiam
1690 1865 1783 1888 tamen
1799 1861 1882 1888 abire

1082 1919 1137 1940 non
1153 1919 1252 1946 passus
1272 1915 1326 1943 est,
1347 1909 1499 1937 Palladium
1518 1909 1621 1936 faciens
1639 1907 1792 1935 Antiochia:
1807 1914 1881 1934 con-

1081 1959 1196 1986 secrari.
1226 1956 1392 1992 Euphemius
1412 1960 1503 1982 autetn
1540 1953 1881 1988 Constantiuopolitanns.

1083 2006 1258 2042 congregatis
1273 2004 1425 2040 peregrinis
1442 2003 1579 2038 episc0pis
1594 2006 1721 2030 sanctum
1745 2001 1883 2037 praedica-

1082 2054 1122 2082 vit
1140 2052 1363 2081 Chalcedoncnse
1377 2050 1537 2078 concilium.
1562 2049 1649 2076 Porro
1678 2048 1800 2076 Joannes
1825 2047 1883 2074 Ta-

1083 2098 1257 2127 bennesiotes
1277 2104 1339 2125 cum
1356 2100 1429 2124 esset
1444 2095 1547 2127 Romae,
1561 2094 1676 2122 attdietts
1689 2093 1765 2128 quod
1799 2094 1881 2119 Aua-

1083 2146 1184 2173 stasius
1207 2145 1364 2179 imperaret,
1376 2143 1450 2170 venit
1475 2141 1649 2177 Byzantium,
1670 2140 1882 2168 vicissitudines

1083 2195 1170 2222 bonas
1185 2200 1301 2229 sperans
1316 2192 1350 2220 ab
1368 2199 1412 2224 eo,
1436 2191 1575 2225 quoniam}
1590 2189 1784 2217 Alexandrina:
1803 2189 1879 2216 fece-

1082 2245 1127 2268 rat
1139 2241 1214 2268 illttm
1224 2247 1406 2271 tecanomum,
1422 2246 1502 2274 quem
1517 2242 1544 2265 et
1562 2237 1665 2264 nudum
1680 2244 1712 2264 ex
1730 2235 1880 2270 naufragio

1086 2290 1245 2322 susceptum
1263 2289 1419 2313 sustentare
1438 2284 1556 2316 curavit,
1578 2284 1614 2310 ita
1638 2288 1667 2310 ut
1692 2283 1797 2310 faceret
1813 2291 1879 2309 eum

1084 2334 1118 2362 de
1147 2333 1303 2361 calamitate
1339 2331 1406 2359 nihil
1435 2331 1550 2358 omnino
1572 2330 1687 2357 sentire.
1712 2329 1881 2356 Anastasius

1083 2381 1173 2405 autem
1203 2376 1319 2403 audiens
1341 2374 1413 2410 quod
1426 2375 1549 2407 veniret,
1566 2374 1620 2402 tide
1635 2379 1712 2409 rupta
1736 2374 1881 2408 multaque

1083 2422 1279 2458 ingratitudine
1291 2429 1356 2449 usus
1366 2421 1394 2448 in
1403 2421 1529 2449 exsilium
1539 2420 1880 2456 prmeipitdestinandum,

1083 2469 1242 2496 nullatenus
1267 2467 1302 2495 ab
1318 2467 1378 2503 ipso
1393 2471 1566 2502 susceptum.
1584 2466 1671 2494 Porro
1687 2465 1810 2494 Joannes
1826 2466 1881 2493 hoc

1084 2521 1260 2550 pramoscens
1276 2513 1391 2541 Romam
1408 2512 1539 2547 fugiendo
1557 2513 1683 2541 salvatus
1698 2517 1751 2540 est.
1768 2512 1878 2540 interea

1084 2562 1156 2589 facta
1178 2561 1363 2588 Barbarornm
1389 2560 1606 2596 praedonumque
1627 2567 1661 2587 ac
1679 2559 1876 2586 intestinornnt

1085 2607 1217 2635 bellorum
1231 2606 1397 2639 turbatione,
1420 2606 1464 2633 his
1487 2605 1563 2634 Cono
1588 2605 1735 2640 episcopus
1756 2604 1877 2640 Apamize

1084 2653 1215 2682 derelicto
1244 2653 1344 2680 throno
1357 2652 1385 2680 in
1401 2656 1537 2679 armatum
1556 2655 1584 2679 et
1603 2656 1749 2687 praetorem
1768 2656 1876 2678 laxatus

1085 2700 1201 2729 resistit.
1216 2700 1370 2734 Imperator
1383 2702 1475 2726 autem
1496 2697 1628 2732 fatigatus
1637 2705 1671 2725 eo
1686 2697 1759 2732 quod
1773 2697 1876 2725 bellum

1084 2747 1280 2782 protelaretur,
1296 2746 1411 2774 ﬁdenter
1436 2745 1554 2773 credidit
1568 2744 1721 2780 Euphemio
1747 2744 1876 2778 episcopo

1081 2793 1158 2829 quod
1174 2797 1288 2827 cuperet
1303 2799 1409 2826 pacem,
1422 2796 1449 2819 et
1464 2791 1556 2826 colligi
1570 2790 1731 2826 peregrinos
1754 2790 1879 2824 prmeipit

1082 2838 1234 2873 episcopos
1256 2837 1335 2872 quasi
1361 2844 1412 2871 pro
1439 2835 1567 2864 llisauris
1600 2840 1754 2870 rogatores.
1776 2835 1880 2870 Euphe-

1091 2884 1163 2911 mius
1183 2887 1272 2910 autem
1302 2886 1436 2910 sccretdm
1452 2882 1626 2916 imperatoris
1650 2881 1747 2909 Joauui
1765 2882 1880 2917 patricio

1092 2929 1233 2962 rct'clavit,
1251 2936 1346 2965 socero
1364 2929 1486 2961 viddieet
1501 2928 1670 2963 Athutpdori
1697 2929 1820 2962 primatis
1841 2932 1878 2963 ty-

1047 2269 1069 2298 D
