2035 3153
146 205 217 240 1241

540 203 723 237 HISTORIA
744 202 1031 237 ECCLESIASTICA
1051 204 1102 236 EX
1120 203 1358 236 THEOPHANE.

1711 201 1780 235 1242

146 261 284 295 rannidil.
303 262 351 297 qui
377 268 493 290 currens
516 262 569 290 hoc
598 262 758 297 imperatori
781 261 934 294 nuntiavit;
951 260 974 290 A
989 265 1076 294 erant,
1094 264 1206 296 propter
1220 260 1350 288 enoticon
1380 257 1511 291 Zenonis,
1527 258 1668 295 inopinata
1694 259 1777 287 multa

146 316 209 344 qua?
238 315 281 335 res
305 308 333 335 in
360 308 616 336 irreeouciliabilem
635 312 731 336 contra
755 307 935 342 Euphemium

147 354 321 382 inimicitiam
362 355 555 390 imperatorem
586 355 763 382 Anastasium
796 354 937 381 etcitavit.

148 397 227 426 Unde
266 401 294 426 et
330 396 510 426 Hisaurorum
542 397 693 433 Euphemio
728 398 937 433 congressioues

147 443 289 478 ascripsit.
305 443 457 479 Euphemio
473 451 539 471 vero
553 444 663 479 quidam
691 443 853 472 insidiantes
874 451 938 479 per-

148 493 298 518 suaserunt
311 489 419 517 cuidam
436 493 500 518 ante
513 488 675 525 martyrium
703 489 824 525 gladium
841 493 937 517 contra

147 538 230 570 caput
246 534 308 570 ejus
322 535 457 563 incutere.
474 533 527 562 Sed
553 534 655 562 Paulus
669 535 782 570 quidam
807 534 937 562 defenso-

147 587 210 608 rum
225 580 357 608 Ecclesiae
370 580 479 616 pingant
489 580 600 616 quidem
616 581 643 608 in
660 581 750 616 capite
764 589 816 609 suo
831 581 938 616 recepit

148 629 177 654 et
205 625 379 661 periclitatus
408 630 462 659 est,
497 627 687 654 insidiatorem
716 635 781 655 vero
811 628 937 663 peremit.

151 672 250 699 lterum
265 679 330 707 ergo
340 672 368 699 in
380 672 500 700 Colleeta
516 672 637 700 insidiati
651 672 832 708 Euphemium
845 674 938 702 consi-

151 717 209 744 liati
224 722 289 745 sunt
309 718 477 750 interimere,
494 720 542 754 qui
575 720 682 754 privato
707 720 802 747 habitu
827 720 939 748 indutus

151 764 213 798 fuga
225 763 340 791 salutem
357 769 496 793 mercatus
511 770 562 793 est.
584 765 670 793 Porro
679 766 844 794 Anastasius
857 768 940 802 impe-

151 814 226 836 rator
245 810 280 837 ab
310 809 463 845 Euphemio
492 811 692 845 professionem
719 819 807 846 suam,
837 813 871 840 de
886 820 938 848 qua

150 856 311 891 praedictum
338 861 391 889 est,
416 857 548 884 violenter
575 858 700 886 extorsit.
729 858 846 894 Cuique,
860 859 940 887 victis

151 901 288 935 Hisauris,
302 903 415 930 mandat
427 909 475 937 per
489 903 636 931 Eusebium
649 904 808 939 magistrum
821 905 916 932 dicens
928 913 936 931 :

150 947 293 975 Orationes
307 952 370 981 tum,
384 957 400 975 ο
416 957 519 984 magna,
531 950 630 977 antica:
644 955 703 977 tua:
718 951 830 986 fuligine
843 955 936 978 conta-

149 993 327 1020 minaverunt.
357 993 500 1030 Episcopis
532 1002 598 1030 ergo
623 996 775 1031 peregrinis
814 998 937 1026 collectis

150 1039 300 1074 imperator
313 1044 408 1067 contra
425 1040 606 1075 Euphemium
622 1043 767 1077 queritur;
785 1044 831 1078 qui
844 1044 937 1071 favcn-

150 1089 191 1113 tes
212 1085 370 1121 imperatori
389 1085 586 1121 depositionem
605 1088 766 1123 patriarcha:
779 1094 806 1117 et
828 1097 939 1117 excom-

151 1131 364 1159 municationem
379 1133 548 1161 sanciebant.
567 1133 696 1162 Provehit
714 1139 805 1163 autem
822 1136 940 1170 impera-

151 1179 195 1203 tor
209 1175 398 1204 Macedonium
411 1178 567 1213 episcopum
583 1179 872 1215 Constantinopoleos,
892 1181 938 1216 qui

152 1226 217 1250 tunc
244 1222 429 1258 sceuophylax
456 1229 514 1251 erat
541 1224 629 1259 ipsius
654 1225 786 1253 ecclesiae.
818 1225 940 1262 Populus

152 1273 243 1296 tamen
258 1273 369 1304 propter
386 1269 563 1305 Euphemium
576 1271 736 1304 dissidebat,
755 1276 783 1300 et
793 1273 820 1300 in
835 1272 940 1308 llippo-

151 1311 278 1340 dromion
299 1319 414 1341 currens
431 1315 543 1343 litanias
571 1316 679 1351 agebat,
697 1324 853 1352 quanquam
873 1318 941 1345 nihil

154 1358 287 1392 proficere
296 1359 424 1390 valuerit,
450 1360 614 1395 imperatore
635 1361 707 1389 male
726 1363 837 1390 vincere
866 1367 941 1390 sata-

153 1406 243 1436 gente.
283 1403 368 1432 Porro
403 1403 579 1433 Macedonius
618 1406 744 1441 nequiter
788 1408 940 1438 obaudiens

154 1448 329 1476 Anastasiqu
347 1449 512 1485 subscripsit
537 1451 656 1479 ettotico.
684 1451 835 1487 imperator
849 1458 940 1481 autem

154 1494 334 1530 Euphemium
358 1497 385 1524 in
404 1496 562 1524 Euehaitam
578 1498 699 1526 exsulem
717 1499 800 1533 misit;
814 1499 860 1534 qui
881 1507 942 1528 ver-

156 1541 220 1569 bum
233 1541 290 1578 (18)
303 1542 380 1577 petiit
391 1550 440 1577 per
449 1541 636 1571 Macedonium
646 1544 782 1579 accipere,
800 1549 828 1573 ut
841 1546 942 1574 illaesos

989 307 1164 339 monstravit,
1202 307 1369 342 Chrysaorio
1395 306 1526 334 ecclesire‘
1554 307 1671 333 diacono
1705 305 1779 333 illam

988 356 1115 386 cogente.
1134 353 1168 379 Et
1182 352 1234 379 alia
1254 352 1378 387 quaedam
1393 352 1495 387 Sophia
1520 356 1626 383 vocata.
1650 352 1782 386 insignis-

988 404 1041 432 que
1067 398 1139 425 inter
1167 397 1404 430 sanctimoniales,
1437 398 1522 425 multa
1545 405 1627 432 passa
1653 405 1779 433 magnam

989 443 1151 478 patientiam
1170 443 1379 471 demonstravit.
1404 443 1489 471 Porro
1508 442 1697 471 Thcodorieus
1716 443 1782 471 Afer

989 489 1134 516 diaconum
1165 490 1268 517 habens
1284 489 1466 517 orthodoxum
1480 490 1627 518 admodum
1643 497 1657 517 a
1671 497 1701 517 se
1714 490 1781 517 dile-

989 540 1075 568 ctum,
1092 535 1138 570 qui
1152 543 1214 563 cum
1231 535 1259 562 in
1273 535 1460 563 Ariauismum
1494 536 1593 564 fuisset
1617 543 1781 568 conversus,

989 581 1164 609 Theodorico
1191 580 1298 613 favens,
1320 581 1460 609 interemit
1477 589 1540 609 eum
1553 582 1643 617 gladio
1666 583 1781 610 dicens:

990 627 1020 655 Si
1030 627 1085 655 Deo
1095 627 1174 663 ﬁdem
1188 636 1239 655 non
1253 628 1373 660 servasti,
1387 637 1432 655 nec
1444 628 1508 655 milii
1522 629 1649 656 servabis.
1660 628 1783 657 Palladio

991 682 1057 703 vero
1087 675 1218 710 episcopo
1255 675 1429 703 Antiocheno
1463 675 1605 708 defuncto,
1632 676 1783 711 imperator

992 721 1085 756 elegit.
1108 721 1269 748 Flavianum
1294 721 1485 757 presbyterum
1518 726 1546 749 et
1571 722 1781 756 apocriSiai-ium

990 765 1113 792 ecclesia:
1150 765 1338 798 Antiocheam,
1371 773 1451 800 quem
1493 766 1571 792 aiunt
1606 766 1782 800 dogmatibus

989 811 1221 838 Chalcedonensis
1265 811 1376 838 concilii
1417 811 1605 838 adversatum.
1644 811 1781 839 Przetr-rea

989 857 1130 893 Olympius
1158 857 1268 892 quidam
1288 857 1418 890 Arianus,
1441 857 1507 884 dum
1525 858 1551 884 in
1574 857 1780 885 lieliancnsium

989 903 1087 931 balneo
1102 903 1240 931 lavaretur
1252 903 1402 930 crudeliter
1413 903 1617 938 blasphemans,
1626 904 1782 942 miserrime

989 950 1016 977 in
1031 957 1063 978 eo
1078 953 1203 977 mortuus
1217 950 1353 984 est,quod
1372 949 1399 976 in
1412 950 1530 985 imagine
1556 953 1599 977 est
1630 950 1781 983 depictum.

989 995 1178 1031 Eutychiauus
1197 1002 1263 1022 vero
1287 995 1417 1030 quidam,
1445 996 1554 1030 primus
1574 996 1761 1023 diaatariorum
1775 1004 1782 1015 ι

990 1042 1149 1069 muneribus
1162 1049 1261 1069 suasua
1274 1043 1394 1068 erectam
1406 1041 1553 1075 imaginem
1566 1041 1683 1076 Olympii
1697 1041 1782 1074 depo-

990 1087 1045 1115 suit
1057 1095 1064 1119 ;
1076 1087 1122 1121 qui
1135 1087 1169 1114 ab
1187 1087 1285 1114 illodie
1298 1087 1480 1121 direcorpore
1493 1087 1647 1114 labefactus
1663 1087 1782 1114 interiit.

1026 1133 1119 1160 Mundi
1148 1140 1221 1161 anno
1250 1133 1331 1166 5992,
1359 1134 1459 1160 divinae
1487 1133 1684 1160 incarnationis
1712 1141 1784 1160 anno

990 1179 1053 1211 ‘92,
1068 1179 1165 1207 Festus
1178 1185 1289 1207 senator
1321 1180 1396 1207 urbis
1412 1180 1515 1211 Romae,
1528 1180 1629 1207 missus
1651 1179 1685 1206 ad
1711 1180 1784 1206 Ana-

991 1225 1104 1252 stasium
1122 1231 1231 1260 propter
1246 1226 1379 1260 quasdam
1396 1225 1490 1253 civiles
1507 1225 1650 1258 utilitates,
1680 1233 1784 1252 ructuo-

991 1271 1048 1299 rias
1059 1271 1224 1299 Sanctorum
1235 1272 1427 1306 Apostolorum
1438 1271 1585 1301 festivitate
1598 1273 1694 1308 majori
1707 1273 1785 1307 petiit

991 1318 1136 1351 celebrari,
1149 1319 1220 1353 quod
1237 1323 1264 1346 ct
1281 1323 1389 1346 tenetur
1403 1326 1491 1353 usque
1501 1319 1529 1346 in
1542 1327 1674 1354 praesens.
1691 1319 1781 1347 Mace-

991 1363 1091 1391 donius
1107 1368 1198 1391 autem
1212 1364 1245 1391 ad
1255 1364 1430 1392 Anastasium
1445 1364 1599 1391 Romanum
1620 1365 1780 1399 episcopum

992 1409 1152 1445 synodicum
1167 1417 1216 1444 per
1227 1410 1336 1437 Festum
1350 1410 1456 1437 mittere
1464 1410 1559 1437 volens
1579 1410 1732 1443 prohibitus
1742 1414 1785 1438 est

992 1456 1027 1483 ab
1039 1456 1211 1491 imperatore.
1223 1455 1308 1482 Porro
1316 1454 1415 1482 Festus
1425 1454 1564 1482 rediturus
1574 1454 1686 1481 Romam
1698 1454 1778 1488 polli-

993 1501 1064 1528 citus
1073 1505 1115 1529 est
1127 1500 1282 1536 imperatori
1296 1500 1441 1527 Anastasio
1458 1499 1624 1535 persuadere
1633 1499 1779 1526 Anastasio

996 1554 1072 1582 papa:
1088 1547 1207 1576 Zenonis
1218 1546 1346 1574 enoticon
1370 1546 1509 1580 recipere;
1526 1553 1605 1580 quem
1619 1545 1709 1572 vivqu
1727 1552 1782 1571 non

156 1592 289 1620 maneret,
309 1595 371 1615 cum
392 1588 550 1616 duceretur.
565 1589 666 1618 Iussus
695 1595 786 1618 autem
815 1590 941 1620 Macedo-
955 1600 979 1632 ο
993 1593 1135 1627 reperiens
1158 1592 1281 1627 corrupit
1299 1599 1347 1627 per
1371 1591 1501 1626 pecunias
1529 1591 1641 1624 multos,
1656 1593 1684 1617 et
1703 1590 1784 1626 elegit

154 1633 218 1661 nius
229 1633 295 1661 dare
315 1634 440 1666 verbum,
462 1637 491 1661 et
506 1634 682 1670 ingressurus
709 1636 737 1664 in
751 1636 941 1672 baptisterium

154 1678 188 1705 ad
201 1679 393 1714 Euphemium,
415 1679 641 1715 superhumerale
657 1688 672 1708 a
689 1688 720 1710 se
748 1682 942 1711 archidiacono

154 1723 283 1758 praecepit
306 1723 426 1756 auferre,
454 1729 482 1751 et
516 1724 555 1752 ita
585 1732 672 1760 purus
700 1725 734 1752 ad
761 1727 941 1761 Euphemiqu

155 1768 294 1804 ingressus
311 1769 504 1806 feneratusque
534 1771 666 1806 pecunias
679 1771 754 1800 dedit
777 1771 940 1807 Euphemio,

154 1814 192 1841 ita
211 1815 409 1844 utlaudaretur
439 1823 455 1843 a
475 1817 579 1844 multis.
609 1817 763 1852 Heligiosus
787 1819 859 1846 enim
883 1824 942 1847 erat

153 1865 182 1889 et
201 1869 291 1896 sacer,
306 1856 408 1898 quippe
424 1863 470 1898 qui
489 1870 504 1889 a
530 1862 673 1892 Gennadio
688 1863 777 1892 fuerat
793 1866 941 1898 enutritus,

153 1907 237 1942 cujus
246 1912 274 1936 et
301 1908 454 1939 fratruellis
476 1913 547 1937 erat.
568 1909 670 1938 Eodem
694 1917 768 1938 anno
793 1910 943 1939 Athanasio

154 1956 287 1992 episcopo
319 1957 507 1985 Alexandrino
533 1957 665 1986 defuncto
696 1963 873 1988 consecratus
901 1964 944 1988 est

155 2010 206 2038 pro
220 2010 252 2031 eo
267 2002 387 2033 Joannes
401 2005 553 2033 monaclms
566 2006 709 2041 presbyter
721 2011 748 2034 ct
771 2014 942 2040 teconomus.

154 2054 340 2084 cognomento
353 2049 479 2078 Hemula.
496 2051 631 2079 Praeterea
640 2052 815 2080 Macedonius
828 2053 944 2081 consilio

154 2094 328 2129 imperatoris
360 2096 439 2124 unire
456 2097 620 2124 monasteria
638 2097 720 2133 regia:
737 2098 814 2126 urbis
834 2099 942 2133 satagit,

153 2146 215 2174 quae
229 2140 317 2168 scissa
333 2140 442 2168 fuerant
459 2145 570 2177 propter
591 2143 718 2171 enoticon
742 2143 872 2172 Zenonis.
889 2144 942 2172 Sed

154 2186 316 2218 nontvalens
326 2186 471 2214 consilium
487 2187 562 2215 dedit
572 2188 804 2224 imperatori,quo
822 2190 944 2225 peregri-

154 2238 205 2259 nos
229 2232 374 2267 episcopos
399 2233 544 2261 convenire
567 2239 593 2262 et
616 2242 677 2269 quas
689 2234 860 2263 Chalcedone
877 2236 945 2264 bene

993 1643 1092 1674 praeter
1104 1639 1332 1667 consuetudinem
1343 1638 1527 1666 Romanorum
1538 1637 1696 1673 episcopum
1709 1635 1781 1663 Lau-

993 1685 1114 1712 rentium
1127 1684 1283 1720 quemdam,
1300 1685 1346 1720 qui
1365 1684 1506 1712 ordinatus
1519 1687 1560 1711 est
1575 1684 1609 1710 ab
1626 1691 1679 1710 una
1693 1686 1782 1717 parte.

993 1731 1209 1758 Orthodoxiores
1222 1735 1312 1757 autem
1329 1732 1562 1757 consecraverunt
1577 1728 1783 1763 Symmachum,

994 1783 1078 1804 unum
1092 1783 1123 1802 ex
1139 1774 1313 1802 diaconibus.
1335 1773 1405 1800 Hinc
1427 1780 1494 1808 ergo
1507 1772 1678 1799 turbationes
1691 1772 1784 1798 multm

998 1829 1031 1851 ac
1049 1821 1191 1849 hominum
1211 1824 1317 1854 strages
1340 1824 1367 1846 et
1389 1819 1492 1853 rapinae
1521 1823 1635 1854 patratae
1649 1821 1715 1845 sunt
1735 1824 1784 1852 per

997 1874 1087 1895 annos
1097 1871 1165 1899 tres,
1178 1872 1324 1900 usquequo
1343 1865 1472 1893 videlicet
1495 1864 1683 1892 Theodericus
1704 1863 1785 1899 prin-

994 1920 1060 1948 ceps
1072 1917 1137 1940 tunc
1151 1912 1266 1939 Romam
1281 1916 1387 1943 tenens,
1401 1918 1558 1946 quanquam
1570 1910 1689 1938 Arianus
1699 1914 1784 1943 esset,

995 1958 1103 1995 synodo
1117 1958 1254 1986 celebrata
1272 1957 1351 1985 locali
1368 1957 1564 1992 Symmachum
1593 1956 1700 1991 quidem
1725 1955 1784 1991 epi-

995 2012 1108 2039 scopum
1125 2003 1218 2031 Romae
1234 2003 1363 2035 ﬁrmavit,
1376 2002 1552 2030 Laurentium
1568 2009 1634 2029 vero
1658 2002 1684 2029 in
1696 2001 1785 2029 Nuce-

995 2050 1055 2077 rina
1072 2049 1182 2077 civitate
1197 2048 1289 2076 locare
1301 2049 1432 2083 praecepit
1443 2048 1614 2083 episcopum,
1629 2048 1675 2082 qui
1691 2051 1783 2074 tamen

995 2095 1070 2124 nullo
1088 2099 1168 2130 pacto
1191 2095 1349 2130 quiescens,
1359 2094 1409 2122 sed
1437 2093 1590 2122 seditiones
1606 2100 1784 2120 commovens

995 2151 1010 2170 a
1024 2141 1188 2177 Symmacho
1208 2140 1353 2176 deponitur
1364 2143 1392 2167 et
1416 2140 1443 2167 in
1457 2140 1585 2168 exsilium
1603 2139 1732 2170 mittitur,
1757 2143 1786 2166 ct

996 2186 1033 2213 ita
1063 2186 1190 2213 simultas
1218 2185 1347 2212 cessavit.
1379 2183 1480 2211 Eodem
1510 2191 1584 2211 anno
1620 2183 1785 2210 Anastasius

997 2231 1114 2259 removit
1123 2231 1184 2258 auri
1195 2230 1356 2266 argentique
1367 2230 1475 2257 metalla
1492 2236 1518 2258 et
1530 2231 1700 2263 venationes,
1711 2229 1783 2263 prin-

154 2276 338 2312 dogmatizata
351 2278 459 2306 fuerant
475 2279 502 2305 in
514 2279 625 2314 scriptis
638 2280 802 2308 confirmare
826 2280 939 2309 faceret.
957 2274 979 2302 Ῑ)
993 2279 1156 2313 eipatusque
1175 2285 1238 2304 cum
1252 2277 1363 2304 venales
1383 2280 1478 2304 essent
1501 2277 1585 2311 gratis
1597 2275 1785 2310 promovebat.

155 2323 234 2355 Quod
249 2327 277 2351 et
291 2323 393 2351 factum
418 2329 460 2352 est
486 2333 535 2360 per
550 2325 716 2361 descriptam
744 2327 893 2355 actionem.
907 2328 941 2355 Et

156 2369 317 2397 hortabatur
341 2371 508 2398 monasteria
533 2371 567 2398 ad
599 2372 745 2405 unitatem,
771 2374 941 2408 maximeque

156 2415 198 2442 Dii
231 2416 429 2443 monasterium
457 2420 486 2442 et
517 2415 628 2443 Basiani
654 2420 682 2444 et
708 2417 940 2445 Acmmetcnsium

156 2465 240 2495 atque
257 2460 527 2496 Matronm,qu:eque
543 2461 630 2496 magis
649 2461 846 2489 scindebantur
862 2464 897 2490 ab
909 2470 942 2490 eo

155 2508 203 2543 qui
222 2508 372 2543 recipiebat
385 2507 504 2535 Zenonis
517 2507 655 2541 enoticon,
665 2512 691 2535 et
702 2507 799 2535 exsilia
815 2508 944 2536 alacriter

155 2552 342 2581 sustinebant.
353 2553 421 2580 Cum
430 2559 495 2587 ergo
503 2552 662 2580 insisterent
674 2571 682 2585 ,
690 2553 942 2588 consideravitua-

155 2598 290 2626 eedonius
304 2599 391 2632 magis
406 2599 434 2626 in
450 2599 562 2633 propria
578 2598 718 2626 voluntate
735 2599 874 2628 dimittere
894 2608 942 2629 eos

157 2652 239 2679 quam
251 2644 470 2680 persecutionem
494 2644 601 2680 erigere
613 2649 710 2672 contra
723 2645 797 2673 illos.
817 2646 941 2674 Matrona

156 2697 222 2717 vero
239 2694 331 2718 sancta
359 2690 448 2717 adhuc
478 2690 585 2722 vivens,
609 2694 705 2718 etnon
731 2692 941 2721 communicans

157 2743 212 2763 una
239 2744 300 2764 eum
332 2737 470 2772 religiosis
497 2737 684 2766 monachabus
713 2745 774 2773 qua:
805 2745 868 2765 cum
896 2739 941 2766 illa

1033 2334 1164 2370 Sequenti
1178 2341 1243 2361 vero
1255 2340 1328 2359 anno
1340 2339 1404 2359 cum
1422 2331 1577 2358 Romanum
1594 2331 1784 2366 pontificatum

997 2380 1190 2416 Symmachus,
1222 2378 1365 2412 imperium
1382 2381 1473 2404 autem
1490 2376 1653 2405 Anastasius
1669 2381 1783 2411 regeret,

996 2428 1198 2455 Saracenorum
1229 2425 1359 2453 incursus
1385 2425 1412 2452 in
1439 2424 1594 2452 Phoenicem
1622 2430 1649 2452 et
1676 2424 1784 2460 Syriam

994 2479 1092 2500 rursus
1111 2471 1225 2499 eli'ectus
1251 2475 1304 2502 est,
1319 2475 1380 2505 post
1402 2475 1516 2497 mortem
1538 2470 1619 2505 Agari
1646 2469 1784 2498 Vadicha-

992 2518 1054 2545 riuo
1074 2516 1158 2544 fratre
1169 2516 1256 2551 ipsius
1286 2515 1372 2543 instar
1392 2514 1524 2548 turbinis,
1542 2519 1570 2542 et.
1596 2514 1685 2543 adhuc
1707 2515 1782 2542 velo-

993 2564 1065 2596 cius,
1080 2563 1252 2591 discurrente
1268 2569 1316 2597 per
1334 2562 1405 2589 loca.
1418 2561 1476 2588 Hoc
1492 2561 1575 2589 etiam
1592 2569 1673 2594 anno,
1697 2561 1723 2588 id
1744 2565 1786 2588 est

994 2609 1150 2646 Symmachi
1163 2616 1239 2644 papze
1257 2609 1346 2643 primo
1360 2612 1387 2635 et
1404 2608 1510 2642 imperii
1535 2608 1672 2636 Anastasii
1696 2608 1785 2635 unde—

992 2657 1075 2689 cimo,
1092 2655 1222 2690 Volgares
1249 2661 1296 2689 per
1320 2653 1457 2688 Illyricum
1481 2658 1506 2680 ct
1519 2652 1652 2680 Thracem
1675 2653 1783 2680 discur-

993 2707 1068 2734 runt,
1081 2702 1241 2737 priusquam
1256 2703 1479 2735 agnoscerentur.
1495 2699 1573 2733 Apud
1584 2698 1781 2726 Neocaesariam

996 2748 1096 2777 deinde
1109 2755 1171 2776 cum
1194 2746 1316 2774 futurum
1331 2750 1402 2773 esset
1417 2749 1448 2772 ut
1479 2745 1556 2772 fieret
1572 2748 1653 2772 teme
1678 2749 1782 2777 motus,

912 2805 1026 2835 ΝΟΤᾸΞ.

192 2853 248 2889 (l8)
270 2853 394 2885 Verbum,
405 2853 590 2881 securitatem.
603 2852 774 2889 Iustinianus
791 2851 858 2879 Nov.
870 2853 897 2884 7,
913 2862 938 2880 c.

158 2890 175 2917 5
191 2888 202 2917 :7
218 2889 298 2916 Ἀλλὰ
331 2889 398 2922 μηδὲ
422 2888 534 2919 τούτους
558 2889 622 2919 τοὺς
645 2888 827 2921 καλουμένης
846 2888 939 2921 λόγους

159 2925 311 2960 πρηχειρως
323 2925 421 2953 διδόναι
433 2923 566 2951 σπεύδειν.
581 2923 662 2951 Vetus
674 2923 811 2958 interpres
829 2933 835 2950 :
855 2933 864 2949 ί
884 2924 937 2952 Sed

993 2857 1085 2885 neque
1097 2850 1154 2877 haec
1168 2857 1228 2884 quae
1238 2847 1463 2885 dietintur_verba
1485 2848 1695 2885 promple_.tlare
1709 2848 1785 2885 [ρξιί-

994 2882 1053 2914 nes.
1072 2896 1081 2912 ι
1099 2882 1344 2913 Ιάεηιᾏιιίιειέιείιιε
1363 2883 1398 2910 De
1412 2883 1471 2910 vilis
1480 2882 1537 2918 PR.
1555 2883 1581 2908 in
1597 2883 1728 2918 Grvgorio
1740 2883 1781 2911 ll:

998 2932 1006 2949 ‹
1027 2921 1142 2951 Verbqu
1154 2919 1338 2948 iuununitutis
1348 2919 1471 2954 expetiit.
1490 2927 1499 2943 ι
1516 2916 1600 2945 ΕΔΜ.
