2035 3153
243 180 312 214 1243

240 239 319 267 miles
337 239 388 267 iter
401 238 506 268 faciens
520 239 589 267 duos
603 239 704 267 milites
720 247 805 275 super
820 248 882 269 eam
908 239 986 272 vidit,
1003 242 1030 266 et
1046 239 1068 274 Α

240 285 323 312 alium
341 284 456 313 militem
473 288 533 319 post
551 289 655 319 tergum
671 284 833 314 clamantem
853 285 1032 313 :Conurvatc

241 332 348 358 domum
368 332 460 366 inqua
482 331 632 366 sepulcrum
650 331 770 367 Gregorii
784 336 833 360 est.
858 332 925 359 Cum
941 336 1032 360 autem

243 383 321 406 terrae
335 383 426 405 motus
441 377 530 405 factus
554 378 664 411 luisset,
691 379 808 414 plurima
825 386 889 414 pars
911 378 1034 407 civitatis

243 424 358 456 corruit,
371 428 484 459 excepta
496 423 578 451 domo
590 424 711 458 Gregorii
726 424 924 459 tliaumaturgi.

279 470 371 498 Mundi
399 478 472 498 anno
501 471 581 502 5999.
606 471 706 498 divinm
733 471 932 499 incarnationis
961 479 1035 499 anno

244 517 306 552 499,
321 517 484 545 Anastasius
502 517 593 553 quiete
613 518 715 552 potitus
739 525 754 545 a
770 518 881 553 praeliis,
906 518 1036 546 Macedo-

246 564 320 591 nium
338 564 520 599 patriarcbam
535 570 661 592 avertere
672 564 707 592 ab
722 565 878 592 orthodoxa
897 565 948 592 tlde
961 568 1035 592 sata-

245 609 336 645 gebat.
354 609 432 636 Multi
452 615 543 637 autem
574 610 767 644 episcoporum
794 610 942 638 Anastasio
969 618 1033 646 gra-

245 656 309 682 tiam
327 659 489 690 przcstantes
499 656 718 684 Cbalcedonensi
732 657 898 684 resistebant
907 657 1035 691 concilio,

246 709 361 735 quarunt
390 702 496 736 primus
521 707 580 729 erat
596 702 725 730 Eleusius
745 702 924 731 Sasimensis.
939 702 1056 740 Οιιειιι-Χ

246 748 308 775 (lam
325 752 416 775 autem
443 747 620 776 Maniclneum
651 747 750 784 Syrum
778 749 860 776 simul
883 754 910 777 et
927 749 1038 777 Persam

247 794 410 822 Anastasius
437 793 552 821 adduxit
571 802 586 821 a
601 794 702 829 Cyzico
719 794 746 822 in
762 795 855 822 habitu
874 796 1038 830 presbyteri,

254 842 300 876 qui
313 841 401 868 aliena
416 841 450 868 ab
460 841 588 868 Ecclesia
603 841 707 868 sanctis
725 841 892 876 imaginibus
917 842 1040 870 scribere

251 887 426 923 praesumpsit
442 892 468 914 et
479 886 602 914 fabulosa
619 888 644 914 in
664 887 766 921 palatio
788 887 1040 922 Beleniaucnsium,

250 937 314 961 voto
335 933 510 967 imperatoris
544 933 702 961 Mauiclneis
722 935 951 969 congratulantis.
966 934 1045 963 Unde

250 983 277 1005 rt
290 979 388 1007 seditio
402 978 493 1014 populi
513 978 585 1006 facta
614 983 657 1007 est
685 987 794 1014 magna.
811 980 887 1007 Tunc
906 985 932 1008 et
949 981 1046 1016 praefe-

252 1030 326 1052 ctum
341 1024 504 1052 Anastasius
518 1024 546 1051 in
565 1024 689 1052 collectis
705 1029 732 1052 et
753 1025 857 1053 litaniis
882 1027 1046 1062 excogitavit

252 1070 408 1105 subsequi:
428 1070 621 1098 timebatcnim
644 1070 861 1098 orthodoxorum
885 1072 1045 1107 seditiones,

252 1121 279 1144 et
303 1116 405 1144 factum
435 1121 477 1144 est
503 1117 531 1144 in
556 1117 796 1145 consuetudinem.
824 1117 956 1146 Xenaiam
982 1127 1047 1147 vero

254 1162 341 1190 Manis
365 1166 581 1191 consentaneum
607 1163 683 1190 duxit
714 1163 878 1192 Anastasius
913 1164 1048 1193 Constan-

254 1209 397 1244 tinopolim
447 1212 576 1244 tanquam
625 1214 790 1237 sectatorem
829 1217 930 1243 suum,
966 1219 1046 1246 quem

252 1255 428 1284 Macedonius
461 1263 548 1291 neque
584 1256 776 1284 communione
820 1264 909 1292 neque
965 1258 1049 1286 verbo

252 1304 365 1339 dignum
397 1303 482 1336 clero,
505 1303 649 1331 monachis
686 1307 714 1330 et
744 1304 846 1339 populo
883 1306 1048 1333 eonturbato

250 1349 397 1384 judicavit.
428 1348 504 1376 Unde
517 1353 544 1377 et
569 1356 631 1377 eum
658 1350 824 1377 Anastasius
859 1350 977 1377 latenter
1013 1351 1049 1378 ab

254 1396 322 1423 urbe
337 1395 442 1423 eduxit.
462 1395 637 1423 Macedonius
657 1403 721 1423 vero
734 1395 878 1423 Acholium
891 1396 1048 1431 quemdam,

254 1442 300 1476 qui
317 1446 457 1469 exemerat
483 1442 615 1469 adversus
640 1450 671 1470 se
688 1442 851 1470 machaeram
871 1450 905 1470 ex
928 1443 1050 1470 submis-

255 1488 332 1516 sione
363 1488 540 1515 inimicorum
563 1496 690 1520 suorum,
716 1496 766 1523 per
794 1488 918 1523 singulos
941 1496 1049 1516 menses

255 1542 379 1562 annonas
401 1535 530 1569 praecepit
555 1535 692 1570 accipere,
720 1541 806 1569 super
832 1534 1049 1562 mansuetudine

255 1579 437 1608 collaudatus.
456 1580 512 1607 Hoc
525 1585 615 1608 autem
631 1585 657 1608 et
670 1581 697 1607 in
708 1580 805 1615 egenis
816 1580 960 1616 sacrilegis
975 1581 1044 1615 egit.
1060 1590 1081 1618 ε

292 1625 386 1652 Mundi
412 1632 484 1653 anno
513 1626 602 1658 6001,
630 1625 730 1653 divinae
754 1625 954 1654 incarnationis
975 1633 1048 1654 anno

259 1671 323 1705 50!,
346 1671 509 1699 Anastasius
536 1671 687 1707 imperator
717 1671 879 1699 Flavianum
902 1672 1050 1700 Antioche-

259 1726 324 1745 num
342 1718 431 1754 coegit
443 1718 552 1746 enotico
567 1718 686 1746 Zenonis
704 1718 899 1752 subscribere;
914 1719 961 1754 qui
978 1718 1049 1746 facta

260 1765 366 1801 synodo
414 1766 606 1800 episcoporum
655 1765 866 1801 subdegentium
922 1773 1049 1793 versuum

261 1813 409 1840 multorum
426 1813 567 1848 epistolam
580 1813 702 1847 scripsit,
725 1811 874 1845 Nicmnam,
893 1811 1052 1840 Constanti-

260 1858 445 1892 nopolitanam
479 1861 505 1884 et
544 1857 709 1892 Ephesinam
737 1857 871 1884 conﬁtens
910 1857 1049 1892 synodos,

261 1903 512 1931 Cltalcedoncnsem
540 1907 631 1931 autem
652 1903 748 1930 tacuit.
765 1902 934 1937 Reprobavit
958 1907 1051 1930 autem

264 1948 425 1981 Diodorum,
457 1949 581 1976 subdens
610 1949 729 1984 capitula
755 1953 892 1983 quatuor,
920 1956 969 1984 per
992 1955 1052 1983 qua:

262 2004 324 2024 cum
340 1995 560 2023 Chalcedonensi
575 1999 688 2030 apparet
706 2003 760 2023 non
774 2002 930 2022 consonare
957 1994 1052 2022 conci-

263 2043 309 2075 lio,
326 2043 445 2069 maxime
461 2048 554 2069 vocem
566 2041 684 2069 duarum
700 2045 862 2068 naturarum
875 2041 1051 2075 impugnans.

262 2089 348 2116 Aiunt
362 2092 494 2122 praeterea
513 2087 624 2122 quidam
641 2087 700 2114 ltrec
710 2087 802 2114 Acacii
823 2087 1054 2120 Constantinopo-

264 2134 322 2160 leos
349 2140 421 2159 esse.
449 2131 535 2158 Porro
563 2131 711 2158 Flavianus
747 2134 883 2158 secretam
908 2131 1052 2166 epistolam

264 2177 377 2212 scripsit
391 2176 548 2207 Anastasio,
559 2176 739 2203 intentionem
747 2176 808 2211 ejus
822 2180 954 2205 sectatus.
971 2177 1054 2205 Simi-

264 2224 326 2251 liter
346 2221 465 2249 chaias
479 2221 591 2256 impius,
611 2222 658 2257 qui
677 2226 704 2250 et
719 2227 937 2258 praisumpluose
954 2231 1054 2258 gerens

265 2268 370 2296 addidit
394 2269 437 2296 his
466 2268 594 2303 capitulis
617 2268 761 2296 anathema
787 2274 883 2296 contra
910 2259 1092 2298 divinissi-D

264 2323 338 2342 mum
352 2315 473 2343 Leonem
503 2315 655 2342 llomanum
671 2319 699 2342 et
714 2315 849 2351 synodum
871 2323 903 2343 ac
918 2316 972 2344 illis
987 2323 1053 2343 con-

264 2361 427 2390 sentientes.
444 2361 479 2389 At
494 2369 559 2389 vero
574 2361 781 2390 Constantinus
795 2361 943 2397 cpiscopus
959 2361 1054 2389 Seleu-

264 2409 314 2435 cia:
343 2408 596 2436 Chalcedonensem
625 2408 759 2443 synodum
792 2408 1053 2435 auathcmatizabat.

264 2454 351 2482 Porro
371 2454 518 2482 Flavianus
535 2459 564 2482 ut
595 2455 731 2489 derogans
749 2454 861 2489 scripsit
882 2454 1053 2489 imperatori,

265 2501 391 2529 indicans
423 2501 492 2529 haec.
520 2500 672 2536 Imperator
698 2505 789 2528 autem
818 2500 978 2536 indignatus
1014 2505 1055 2531 est

266 2547 400 2575 adversus
415 2555 489 2580 eum,
518 2546 727 2574 Constantinum
757 2547 849 2582 potius
872 2551 901 2574 et
924 2546 1056 2574 Xenaiam

266 2591 432 2626 suscipiens.
449 2586 532 2618 lleiiat
555 2599 621 2619 vero
645 2591 777 2626 episcopo
806 2590 1056 2626 Hierosolymitano

268 2638 379 2673 scripsit
395 2638 669 2673 Anastasiusjubens
693 2643 790 2665 contra
805 2638 1055 2667 Chalcedonensem

267 2685 416 2713 decernere
427 2683 581 2720 synodum;
594 2683 641 2719 qui
655 2683 800 2720 rescripsit
816 2684 974 2719 imperatori
990 2691 1057 2712 ana-

268 2729 452 2758 thematizaus
465 2728 634 2761 Nestorium,
649 2728 792 2765 Eutychen
802 2734 885 2764 atque
895 2729 1056 2762 Diodorum,

268 2778 295 2802 ct
330 2774 478 2802 concilium
515 2774 739 2803 Chalcedonensc
770 2775 918 2810 recipiens.
953 2774 1057 2804 Interea

270 2819 397 2847 monachi
425 2819 538 2856 quidam
563 2821 684 2849 hazrctici
710 2822 834 2853 ducenti,
857 2821 999 2849 venientes
1025 2821 1058 2848 ab

269 2864 381 2893 Oriente
402 2865 561 2901 Byzantium
578 2875 632 2895 una
649 2875 712 2895 cum
727 2867 830 2896 Severo
846 2868 947 2904 impio,
962 2871 1058 2895 contra

274 2909 459 2939 Maccdonium
491 2918 572 2949 atque
602 2915 747 2943 concilium
787 2915 972 2944 decertabant.
1003 2913 1060 2942 Hos

1061 909 1081 936 Β

789 183 990 215 ANASTASII
1009 183 1322 215 BIBLIOTHECARII

1815 183 1888 218 1254

1082 239 1248 270 Anastasius
1277 237 1431 267 honoriﬁce
1449 239 1571 275 suscepit
1588 244 1619 269 ut
1641 241 1768 270 veritatis
1785 241 1885 269 inii-t-

1084 294 1149 319 cos,
1165 290 1194 314 ct
1208 294 1256 314 eos
1271 288 1318 321 qui
1347 286 1581 314 conturbaret-ant
1615 285 1768 321 Orientem,
1795 293 1822 315 ct
1838 288 1887 316 hic

1083 331 1179 360 eadem
1195 336 1352 367 operantes.
1365 331 1488 360 Joannes
1507 340 1572 360 vero
1587 333 1793 361 Alexandrinus
1825 335 1888 369 epi-

1085 380 1259 414 scopus;duo
1287 379 1373 406 millia
1399 379 1531 407 librarum
1553 379 1613 407 auri
1641 380 1708 407 dare
1735 382 1888 415 spopondit

1086 425 1256 459 imperatori,
1268 425 1289 452 si
1300 424 1418 459 perfecte
1430 424 1543 460 ejiceret
1556 425 1779 454 Cbalcedonense
1792 427 1888 454 conci-

1087 471 1167 498 lium:
1183 471 1331 506 imperator
1341 475 1431 499 autent
1444 471 1634 500 Macedonium
1646 473 1762 508 cogebat
1772 474 1887 508 apocri-

1087 517 1179 544 siariis
1193 517 1399 545 communicare
1413 517 1540 551 Joannis,
1555 518 1744 554 Joannemque
1759 520 1888 554 recipere

1088 564 1243 598 synodum‘,
1265 572 1356 599 neque
1377 565 1555 599 recipientem
1570 573 1660 600 neque
1678 566 1886 600 projicientem.

1088 607 1265 637 Macedonius
1301 612 1392 635 autem
1417 608 1532 642 restitit,
1560 609 1658 638 dicens
1685 618 1741 638 non
1770 611 1824 640 illis
1857 619 1889 640 se

1091 654 1383 686 communicaturum,
1410 655 1464 682 nisi
1491 655 1678 683 conﬁteantur
1711 661 1826 684 matrem
1853 661 1882 684 et

1090 702 1253 737 magistram
1278 701 1413 737 synodum
1443 701 1709 730 Chalcedonensem.
1743 703 1883 730 (laterum

1090 747 1388 782 Deuteriusepiscopus
1414 747 1580 775 Arianorum
1596 747 1720 784 Byzantii
1741 749 1887 783 baptizans

1091 795 1236 830 quemdam
1251 795 1341 822 virum
1363 795 1474 822 nomine
1488 795 1651 828 Barbarum,
1670 800 1771 830 praeter
1791 794 1887 822 Domi-

1092 842 1181 869 nicam
1210 842 1384 869 traditionem
1411 849 1496 869 ausus
1524 847 1566 869 est
1592 841 1706 870 dicere:
1725 841 1889 875 Baptizatur

1094 887 1230 915 Barbarus
1254 888 1281 915 in
1294 888 1397 915 nomine
1413 887 1503 914 Patris
1524 895 1570 922 per
1601 887 1702 914 ﬁlium
1728 888 1755 915 in
1781 887 1886 920 Spiritu

1096 937 1249 966 sancto;'et
1261 934 1354 960 statim
1371 933 1514 961 lavacrum
1530 933 1700 961 exsiccatum
1716 937 1769 961 est.
1786 933 1892 960 Barba-

1096 987 1144 1008 rus
1171 987 1237 1007 vero
1260 980 1359 1007 timore
1386 979 1551 1015 perterritus
1589 979 1669 1014 fugit,
1697 984 1726 1007 et
1758 979 1891 1006 omnibus

1096 1029 1191 1053 notum
1207 1025 1270 1053 fecit
1296 1025 1475 1053 miraculum.
1489 1025 1575 1053 Porro
1590 1025 1742 1060 imperator
1759 1025 1891 1053 Macedo-

1097 1071 1171 1099 nium
1196 1070 1479 1106 Constantinopoleos
1505 1071 1667 1106 episcopum
1694 1071 1809 1106 cogehat
1825 1078 1893 1098 ana-

1097 1117 1277 1145 thematizare
1308 1116 1534 1145 Chalcedonense
1563 1117 1722 1149 concilium,
1758 1116 1893 1152 quemad-

1098 1163 1210 1190 modum
1226 1166 1253 1190 et
1267 1162 1372 1190 Heliam
1391 1162 1682 1198 Hierosolymitanum.
1696 1162 1747 1189 Ast
1762 1162 1892 1190 Macedo~

1098 1209 1162 1236 nius
1188 1209 1291 1243 absque
1320 1209 1469 1236 universali
1504 1209 1630 1244 synodo,
1657 1217 1719 1243 quae
1745 1209 1893 1243 praesulem

1099 1255 1254 1283 Romanum
1287 1255 1402 1283 haberet
1422 1255 1594 1290 episcopum,
1632 1255 1805 1290 impossibile
1833 1254 1894 1283 fore

1099 1302 1152 1330 hoc
1163 1310 1193 1330 se
1210 1302 1301 1330 facere
1314 1302 1464 1329 fatebatur.
1490 1300 1569 1329 Unde
1585 1301 1715 1329 inimicus
1737 1302 1762 1329 ei
1777 1301 1894 1329 ell‘ectus

1100 1348 1249 1383 imperator
1260 1347 1451 1382 confugientes
1462 1347 1495 1374 ad
1507 1347 1640 1375 ecclesias
1652 1347 1785 1386 violenter
1799 1352 1895 1375 extra-

1101 1395 1164 1422 here
1179 1394 1274 1429 jussit,
1290 1398 1317 1421 ct
1338 1394 1463 1422 ecclesiis
1483 1394 1676 1421 haereticorum
1700 1393 1895 1422 intemeritatis

1099 1440 1273 1468 deﬁnitiones
1295 1440 1457 1468 concessit:
1486 1443 1623 1475 quotquot
1645 1444 1737 1467 autem
1761 1439 1855 1467 clerici
1865 1445 1895 1467 et

1100 1487 1162 1514 laici
1179 1486 1300 1522 Byzantii
1312 1490 1391 1514 erant
1405 1506 1412 1519 ,
1432 1486 1504 1520 apud
1531 1485 1664 1513 Severum
1677 1489 1705 1513 et
1727 1485 1895 1512 Manichzeos

1100 1532 1259 1559 Orientales
1272 1531 1417 1558 haereticos
1427 1531 1571 1563 vacabant,
1582 1535 1681 1558 contra
1697 1529 1891 1557 Maccdonium

1100 1581 1266 1613 satagentes.
1291 1577 1378 1604 Porro
1398 1576 1494 1604 deiferi
1525 1577 1653 1604 monachi
1671 1597 1678 1607 ,
1702 1577 1749 1612 qui
1768 1576 1794 1603 in
1811 1576 1897 1603 Palas—

1100 1624 1171 1652 stina
1187 1628 1277 1656 erant,
1290 1623 1383 1650 divina
1398 1622 1464 1650 moti
1482 1623 1658 1652 aemulatione
1674 1630 1774 1650 venere
1789 1621 1896 1657 Bysan-

1101 1670 1167 1697 tium
1182 1673 1279 1697 contra
1306 1669 1439 1696 Severum
1461 1673 1489 1696 et
1520 1668 1672 1698 tuonachos
1698 1667 1745 1702 qui
1770 1675 1834 1695 cum
1860 1675 1895 1695 eo

1100 1719 1189 1743 erant.
1215 1714 1370 1742 Dorotheus
1392 1719 1484 1742 autem
1508 1714 1663 1741 monachus
1691 1712 1897 1741 Alexandrinus

1101 1760 1252 1788 multorum
1284 1767 1415 1787 versuum
1440 1760 1542 1787 librqu
1560 1759 1645 1787 edidit
1668 1765 1719 1794 pro
1741 1758 1896 1786 Chalcedo-

1102 1806 1180 1834 nensi
1207 1806 1337 1838 concilio,
1366 1813 1448 1841 quem
1469 1805 1544 1833 dedit
1558 1805 1663 1840 lllagna’.
1689 1805 1770 1832 uxori
1801 1803 1898 1831 fratris

1102 1852 1253 1885 Anastasii,
1267 1859 1331 1879 cum
1345 1854 1420 1879 esset
1436 1849 1622 1878 orthodoxae.
1643 1850 1704 1885 Ipsa
1722 1857 1789 1877 vero
1819 1849 1896 1875 Ana-

1103 1898 1189 1927 stasio
1201 1898 1299 1925 librum
1321 1897 1432 1929 obtulit,
1442 1903 1557 1932 sperans
1579 1903 1628 1931 per
1654 1896 1726 1923 hunc
1751 1903 1814 1922 eum
1838 1895 1898 1922 fore

1103 1943 1284 1976 mutandum;
1304 1950 1386 1978 quem
1417 1949 1481 1969 cum
1502 1941 1615 1976 legisset
1627 1944 1655 1968 et
1684 1945 1783 1976 pra‘ter
1801 1945 1898 1967 votum

1104 1997 1184 2018 suum
1196 1996 1258 2017 esse
1273 1988 1432 2023 reperisset,
1453 1987 1619 2015 Dorotheum
1634 1987 1706 2021 apud
1719 1985 1803 2014 Oasiu
1820 1985 1900 2013 essi-

1104 2037 1140 2065 lio
1156 2036 1277 2064 destinat
1295 2039 1323 2063 et
1337 2035 1440 2063 librum
1455 2041 1505 2069 pro
1532 2027 1619 2061 nihilo
1642 2033 1729 2065 ducit,
1753 2040 1787 2060 eo
1821 2031 1897 2067 quod

1104 2082 1309 2117 superscriptus
1333 2084 1407 2109 esset
1428 2079 1585 2115 Tragoedia,
1617 2078 1645 2106 id
1663 2083 1726 2110 est,
1753 2077 1897 2112 prophetia

1105 2127 1234 2156 instantis
1249 2126 1469 2156 constitutionis.
1497 2124 1731 2160 quemadmodum
1757 2131 1773 2150 a
1796 2130 1899 2157 magno

1105 2173 1205 2202 Basilio
1216 2173 1294 2200 aiunt
1312 2171 1398 2199 fuisse
1414 2171 1519 2199 dictum
1533 2174 1630 2198 contra
1641 2168 1792 2197 lulianum.
1807 2167 1898 2195 Mace-

1105 2220 1207 2248 donius
1222 2223 1314 2247 autem
1341 2217 1502 2246 Flavianum
1527 2216 1735 2244 Antiochenum
1759 2218 1786 2242 et
1801 2221 1899 2241 omnes

1105 2266 1151 2301 qui
1181 2267 1379 2300 praesumerent
1407 2263 1501 2291 dicere
1513 2262 1580 2297 quid
1611 2261 1745 2289 adversus
1759 2259 1896 2295 synodum

1105 2310 1359 2343 anathematizavit,
1379 2314 1407 2337 et
1422 2308 1620 2344 apocrisiarios
1645 2306 1769 2335 Flaviani
1784 2305 1914 2333 γεώδη-λ

1105 2362 1146 2385 tes
1157 2357 1191 2384 ad
1205 2365 1235 2385 se
1250 2361 1363 2392 propter
1377 2355 1512 2390 quasdam
1529 2353 1708 2382 necessitates
1732 2352 1900 2380 anathema-

1106 2404 1199 2431 tizavit
1225 2409 1253 2431 et
1283 2403 1423 2430 insecutus
1441 2405 1494 2428 est.
1524 2400 1661 2428 Vicesimo
1691 2407 1759 2427 sane
1790 2397 1901 2433 imperii

1106 2450 1243 2478 Anastasii
1255 2455 1327 2477 anno
1343 2448 1463 2484 synodus
1480 2447 1551 2482 apud
1574 2446 1702 2473 Sidonem
1716 2448 1899 2480 praeparatur.

1106 2496 1266 2525 Soterichus
1281 2496 1354 2524 enim
1378 2495 1524 2530 episcopus
1537 2492 1669 2521 Caesareae
1691 2490 1875 2526 Cappadocia:
1885 2497 1901 2517 a

1108 2543 1266 2571 Macedonio
1294 2540 1500 2570 consecrandus
1516 2547 1546 2568 se
1574 2539 1603 2566 in
1619 2537 1730 2573 scriptis
1755 2536 1902 2572 professus

1107 2593 1149 2618 est
1164 2589 1291 2624 dogmata
1305 2586 1540 2615 Chalcedonensis
1562 2584 1660 2621 synodi
1683 2587 1780 2619 utpote
1802 2582 1902 2610 deﬁni-

1107 2637 1209 2664 tionem
1225 2635 1286 2663 ﬁdei
1299 2638 1483 2669 recepturum.
1496 2632 1563 2660 Pest
1580 2633 1638 2659 haec
1652 2635 1742 2658 tamen
1760 2629 1832 2657 adeo
1858 2629 1902 2656 t‘a-

1108 2683 1170 2708 ctus
1181 2683 1224 2707 est
1239 2679 1327 2706 hostis
1342 2682 1373 2705 ut
1388 2677 1457 2704 mori
1473 2676 1543 2705 velle
1560 2679 1720 2703 cerneretur
1740 2675 1768 2702 in
1786 2673 1902 2702 tlrieute

1108 2734 1170 2755 cum
1197 2725 1301 2753 Xenaia
1327 2724 1448 2756 locutus,
1475 2727 1503 2751 et
1525 2722 1605 2750 ambo
1633 2728 1683 2756 pro
1698 2721 1804 2757 synodo
1828 2719 1901 2756 apud

1111 2773 1239 2801 Sidonem
1253 2770 1393 2799 etlicienda
1407 2770 1599 2805 imperatorem
1617 2767 1760 2802 petiissent
1772 2767 1800 2793 in
1811 2766 1902 2793 omni-

1110 2818 1219 2847 modam
1233 2817 1395 2852 eiectionem
1413 2815 1501 2843 sancti
1517 2812 1753 2842 Chalcedonensis
1770 2812 1900 2845 concilii;

1111 2873 1170 2902 qua:
1187 2868 1289 2893 statuta
1304 2863 1438 2891 maturius
1453 2861 1587 2890 dissoluta
1611 2864 1664 2892 est,
1682 2859 1850 2895 imperatore
1865 2859 1900 2886 ad

1111 2912 1162 2940 hoc
1192 2910 1352 2946 Eutropium
1373 2908 1514 2937 ttibunum
1542 2907 1677 2939 mittente,
1697 2905 1743 2940 qui
1766 2909 1792 2933 ct
1809 2905 1901 2932 disso-
