2035 3153
129 176 198 208 1245

522 178 703 211 HISTORIA
720 175 1008 214 ECCLESIASTICA
1027 185 1078 215 EX
1097 185 1338 218 TlIEOPﬂANE.

1697 187 1767 220 1246

126 236 183 262 tnta
197 243 227 262 ea
251 234 313 282 egit
336 239 365 262 ut
396 235 544 264 Flavianus
571 237 761 267 Antiochenus
786 245 812 267 ct
831 239 923 270 llclias
935 253 960 282 Α
973 239 1199 271 declamatorium
1213 251 1381 276 sermonem,
1394 244 1466 280 quod
1480 243 1631 280 susciperet
1643 250 1767 276 sanctam

127 280 401 316 Hierosolymilanus
421 289 473 309 una
489 290 553 309 cum
570 283 708 319 episcopis
728 286 787 312 suis
805 286 922 322 impera-

125 328 190 359 tori,
205 335 266 362 qu;c
283 328 353 361 apud
370 327 511 355 Sidoniam
531 333 607 364 gesta
621 329 741 363 fuerant,
757 332 921 361 scriberent.

124 374 274 402 Flavianus
292 382 358 402 vero
375 378 430 402 tres
448 376 640 403 tantummodo
656 379 776 413 synodos
794 383 820 406 et
835 379 924 408 Zeno-

125 421 170 448 nis
187 420 314 448 exoticon
330 428 360 447 se
385 421 525 456 suscipere
542 422 664 457 scripsit,
690 423 923 454 Chalcedonensis

125 466 293 494 mentionem
309 473 365 493 non
380 465 492 494 faciens.
510 466 601 495 Helias
630 476 739 503 quoque
764 469 923 507 Hierosoly-

125 513 246 540 mitanus
258 512 338 539 etiam
354 511 606 541 Chalcedonensem
622 521 652 542 se
667 515 779 550 scripsit
793 516 921 551 abjicere.

126 559 291 588 Soterichus
309 563 400 586 autent
429 560 607 587 Gzesariensis
620 565 647 590 et
672 560 792 590 Xenaias
827 567 923 590 contra

126 605 285 634 Flavianum
298 610 324 633 et
339 605 442 632 Heliam
454 611 651 642 suggesserunt
664 607 832 642 imperatori,
849 609 922 644 quod

126 660 178 687 pro
187 660 219 680 eo
227 652 299 687 quod
311 656 423 680 nossent
432 660 560 687 expresse
568 657 661 680 contra
669 654 803 689 synodum
813 654 922 682 Chalce-

125 699 275 727 donensem
288 699 452 726 sententiam
464 698 778 731 ferre,convcneruntad
791 699 920 728 invicem.

125 745 291 773 Anastasius
307 748 398 772 autem
415 745 501 772 iratus
523 745 647 772 incitavit
668 746 819 774 monachos
834 755 920 782 quos-

125 791 190 818 dam
203 790 288 818 falsos
303 791 450 819 convenire
464 790 536 826 apud
551 791 724 818 Antiochiam
746 796 772 819 et
791 792 922 821 adversus

124 837 289 864 Flavianum
311 837 465 872 insurgere,
482 841 607 872 petentes
623 846 685 865 eum
698 838 921 867 Chalcedoneuse

125 882 363 910 anathematizare
377 883 525 911 concilium
541 889 568 911 et
586 884 734 912 Diodorum
752 889 779 912 et
791 884 921 913 Theodo-

976 289 1229 318 Chalcedonensetu
1261 290 1406 326 synodum,
1430 298 1534 325 eosque
1556 291 1602 325 qui
1628 291 1696 318 hanc
1711 299 1766 319 non

975 336 1159 371 susciperent,
1179 336 1322 364 haereticos
1334 336 1463 369 haberet;
1487 341 1514 363 ct
1529 337 1768 364 comminislravc-

975 387 1041 410 runt
1077 383 1114 409 ei.
1142 381 1295 417 Imperator
1317 386 1407 410 autem
1443 383 1601 410 muneribus
1631 383 1770 417 persuasit

976 428 1172 456 consentaneis
1193 428 1292 463 ipsius,
1307 429 1416 456 clericis
1438 429 1543 455 scilicet
1566 432 1592 456 ct
1616 429 1766 460 monachis.

975 474 1058 501 alium
1076 475 1235 510 episcopum
1253 474 1386 510 eligendi;
1408 474 1481 509 quod
1509 478 1537 501 et
1563 473 1716 502 Areadnem
1742 479 1768 501 ct

975 528 1089 556 magnos
1107 528 1140 548 ex
1165 520 1342 549 senatoribus
1366 520 1570 547 contristabat:
1602 519 1768 554 diligebatur

974 567 1047 594 enim
1063 566 1238 594 Macedonius
1259 570 1370 601 propter
1400 568 1461 593 vita:
1477 565 1639 593 munditiam
1668 569 1695 593 et
1721 565 1769 593 do-

974 617 1095 646 gmatum
1111 610 1312 643 rectitudinem,
1325 610 1388 636 licet
1402 609 1533 644 deceptus
1550 609 1646 637 fuerit.
1662 610 1769 639 Instru-

979 657 1019 683 xit
1031 663 1121 683 autem
1138 656 1288 691 imperator
1304 656 1371 684 duos
1386 656 1519 691 quosdam
1551 649 1767 692 tteq‘uain'accu-

975 709 1037 728 sare
1075 700 1263 729 Macedonium
1300 701 1378 736 quasi
1426 709 1574 736 puerorum
1617 705 1766 729 amatorem

975 747 1077 780 pariter
1097 751 1123 774 et
1141 747 1301 774 lnereticum
1319 767 1327 780 ,
1342 751 1368 774 et
1385 746 1443 774 haec
1458 747 1597 783 porrigere
1615 747 1642 774 in
1655 748 1766 783 scriptis

974 792 1102 828 prafecto
1118 798 1146 820 et
1167 793 1308 828 magistro.
1327 791 1460 820 Similiter
1482 798 1572 820 autem
1589 798 1685 822 contra
1705 802 1767 829 prc—

975 839 1103 875 sbyteros
1116 838 1282 866 etdiaconos
1291 838 1469 866 orthodoxos.
1483 837 1570 867 Jossit
1583 843 1674 866 autem
1687 839 1751 867 Celc
1759 854 1765 859 -

978 893 1034 913 rem
1061 886 1223 920 magistrum
1253 885 1390 919 deponere
1416 885 1548 912 violenter
1571 893 1632 912 eum
1653 886 1688 913 ab
1709 885 1769 920 epi-

125 936 187 956 rum
199 932 227 956 et
244 929 316 956 Ibam
327 933 354 956 et
366 928 585 963 Thcodoretum;
602 931 675 965 quod
686 934 713 959 et
727 930 791 959 fecit
810 933 926 967 pusilla-
942 930 966 959 B
980 933 1086 969 scopio,
1101 934 1237 961 clamante
1247 932 1405 960 Macedonio
1416 940 1445 960 se
1461 937 1586 967 prompto
1605 932 1770 968 respondere

125 976 219 1002 nimus
235 974 324 1003 factus
342 975 502 1008 Flavianus,
524 981 552 1003 et
582 980 679 1004 contra
708 977 860 1005 Ecclesiam
876 986 924 1007 cos

128 1022 375 1050 anathematizavit
407 1029 461 1049 una
485 1026 547 1050 cum
579 1024 694 1058 synodo.
723 1023 824 1051 Eodem
852 1032 925 1052 anno

125 1071 225 1096 Eontra
238 1068 425 1096 Maccdottium
442 1069 595 1104 imperator
612 1070 726 1104 agebat;
749 1075 776 1098 et
791 1071 925 1099 schisma.

125 1116 173 1142 tici
189 1123 251 1142 cum
263 1115 410 1143 conductis
422 1116 528 1149 turbis,
557 1116 584 1142 in
602 1116 773 1151 Archangelo
790 1117 880 1151 palatii
898 1124 923 1146 et

127 1161 155 1187 in
170 1160 265 1196 Magna
287 1162 405 1188 ecclesia
419 1162 570 1196 psallentes
584 1162 611 1188 in
631 1161 773 1190 Dominica
784 1163 828 1190 die
843 1164 924 1191 trisa-

125 1207 190 1241 gion
208 1227 215 1237 .
235 1207 374 1234 addebant
401 1208 427 1234 in
452 1214 502 1234 eo:
534 1208 587 1240 Qui
603 1208 750 1242 cruciﬁxus
777 1217 804 1235 es
819 1213 924 1242 propter

129 1262 189 1285 nos,
205 1253 242 1280 ita
259 1258 288 1280 ut
300 1253 445 1280 orthodoxi
463 1261 495 1281 cx
512 1253 677 1281 necessitate
690 1261 752 1280 cum
773 1254 861 1289 plagis
874 1262 922 1281 eos

127 1299 349 1333 insequerentur.
391 1299 543 1333 Imperator
581 1307 645 1326 vero
688 1299 832 1326 manifeste
874 1307 922 1334 per

125 1345 318 1373 schismaticos
347 1345 498 1372 monachos
526 1349 552 1372 et
579 1345 695 1372 clericos
727 1349 754 1372 et
784 1344 922 1372 Julianum

129 1391 217 1418 Caria
234 1395 309 1423 tunc,
329 1391 428 1418 deinde
453 1398 519 1418 vero
542 1390 726 1418 Halicarnassi
751 1391 922 1426 episcopum,

128 1441 158 1464 ct
185 1436 316 1464 Severum
336 1437 509 1471 episcopum,
533 1436 622 1463 adhuc
637 1437 812 1469 monachum,
835 1438 923 1472 impu-

126 1482 228 1517 gnabat
253 1481 441 1510 Macedonium
456 1503 464 1515 ,
496 1482 623 1517 turpibus
642 1489 704 1510 eum
729 1483 838 1517 publice
856 1482 922 1510 sub-

125 1528 240 1556 mittens
257 1527 378 1563 injuriis.
402 1527 592 1556 Multitudines
608 1532 700 1556 autem
722 1536 785 1555 cum
803 1528 924 1556 mulieri-

126 1574 178 1601 bus
196 1579 224 1602 et
237 1574 330 1602 liberis
353 1574 553 1609 ahbatibusque
581 1574 798 1602 orthodoxorum
824 1582 919 1602 mona-

126 1619 242 1647 chorum
258 1624 431 1655 congregata:
441 1619 598 1647 clamabant
614 1629 621 1646 :
641 1620 754 1655 Tempus
780 1620 917 1654 martyrii,

127 1665 301 1694 Christiani:
334 1675 365 1694 ne
399 1666 614 1700 derelinquamus
650 1664 761 1692 Patrem
785 1671 918 1699 nostrum,

129 1712 242 1747 injuriis
269 1712 406 1740 lacessere
424 1712 619 1746 imperatorem
637 1715 794 1746 satagentes
812 1716 842 1738 ut
861 1712 921 1738 Ma-

128 1759 266 1786 nichaeum
282 1763 310 1787 et
324 1759 467 1793 indignum
485 1757 620 1793 imperio;
633 1758 814 1792 quijmetuens
823 1758 922 1785 clausit

126 1806 199 1833 ostia
214 1805 318 1840 palatii,
349 1810 376 1832 et
392 1813 476 1833 naves
500 1805 665 1840 prteparavit
679 1804 713 1831 ad
743 1803 915 1839 fugiendum.

128 1851 316 1881 Macedoniam
331 1855 432 1882 autem,
455 1851 489 1879 de
508 1859 563 1886 quo
577 1850 718 1885 juraverat
729 1858 782 1878 non
808 1858 837 1878 se
852 1850 922 1877 ultra

127 1897 266 1929 visurum,
287 1889 353 1925 tunc
373 1897 488 1932 rogabat
511 1895 612 1930 videre,
640 1896 833 1923 multitudines
865 1903 922 1922 me-

128 1948 218 1970 tuens.
229 1942 285 1970 lloc
301 1942 403 1970 interea
420 1942 545 1969 veniente
556 1941 589 1968 ad
603 1949 677 1974 eum,
694 1941 812 1976 populus
837 1940 921 1976 hcgu-

128 1988 218 2017 menis
241 1993 269 2016 et
286 1989 427 2017 monachis
456 1988 661 2023 protestabatur
674 1988 788 2015 dicens:
815 1987 922 2014 Patrem

127 2039 247 2063 nostrum
279 2035 405 2062 habemus
433 2043 450 2061 α
481 2033 564 2061 vobis.
585 2033 694 2060 Schola:
723 2040 788 2060 vero
814 2033 920 2060 laudem

127 2080 256 2109 dicebant
284 2081 321 2113 ei,
343 2087 405 2107 cum
421 2079 562 2106 transiret.
588 2079 735 2114 ingressus
763 2083 854 2106 autem
888 2079 921 2106 ad

126 2127 303 2154 Auastasium
323 2125 414 2160 arguit
433 2133 495 2153 eum
519 2130 547 2152 ut
575 2125 680 2152 hostem
709 2125 852 2158 Ecclesiae;
875 2125 921 2159 qui

114 2172 275 2199 simulatus
290 2175 332 2199 est
348 2171 373 2198 ei
388 2171 423 2198 ad
453 2171 549 2198 lteram
564 2171 646 2198 uniri.
660 2169 762 2197 Verum
789 2171 917 2205 sequenti

128 2225 201 2246 anno
227 2217 334 2252 decepit
348 2217 496 2252 imperator
521 2215 712 2244 Macedoniam
741 2223 789 2252 per
799 2216 920 2244 Celerem

979 988 1034 1008 non
1049 981 1136 1008 solum
1153 981 1179 1008 in
1196 981 1335 1015 prtetOrio,
1351 981 1398 1008 sed
1415 981 1497 1008 etiam
1510 983 1537 1009 in
1561 981 1680 1010 theatro.
1693 981 1768 1008 Multi

976 1034 1041 1055 vero
1053 1027 1216 1054 clericorum
1232 1027 1259 1054 in
1273 1034 1398 1055 carceres
1413 1027 1489 1055 missi
1504 1031 1569 1055 sunt
1587 1036 1593 1054 :
1611 1028 1657 1062 qui
1670 1031 1762 1054 autem

976 1073 1069 1108 fugere
1093 1077 1250 1109 potuerttnt,
1267 1073 1337 1108 apud
1350 1073 1462 1101 Romam
1481 1078 1507 1101 ct
1524 1073 1683 1102 Phoenicem
1706 1077 1770 1100 sunt

981 1119 1109 1154 dispersi.

1013 1165 1100 1193 Porro
1127 1165 1227 1200 impius
1254 1166 1402 1201 imperator
1429 1165 1615 1193 authenticam
1644 1165 1770 1192 chartam

975 1210 1210 1238 Chalcedonensis
1235 1211 1343 1238 concilii
1365 1215 1505 1246 gestorum
1533 1217 1581 1246 per
1603 1210 1765 1245 magistrum

975 1256 1100 1290 accipere
1121 1264 1135 1283 a
1152 1256 1311 1284 Macedonio
1325 1261 1352 1284 ct
1369 1257 1525 1292 dirumpere
1539 1257 1692 1292 satagebat.
1709 1256 1766 1283 Ma-

975 1302 1106 1330 cedonius
1129 1310 1193 1329 vero
1216 1303 1329 1338 signans
1361 1310 1422 1330 eam
1443 1310 1527 1338 super
1550 1303 1637 1331 altare
1660 1302 1769 1337 posuit:

974 1355 1056 1383 quam
1074 1348 1241 1383 Calopodins
1270 1348 1413 1376 eunuchus
1442 1353 1469 1376 et
1486 1355 1648 1375 (nconomus
1668 1347 1771 1382 Magnae

974 1393 1099 1421 ecclesia:
1130 1393 1204 1420 furto
1229 1393 1347 1420 ablatam
1375 1393 1531 1428 imperatori
1556 1393 1664 1420 detulit.
1692 1392 1770 1419 Tunc

975 1438 1164 1466 Macedonium
1193 1442 1274 1466 nocte
1305 1438 1425 1466 cducens
1455 1437 1603 1472 imperator
1632 1438 1770 1464 violenter

974 1484 1177 1512 Chalcedonem
1194 1484 1281 1517 misit,
1293 1489 1321 1512 et
1334 1485 1396 1512 inde
1410 1484 1482 1519 apud
1497 1483 1657 1511 Euchaitem
1669 1483 1770 1511 exsilio

979 1530 1096 1566 relegari
1114 1530 1257 1566 praecepit,
1268 1530 1337 1557 nihil
1348 1537 1441 1558 eorum
1454 1536 1516 1565 quae
1530 1528 1564 1557 de
1578 1537 1608 1556 se
1622 1522 1771 1563 objiciebat

976 1584 1100 1612 quaerere
1115 1584 1212 1608 ausus,
1229 1581 1355 1604 metuens
1368 1574 1570 1604 multitudines.
1582 1573 1696 1602 Postera
1708 1582 1772 1601 vero

973 1623 1018 1650 die
1049 1623 1176 1658 provehit
1209 1622 1369 1658 episcopum
1402 1621 1577 1649 Timotheum
1605 1620 1770 1656 quemdam,

975 1670 1166 1704 presbyterum
1188 1673 1215 1696 et
1237 1676 1365 1696 vasorum
1392 1667 1534 1695 custodem
1563 1666 1697 1697 ecclesiar,
1721 1673 1772 1692 co-

973 1718 1123 1750 gnomento
1139 1713 1317 1750 Lytrobulem
1332 1718 1359 1741 et
1369 1712 1497 1740 Gelonem
1513 1715 1626 1747 propter
1637 1711 1770 1746 quosdam

974 1765 1054 1789 actus
1066 1761 1262 1788 convenientes
1272 1759 1429 1787 nominibus
1441 1767 1449 1790 ς
1464 1758 1510 1794 qui
1525 1758 1667 1793 ingressus
1681 1756 1770 1784 eccle—

974 1807 1039 1839 sias,
1055 1806 1172 1840 primum
1190 1806 1323 1840 imagines
1346 1803 1498 1831 Macedonii
1515 1803 1680 1838 deponcbat,
1697 1807 1723 1830 et
1736 1803 1772 1829 ita

975 1851 1093 1879 faciebat
1111 1851 1212 1879 missas
1229 1849 1297 1885 (20).
1316 1849 1450 1877 Joannem
1471 1856 1536 1876 vero
1554 1847 1771 1875 Alexandrinum

977 1898 1006 1924 in
1033 1896 1172 1932 diptychis
1201 1894 1355 1928 ordinavit,
1380 1894 1460 1929 eique
1488 1894 1619 1929 synodica
1649 1893 1771 1928 scripsit.

975 1943 1127 1978 Imperator
1142 1946 1233 1969 autem
1248 1940 1419 1976 perpendens
1436 1940 1509 1975 quod
1524 1940 1583 1966 sine
1598 1939 1772 1974 depositione

975 1988 1162 2016 Macedoniqu
1180 1992 1208 2015 el.
1230 1987 1291 2015 sine
1314 1986 1420 2020 judicio
1446 1987 1473 2013 in
1493 1985 1620 2013 exsiliunt
1648 1985 1772 2019 miserit,

975 2035 1060 2062 misso
1077 2034 1210 2068 magistro
1231 2033 1332 2061 sistere
1357 2031 1422 2059 fecit
1436 2039 1497 2059 eum
1516 2032 1587 2058 ultra
1603 2030 1771 2064 Claudiopo-

974 2083 1021 2109 lim
1044 2081 1224 2114 Honoriadis;
1244 2080 1340 2115 sicque
1362 2079 1436 2106 illum
1454 2079 1593 2106 absentem
1613 2076 1768 2112 deponunt,

974 2135 1036 2155 cum
1050 2128 1121 2155 idem
1129 2127 1183 2162 ipsi
1199 2126 1300 2154 fuerint
1314 2129 1500 2155 accusatores,
1511 2127 1595 2151 testes
1605 2126 1633 2150 et
1646 2122 1766 2158 judicos,

974 2174 1124 2210 praesertim
1141 2180 1204 2200 cum
1218 2173 1274 2207 jam
1290 2177 1362 2199 esset
1376 2175 1441 2198 ante
1457 2169 1590 2205 judicium
1607 2169 1722 2204 pulsus,
1739 2172 1766 2195 et

975 2228 1024 2256 per
1036 2219 1182 2255 episcopos
1193 2217 1304 2245 mittunt
1318 2217 1529 2252 depositionem,
1540 2220 1567 2243 et
1581 2215 1772 2250 presbyterum

128 2263 308 2298 magistrum,
335 2262 576 2290 commonitorium
593 2262 649 2297 (t9)
667 2262 771 2289 faciens
799 2263 831 2289 ad
847 2270 920 2295 eum,
937 2269 960 2299 ι)
973 2266 1150 2303 ςιιῑοθηυιη,
1176 2264 1231 2292 nos
1246 2271 1309 2291 cum
1325 2263 1440 2290 vidisse;
1463 2261 1639 2288 Macedonius
1651 2280 1659 2292 ν
1681 2261 1772 2295 prius-

128 2309 158 2337 in
175 2317 232 2344 quo
245 2317 274 2337 se
286 2310 402 2345 primam
429 2309 540 2345 quidem
551 2313 578 2337 et
605 2310 753 2338 secundum
771 2310 919 2337 conliteha-

127 2359 175 2385 tur
187 2355 328 2390 suscipere
339 2355 484 2391 synodum,
501 2355 664 2389 Ephesinam
689 2362 755 2382 vero
770 2359 796 2382 ct
807 2355 921 2382 Chalce-

127 2401 279 2429 donensem
299 2401 425 2434 dimisit,
441 2400 514 2435 quod
532 2400 628 2434 ingens
644 2399 801 2428 Macedonio
818 2399 920 2434 vitupe-

129 2446 200 2473 rium
230 2446 333 2473 attulit.
361 2445 413 2473 I’cr
430 2446 481 2472 hoc
498 2445 571 2472 enim
595 2448 622 2471 et
647 2445 773 2471 enoticon
801 2444 920 2473 Zenonis

129 2492 243 2527 recepit,
286 2493 329 2519 cui
349 2493 433 2519 etiam
468 2491 676 2519 consecrandus
705 2490 919 2526 subscripserat.

128 2538 264 2565 Praeterea
281 2537 456 2565 Macedonius
471 2537 567 2564 abiens
589 2536 616 2562 in
630 2535 765 2563 Adaltnati
783 2540 922 2563 monaste-

129 2584 202 2610 rium
218 2583 245 2610 iu
261 2591 294 2611 eo
322 2583 431 2611 clericis
453 2588 480 2610 et
506 2582 648 2610 monachis
667 2581 844 2614 zelatoribus,
875 2580 921 2616 qui

129 2629 168 2658 ob
187 2629 213 2657 id
231 2629 410 2657 scaudalizati
439 2629 558 2661 fuerant,
572 2629 706 2656 rationem
736 2627 853 2654 reddidit
874 2635 922 2662 per

974 2320 1057 2349 quam
1069 2320 1130 2340 cum
1146 2311 1202 2338 illis
1215 2311 1388 2345 loqueretur,
1404 2308 1590 2342 interrogabat
1606 2308 1628 2334 si
1647 2308 1771 2342 suscipe-

973 2362 1035 2385 rent
1050 2357 1185 2393 synodum
1198 2354 1448 2383 Chalcedonensem
1461 2363 1469 2386 ;
1486 2354 1585 2389 quibus
1598 2354 1750 2380 dicentibus
1761 2362 1771 2380 :

976 2412 984 2429 I
1004 2403 1069 2436 Quis
1087 2402 1156 2429 enim
1176 2409 1203 2428 es
1217 2401 1230 2427 ?
1249 2410 1257 2426 ι
1278 2399 1356 2427 Tunc
1372 2400 1431 2434 ipse
1444 2400 1482 2426 ait
1499 2409 1505 2426 :
1525 2409 1533 2425 ‹
1553 2399 1583 2426 Si
1626 2399 1774 2426 Sabbuliuu

973 2448 1011 2475 vel
1027 2447 1216 2474 Macedouiaui
1232 2446 1364 2482 deferrent
1381 2446 1445 2472 mihi
1457 2445 1660 2480 depositioueut,
1673 2453 1763 2472 conve-

973 2497 1049 2519 nerat
1066 2500 1105 2519 me
1122 2491 1266 2524 suscipere.
1287 2491 1319 2517 Et
1338 2491 1374 2517 ita
1394 2490 1497 2518 reversi
1520 2494 1585 2517 sunt
1601 2489 1771 2522 inefﬁcaces,

974 2531 1101 2570 idemque
1131 2535 1255 2569 pervenit
1276 2533 1311 2561 ad
1354 2534 1527 2562 Euchaitem.
1555 2534 1631 2561 Tunc
1658 2537 1686 2560 et
1708 2533 1772 2560 Fla-

974 2582 1085 2608 vianum
1103 2581 1250 2609 festinabat
1266 2581 1417 2616 imperator
1432 2588 1446 2607 a
1460 2580 1525 2608 sede
1536 2579 1706 2607 Autiochena
1719 2578 1770 2614 eji-

976 2634 1049 2660 cere,
1066 2631 1093 2654 et
1107 2635 1156 2662 pro
1174 2627 1220 2654 illo
1236 2626 1367 2654 Severum
1382 2625 1558 2653 manifestum
1572 2625 1696 2653 veritatis
1714 2624 1768 2652 ini-

879 2684 997 2713 NOTAE.

166 2731 224 2769 (l9)
230 2731 478 2769 Commonitorium.
486 2732 646 2769 Theodorus
654 2731 779 2769 Balsama
792 2731 830 2769 _ad_
837 2739 920 2767 syno-

129 2765 450 2803 duinCartltaginensem
466 2777 471 2795 :
486 2765 761 2803 κομμονιτρριῳήτοι
774 2766 804 2792 τὸ
818 2765 919 2803 typa-

131 2811 183 2838 φιν
195 2801 356 2838 ἠπόμνηρα.
374 2803 439 2829 Vide
456 2802 489 2829 ad
507 2801 611 2836 glossas
623 2801 815 2838 Basilicoruln,
834 2801 916 2838 Fatis.

178 2837 224 2872 20)
240 2836 368 2864 Faciebat
385 2838 491 2869 minus,
517 2837 693 2871 ἐλειτούργει.
709 2836 781 2863 Idem
799 2837 832 2872 de
852 2836 917 2863 Vitis

134 2871 193 2899 PP.
214 2871 240 2899 in
260 2872 461 2900 Constantino:
482 2883 490 2898 ι
511 2873 607 2900 Missas
628 2872 784 2906 imperatori
809 2871 883 2898 fecit.
907 2881 915 2898 ι

134 2908 180 2936 Sic
197 2907 377 2945 loquebantur
394 2909 515 2941 antiqui,
531 2913 559 2935 ut
620 2907 774 2934 Bonifacius
792 2907 913 2940 archicp.

974 2730 1097 2765 Mogunt.
1106 2738 1149 2766 ep.
1160 2731 1203 2758 95.
1216 2729 1287 2758 Hist.
1297 2729 1414 2766 'l'rripurt.
1427 2728 1560 2766 interp_r_es
1568 2728 1587 2755 l.
1600 2737 1656 2766 tv:_q
1675 2728 1770 2766 Missas

974 2762 1065 2793 facere
1089 2762 1271 2793 in'ecclesia.
1292 2775 1301 2791 ι
1319 2765 1351 2792 Et
1371 2765 1389 2790 l.
1408 2771 1434 2790 γι
1451 2772 1458 2789 :
1473 2772 1482 2788 ‹
1509 2762 1606 2791 Missas
1637 2764 1769 2791 facientes

974 2808 1114 2831 seorsum,
1131 2810 1139 2826 ι
1165 2805 1191 2827 et
1207 2800 1224 2827 I.
1239 2808 1275 2827 vn
1293 2808 1300 2826 :
1336 2809 1346 2825 ι
1363 2799 1493 2826 Scorsum
1506 2799 1618 2833 iagehat
1633 2800 1740 2826 missas.
1755 2808 1766 2824 ι

974 2837 1020 2863 Sic
1038 2836 1120 2863 etiam
1137 2836 1258 2870 loquitur
1271 2836 1288 2867 ι.
1307 2843 1356 2867 xu,
1372 2842 1397 2861 c.
1417 2833 1434 2860 9.
1445 2841 1452 2866 ;
1464 2837 1490 2870 ct
1503 2832 1682 2866 Flodoardus,
1696 2833 1768 2862 Hist.

975 2870 1049 2897 rictu.
1074 2871 1090 2897 i.
1114 2869 1185 2902 11,6.
1210 2871 1250 2897 15.
1278 2871 1348 2897 Idem
1372 2874 1462 2904 tamen
1482 2869 1617 2904 interpres
1637 2879 1645 2896 ‹
1668 2869 1767 2898 missas

972 2906 1111 2934 celebrare
1131 2916 1140 2932 ι
1158 2906 1235 2939 dixit,
1254 2906 1269 2934 Ι,
1294 2913 1319 2938 x,
1339 2913 1361 2932 c.
1378 2904 1421 2931 ‘25.
1439 2902 1475 2930 In.
