2035 3153
275 193 344 226 1247

826 199 1027 233 ANAS’I‘ASII
1042 200 1357 236 BlBLIOTHECARiI

1846 207 1921 242 Hi8

273 251 377 279 inicum
395 251 536 280 inducere.
551 253 749 290 Apposuerunt
763 260 855 286 autem
867 259 1068 289 calumniantes
1083 261 1106 289 A
1119 259 1210 288 ali‘ecit
1226 260 1411 295 Timotheum,
1433 266 1460 290 et
1479 262 1640 298 imperatori
1653 263 1725 299 quod
1743 264 1851 292 dixerat
1874 266 1919 293 in-

273 298 346 333 quod
360 306 408 326 ore
425 302 531 327 tantum
545 305 640 330 etnon
656 303 740 331 corde
755 305 890 340 synodum
906 307 1066 335 anathema-

273 345 440 372 tizaverunt.
462 345 500 372 De
513 350 614 374 caetero
628 352 661 382 let
674 349 820 378 consilium
838 357 1004 387 acceperunt
1018 353 1064 389 ju-

271 389 365 423 dices,
388 391 434 425 qui
455 391 534 419 missi
554 392 665 420 fuerant
681 395 716 422 ab
736 395 920 430 imperatore,
946 398 1064 434 pellendi

271 443 335 463 eum
351 440 378 464 et
393 442 505 472 propter
521 439 706 467 turbationem
727 441 866 470 modicum
888 444 1063 479 removendi;

273 489 329 516 quo
347 482 380 510 ad
400 483 531 512 Platanos
549 492 660 521 egresso
672 488 819 516 confestim
842 489 955 525 impium
978 490 1064 520 Seve-

271 535 333 554 rum
355 530 518 563 constituit,
541 532 588 566 qui
608 537 672 561 ante
687 535 841 563 monachus
858 536 947 564 fuerat
962 538 990 564 in
1005 546 1064 565 tno-

271 575 394 603 nasterio
406 577 660 611 s'chismaticorum,
672 580 749 615 juxta
761 581 879 618 Majuma
896 583 984 612 Gazae.
1001 585 1061 613 Fla-

270 620 382 648 vianum
404 626 495 650 autem
518 624 590 658 apud
612 625 708 654 Petras
725 628 824 656 exsilio
845 630 987 666 relegavit.
1009 631 1062 660 Sed

269 671 298 693 et
318 667 388 696 alios
410 669 560 697 nonnullos
576 671 722 708 episcopos
739 672 836 702 ferreis
850 675 968 704 vinculis
989 685 1063 705 eom-

270 713 376 748 peditos
393 723 446 742 uua
461 723 524 743 cttm
545 717 715 753 presbyteris
732 724 758 748 ct
773 720 946 751 diaconibus.
971 723 1063 753 Helias

268 767 334 786 vero
351 759 618 797 llierosolymitanus
635 764 699 792 dum
719 771 863 801 cogeretur
888 769 922 796 ab
947 770 1064 805 impera-

269 809 328 833 tore
355 812 402 834 aut
427 806 529 836 Severo
552 812 759 840 communicare
779 817 826 840 aut
846 814 879 841 ab
901 816 1062 851 episcopatu

268 853 375 887 repelli,
392 855 535 883 monachis
552 857 775 887 confortautibus
790 860 879 894 illum,
901 863 935 890 ab
954 864 1062 899 episco-

268 903 333 932 patu
349 900 445 936 projici
460 903 549 938 magis
565 904 658 939 elegit,
675 909 702 933 et
720 913 899 937 consecratus
913 913 955 937 est
970 918 1018 944 pro
1029 919 1062 939 eo

266 944 387 973 Joannes
401 953 434 973 ex
456 949 715 985 staurophylacihus
732 953 855 988 quidam,
871 955 919 990 qui
938 963 1060 992 Spopon—

267 990 307 1018 dit
326 991 417 1020 facere
439 1001 613 1030 quaecunque
629 998 748 1026 vellent:
766 1008 861 1028 verum
879 990 1059 1032 consecratus

267 1041 395 1063 neutrum
421 1038 496 1065 fecit.
526 1039 679 1074 imperator
705 1047 796 1071 autem
823 1046 985 1075 Anastasius
1007 1057 1061 1076 una

266 1086 330 1106 eum
355 1079 501 1109 Timotheo
526 1084 644 1111 scelesto
668 1084 975 1124 Constantinopolitano
1001 1093 1060 1128 epi-

266 1132 351 1160 scopo
366 1126 453 1157 multa
470 1128 541 1156 mala
557 1131 701 1159 monachis
718 1133 828 1161 clericis
844 1143 875 1163 ac
899 1137 990 1172 laicis,
1012 1126 1060 1174 qui

266 1179 316 1206 pro
333 1172 495 1201 Macedonio
508 1182 614 1211 proque
629 1178 735 1212 synodo
750 1180 916 1210 defensanda
934 1172 1060 1218 persevc-

267 1218 375 1251 rabant,
387 1219 520 1254 ostendit,
536 1221 574 1248 ita
590 1226 618 1249 ut
631 1223 703 1258 apud
719 1224 810 1253 Oasim
827 1226 975 1257 Thebaidis
989 1231 1058 1258 mul~

266 1268 309 1291 tos
329 1264 429 1292 exsilio
451 1266 596 1301 relegaret.
620 1269 672 1302 Qui
692 1269 855 1300 Timotheus
881 1275 1013 1310 synodica
1034 1281 1060 1304 et

266 1311 418 1340 Macedonii
432 1313 630 1349 depositionem
649 1317 822 1352 singularum
838 1319 977 1357 episcopis
992 1322 1060 1350 ciri-

266 1363 352 1386 tntum
371 1360 404 1387 ad
421 1361 650 1390 subscribendum
672 1365 838 1398 transmisit,
860 1375 976 1402 quorum
1001 1369 1058 1402 alii,

265 1405 393 1434 fortiores
406 1406 523 1440 scilicet,
539 1407 573 1435 ad
590 1412 737 1445 utrumque
752 1412 924 1445 restiterunt,
939 1414 983 1441 alii
997 1423 1059 1443 vero

265 1451 391 1486 utrisque
418 1452 564 1488 scripturis
592 1455 690 1482 timore
717 1456 893 1491 imperatoris
921 1460 1058 1494 perterriti

264 1496 499 1532 subscripserunt.
520 1500 608 1527 Porro
622 1501 705 1528 medii
724 1501 890 1537 depo'sitioni
907 1504 1057 1533 Macedonii

264 1550 320 1568 non
334 1543 553 1577 subscribentes,
569 1545 708 1574 Timothei
727 1547 868 1583 synodicis
886 1550 1058 1586 subscripse-

264 1592 349 1623 runt;
362 1590 435 1625 quod
457 1591 484 1618 id
498 1591 587 1626 ipsum
601 1596 670 1626 erat,
690 1594 755 1621 licet
771 1595 812 1623 eis
828 1596 930 1624 distare
945 1598 1054 1627 videre-
1072 1611 1093 1640 ο

264 1638 320 1662 tur.
345 1635 447 1663 Volens
468 1643 535 1664 sane
550 1636 712 1666 Timotheus
728 1639 822 1668 Severi
845 1649 944 1670 nomen
967 1644 994 1671 iu
1018 1645 1060 1672 di-

264 1681 372 1716 ptychis
385 1681 517 1710 ordinare
528 1683 685 1712 etFlaviani
699 1686 809 1721 ejicere,
822 1688 979 1722 prohibitus
993 1697 1035 1719 est
1046 1700 1060 1719 a

264 1728 385 1762 populo:
408 1728 503 1757 Severi
524 1737 644 1765 namque
663 1733 885 1762 communionem
897 1743 995 1765 omnes
1013 1745 1061 1766 or-

262 1775 376 1803 thodoxi
390 1774 545 1810 fugiebant,
557 1780 585 1804 et
595 1778 715 1807 maxime
727 1779 853 1808 monachi
865 1789 872 1814 ;
884 1782 984 1817 quibus
997 1791 1060 1811 cum

262 1819 440 1848 multitudine
456 1821 625 1850 rusticorum
643 1824 748 1859 punitis
765 1826 864 1854 multos
880 1827 998 1862 occidit,
1018 1829 1059 1856 al-

263 1867 332 1894 taria
358 1867 523 1896 subvertens
541 1873 570 1896 et
593 1877 673 1897 sacra
698 1871 918 1900 orthodoxorum
938 1882 1004 1903 vasa
1028 1879 1058 1902 ut

265 1912 419 1949 sacrilegus
440 1913 574 1943 conllans.
590 1914 699 1944 Iuliana
714 1925 790 1950 vero,
810 1919 999 1948 illustrissima
1022 1921 1057 1948 fe—

261 1958 347 1991 mina,
361 1966 422 1994 quaa
435 1960 567 1995 templum
591 1960 637 1989 Dei
655 1961 805 1992 Ccnitricis
819 1965 891 1999 apud
904 1964 1058 1994 Honoratus

261 2009 467 2037 construxerat,
483 2005 562 2033 valde
576 2014 625 2041 pro
645 2006 864 2037 Chatcedonensi
877 2011 982 2045 synodo
998 2015 1055 2038 sat-

261 2050 370 2090 agebat,
393 2051 430 2077 ita
455 2055 485 2078 ut
501 2051 526 2078 ei
552 2060 601 2080 nec
625 2053 776 2088 imperator
797 2056 920 2090 quidem,
956 2057 1056 2086 multas

260 2096 392 2124 adversus
405 2103 465 2124 eam
477 2099 611 2126 versutias
623 2099 813 2134 adinveniens,
825 2101 970 2131 Timotheo
982 2111 1058 2131 cont-

261 2141 403 2168 municare
418 2142 585 2176 persuadere
603 2144 730 2172 valuerit.
749 2145 803 2173 Sed
823 2155 873 2175 nec
889 2148 949 2183 ipse
963 2148 1057 2176 Timo-

261 2186 341 2213 theus
351 2186 510 2221 frequenter
525 2189 559 2215 ad
577 2197 637 2216 eam
652 2198 768 2227 pergens
782 2193 834 2221 hoc
846 2194 871 2221 ei
889 2196 978 2230 potuit
995 2203 1057 2230 per-

260 2233 387 2261 suadere.
403 2232 564 2270 Pompeium
576 2243 687 2271 quoque
707 2239 904 2268 consobrinum
924 2241 1010 2274 illius,
1028 2245 1055 2269 et

1118 305 1229 333 dicavit.
1254 307 1303 335 Ast
1325 308 1475 344 imperator
1496 309 1678 344 ignominiosc
1700 318 1732 338 ac
1745 311 1805 338 dire
1821 311 1917 339 Timov

1117 352 1210 381 tbeum
1231 354 1259 381 in
1278 353 1374 382 faciem
1395 356 1564 384 conveniens
1584 360 1730 392 negantem
1753 357 1873 389 invenit,
1891 362 1921 385 et

1116 407 1132 428 e
1154 405 1250 428 contra
1270 409 1318 429 eos
1337 402 1615 430 anathematizantcm
1637 404 1682 437 qui
1704 403 1920 431 Chalcedonen-

1116 453 1173 474 sem
1191 447 1327 482 synodum
1353 449 1532 483 recepissent.
1553 447 1640 476 Porro
1657 448 1778 477 Joannes
1797 451 1920 478 Alexan-

1115 492 1212 520 drinus
1224 492 1343 520 inhibuit
1353 492 1498 529 Egyptios
1515 494 1665 522 ascendere
1679 494 1918 530 Hierosolymam,

1115 543 1146 565 ut
1171 546 1225 566 non
1246 541 1485 568 communicarent
1512 541 1540 568 in
1565 542 1735 569 exaltatione
1761 542 1918 570 Chalcedo-

1114 585 1195 612 nensi
1216 585 1342 613 concilio.
1362 584 1507 614 Terribilia
1526 595 1592 615 vero
1610 588 1736 623 quaedam
1752 589 1787 616 ab
1803 589 1846 617 his
1863 591 1913 625 qui

1114 639 1129 659 a
1158 632 1294 660 daemonio
1319 633 1484 661 tenebantur
1512 634 1584 662 facta
1614 639 1679 662 sunt
1711 634 1916 672 Hierosolymis

1114 680 1192 704 tunc.
1209 677 1373 706 Anastasius
1388 679 1461 706 enim
1474 679 1589 714 cupiens
1603 680 1661 708 fieri
1679 680 1734 708 dux
1749 681 1915 715 Palaestinae,

1114 723 1253 758 pellicitus
1271 729 1312 752 est
1329 725 1507 760 imperatori,
1527 726 1580 754 nisi
1600 727 1780 761 persuaderet
1798 727 1914 762 Joanni,

1115 774 1177 805 post
1194 770 1299 798 llcliam
1323 771 1574 807 Ilicrosolymitano
1592 773 1736 808 episcopo,
1756 776 1915 802 communi-

1114 822 1178 843 care
1198 815 1311 847 Severo,
1333 816 1400 843 dare
1423 821 1562 845 trecentas
1585 818 1671 846 libras
1695 819 1768 847 auri.
1790 820 1914 855 Accepto

1113 869 1179 890 vero
1199 862 1355 897 principatu
1374 862 1450 890 venit
1468 862 1700 899 Hierosolymam,
1718 865 1913 902 Joannemque

1115 907 1167 934 sibi
1183 915 1236 934 non
1258 907 1431 934 obedientem
1448 908 1523 935 misit
1546 908 1573 935 in
1593 916 1743 937 carcerem.
1762 910 1912 940 Zacharias

1114 960 1180 981 vero
1209 953 1319 988 quidem
1349 953 1478 988 princeps
1509 953 1671 988 PalaeStinae,
1696 954 1751 982 Deo
1781 956 1913 984 amabilis

1112 999 1166 1031 vir,
1187 999 1324 1034 suggessit
1341 999 1481 1034 episcopo,
1505 999 1564 1027 zelo
1587 999 1682 1028 divino
1703 1001 1815 1034 ductus,
1843 1002 1910 1029 duci

1113 1045 1322 1080 repromittendi
1339 1053 1368 1073 se
1386 1054 1446 1081 qua:
1462 1046 1499 1074 illi
1519 1047 1661 1081 placerent
1676 1053 1814 1081 acturum,
1830 1049 1913 1075 dum-

1112 1091 1195 1119 modo
1214 1092 1452 1119 restituereturin
1471 1092 1573 1119 throno
1593 1101 1662 1126 suo;
1685 1101 1740 1128 quo
1762 1102 1792 1122 se
1815 1095 1911 1122 absol-

1112 1142 1193 1165 vente
1208 1145 1240 1165 ac
1260 1138 1439 1170 restituente,
1458 1138 1584 1166 collectis
1601 1140 1743 1168 monachis
1759 1141 1786 1167 in
1805 1141 1911 1176 templo

1114 1183 1142 1211 S.
1161 1183 1291 1218 Stephani
1315 1184 1438 1211 ascendit
1462 1191 1546 1219 super
1566 1185 1723 1217 ambouem,
1746 1190 1773 1213 et
1793 1187 1910 1214 anathe-

1112 1230 1252 1257 matizarit
1268 1229 1422 1257 Nestorium
1439 1235 1466 1258 et
1480 1230 1621 1265 Eutychen
1637 1235 1665 1258 et
1678 1231 1809 1259 Severum
1824 1237 1910 1267 atque

1113 1276 1261 1308 Soterium,
1276 1276 1459 1310 pronuntians
1476 1282 1587 1304 sanctas
1605 1281 1633 1304 et
1647 1277 1818 1305 universales
1837 1286 1906 1313 qua-

1112 1325 1175 1347 tuor
1193 1321 1322 1356 synodos.
1339 1320 1441 1348 Aderal.
1456 1325 1547 1348 autem
1563 1326 1590 1349 et
1605 1321 1739 1358 Hypatius
1757 1323 1829 1350 ﬁlius
1849 1324 1907 1350 fra-

1112 1367 1161 1394 tris
1181 1366 1363 1401 imperatoris,
1380 1374 1433 1394 non
1446 1368 1654 1395 communicatis
1665 1369 1779 1395 omnino
1792 1369 1908 1398 Severo.

1112 1411 1172 1444 llic,
1198 1420 1260 1439 cum
1281 1417 1345 1439 tunc
1365 1412 1583 1439 communicaret
1598 1412 1706 1446 Joanni,
1733 1413 1794 1440 auri
1823 1413 1909 1441 libras

1112 1462 1222 1486 centum
1240 1458 1315 1486 dedit
1335 1458 1364 1485 S.
1380 1458 1549 1491 Theodosio,
1564 1460 1609 1493 qui
1623 1464 1683 1486 erat
1695 1460 1833 1487 exercitus
1849 1467 1910 1487 mo-

1111 1505 1308 1537 nasteriorum,
1333 1505 1366 1531 ad
1384 1504 1605 1532 distribuendum
1624 1505 1676 1533 itas
1693 1505 1838 1533 monachis
1857 1507 1907 1541 qui

1110 1557 1191 1578 recta:
1219 1551 1279 1578 fidei
1308 1555 1387 1578 erant
1412 1555 1439 1578 et
1458 1550 1693 1580 Chalcedonensis
1713 1552 1822 1580 concilii
1846 1554 1908 1580 zelo

1112 1596 1262 1624 fervebant.
1288 1594 1445 1630 lmperator'
1460 1600 1552 1623 autem
1575 1597 1710 1631 quosdam
1742 1605 1776 1625 ex
1801 1598 1909 1633 princi-

1111 1642 1192 1678 pibus
1212 1642 1341 1677 praecepit
1369 1642 1396 1669 in
1417 1642 1520 1678 templo
1546 1642 1575 1670 S.
1598 1643 1735 1671 Theodori
1763 1643 1909 1678 Sphoracii

1110 1695 1193 1722 super
1214 1688 1358 1715 ambouem
1377 1687 1482 1722 trisagii
1507 1687 1724 1716 additamentum
1746 1689 1907 1723 admittere,

1111 1733 1149 1761 ita
1167 1737 1197 1760 nt
1215 1732 1406 1760 multitudines
1427 1733 1575 1767 indignata;
1594 1741 1642 1768 per
1659 1734 1732 1761 diem
1749 1734 1852 1762 litaniaa
1875 1735 1910 1762 il-

1111 1779 1167 1808 linc
1183 1779 1390 1814 egrederentur,
1409 1779 1521 1814 quando
1532 1784 1559 1806 et
1575 1779 1752 1808 Timotheum
1768 1789 1818 1816 per
1831 1789 1909 1809 com-

1111 1825 1289 1853 monitorium
1315 1825 1450 1861 scriptum
1472 1826 1601 1854 omnibus
1624 1826 1756 1854 Ecclesiis
1777 1828 1910 1862 praecepit

1110 1873 1254 1907 trisagium
1270 1872 1299 1899 in
1319 1872 1422 1899 litaniis
1444 1879 1506 1899 cum
1533 1872 1722 1900 additamento
1741 1873 1907 1908 dicendum,

1110 1918 1182 1952 quod
1197 1917 1272 1944 multi
1286 1921 1437 1944 metuentes
1454 1917 1588 1944 fecerunt.
1604 1918 1731 1946 Monaebi
1743 1927 1808 1946 vero
1821 1919 1907 1947 alium

1109 1961 1244 1996 psalmum
1267 1961 1410 1996 psallendo
1425 1966 1570 1989 venerunt.
1597 1961 1653 1990 llos
1673 1967 1764 1991 autem
1788 1966 1907 2000 populus

1109 2007 1204 2035 videns
1222 2008 1370 2035 clamavit:
1390 2017 1400 2034 ι
1423 2008 1495 2036 Bene
1511 2015 1635 2036 venerunt
1655 2010 1808 2043 orthodoxi,
1833 2020 1843 2037 ι
1869 2012 1908 2039 si-

1109 2054 1263 2089 multasque
1280 2055 1366 2082 multa
1381 2055 1455 2082 facta
1475 2059 1517 2083 est
1535 2061 1562 2083 et
1581 2056 1739 2084 incendiqu
1756 2057 1905 2085 domorum

1109 2100 1256 2126 multarunt
1276 2107 1307 2127 ae
1328 2101 1477 2128 homicidia
1494 2101 1565 2129 dena
1587 2102 1682 2134 millia,
1707 2103 1786 2130 turba
1801 2104 1907 2132 vocife-

1108 2151 1186 2174 rante
1203 2147 1335 2175 adversus
1348 2147 1526 2176 Anastasium
1549 2153 1576 2176 et
1590 2148 1760 2177 Vitalianum
1783 2150 1906 2186 impera-

1109 2197 1194 2221 torem
1211 2197 1328 2229 petente,
1352 2194 1388 2221 ita
1409 2199 1439 2222 ut
1458 2194 1564 2230 fugeret
1580 2195 1745 2224 Anastasius
1765 2201 1793 2224 et
1814 2198 1907 2226 latita-

1108 2244 1159 2273 ret,
1174 2240 1209 2267 ab
1227 2240 1341 2276 ipsaque
1355 2240 1480 2270 Areadne
1495 2242 1665 2270 laceraretur
1684 2243 1794 2279 injuriis
1809 2249 1907 2279 utpote

261 2279 343 2314 hujus
363 2288 572 2319 uxoremnqua:
590 2283 690 2311 mulier
709 2289 768 2311 erat
790 2290 887 2314 ornata
911 2291 936 2315 ct
955 2296 1055 2315 conce-
1071 2289 1095 2318 ι)
1109 2287 1255 2314 multorutn
1269 2295 1354 2315 causa
1368 2288 1502 2316 malorum
1518 2289 1684 2318 Christianis
1697 2290 1823 2319 ell'eetus.
1842 2293 1906 2319 Ala-

259 2326 357 2354 dendis
366 2327 507 2357 beneﬁciis
518 2337 632 2364 vacans,
647 2332 741 2359 multis
755 2332 906 2368 imperator
918 2336 1054 2370 angustiis

259 2374 420 2403 humiliabat
433 2380 463 2404 ut
473 2376 607 2406 zelatores
621 2379 717 2414 synodi
728 2383 755 2408 et
770 2387 818 2408 eos
832 2381 878 2416 qui
895 2381 1054 2412 Macedonio

259 2421 447 2456 largiebantur
466 2423 493 2450 in
518 2423 616 2452 exsilio
636 2433 699 2460 quae
721 2427 881 2455 necessaria
904 2435 993 2457 erant.
1019 2429 1053 2457 lli

259 2475 326 2495 vero
351 2469 399 2503 qui
421 2468 616 2498 Alexandriam
640 2473 719 2500 missi
742 2473 850 2501 fuerant
871 2482 885 2501 a
908 2474 1053 2504 Timotheo

258 2513 292 2540 ad
310 2513 442 2541 Joannem
462 2513 621 2549 Nicerotem,
640 2525 721 2552 super
738 2518 883 2546 ambouem
901 2519 1052 2549 Chalcedo-

257 2567 344 2588 nense
355 2561 621 2590 anathematizavere
638 2564 797 2592 concilium.
813 2564 946 2593 Defuncto
960 2571 1051 2594 autem

260 2606 416 2643 hegumeno
432 2608 594 2636 monasterii
614 2608 656 2637 Dii
673 2611 748 2638 venit
767 2610 929 2640 Timotheus
939 2613 1051 2641 ordina-

257 2657 335 2679 turus
349 2652 549 2688 hegumenum:
565 2655 589 2682 is
600 2660 691 2683 autem
702 2657 748 2692 qui
763 2659 966 2692 promovendus
980 2664 1050 2693 erat,

257 2697 326 2725 dixit
340 2706 369 2726 se
385 2706 439 2726 non
453 2704 649 2736 suscepturum
665 2702 883 2731 benedictionem
897 2712 911 2732 a
930 2706 989 2733 viro
1004 2705 1050 2740 qui

257 2743 508 2774 Chalcedonensem
532 2748 668 2783 synodum
690 2755 850 2784 sperneret.
868 2752 908 2778 Ad
931 2752 988 2779 haec
1004 2751 1051 2780 Ti-

256 2793 384 2821 motheus
416 2791 457 2821 ait
475 2804 482 2823 :
508 2795 658 2823 Anni/tenta
687 2798 760 2825 omni
777 2797 878 2826 homini
902 2798 1050 2826 Chalcedo-

259 2845 338 2865 nense
349 2847 402 2866 non
419 2841 575 2875 suscipienti
596 2843 749 2871 concilium.
779 2843 814 2871 Et
833 2849 890 2872 tum
916 2845 962 2873 ille
987 2852 1049 2880 pro-

259 2883 321 2908 vehi
338 2884 371 2911 ab
386 2885 445 2919 ipso
460 2888 599 2916 convertit.
623 2889 757 2917 Praeterea
771 2889 894 2919 Joannes
911 2891 1048 2918 archidia-

263 2934 350 2956 conus
363 2929 510 2966 Timothei,
535 2941 597 2963 cutn
614 2940 685 2964 esset
704 2935 871 2966 hiauit-lucus
882 2958 890 2971 ,
915 2937 1049 2967 conviciis

1107 2332 1241 2360 mundaro
1257 2338 1345 2361 autem
1367 2335 1493 2370 principe
1511 2334 1712 2364 Saracenorum
1735 2338 1827 2371 gentis
1853 2338 1906 2366 ba-

1106 2379 1218 2413 ptizato,
1241 2379 1359 2409 Severus
1376 2381 1447 2410 duos
1464 2382 1611 2417 episcopos
1632 2384 1738 2411 macula
1760 2392 1819 2412 sua:
1841 2393 1905 2420 pra-

1105 2425 1199 2453 vitatis
1216 2425 1333 2454 infectos
1354 2427 1455 2454 direxit
1475 2428 1500 2456 ei
1522 2429 1764 2457 communieandi:
1784 2429 1831 2457 Dei
1856 2439 1906 2458 an-

1106 2475 1160 2500 tem
1177 2473 1349 2508 providentia
1369 2474 1415 2501 ille
1433 2475 1467 2502 ab
1485 2475 1647 2503 orthodoxis
1667 2476 1824 2511 baptizatus
1846 2477 1905 2504 fue-

1105 2522 1165 2552 rat,
1190 2519 1237 2553 qui
1268 2521 1436 2555 recipiebant
1465 2522 1626 2550 concilium.
1654 2523 1779 2558 Cumque
1805 2523 1903 2551 Severi

1104 2565 1226 2600 episcopi
1254 2567 1416 2596 subvertere
1431 2569 1585 2604 principem
1602 2577 1617 2595 a
1631 2577 1698 2596 vero
1713 2570 1841 2605 dogmate
1866 2570 1904 2598 fe-

1104 2611 1250 2645 stinarent,
1269 2613 1434 2641 mirabiliter
1449 2623 1498 2642 eos
1515 2615 1606 2650 arguit
1627 2615 1834 2643 Alamundarus
1851 2617 1903 2644 hu-

1102 2658 1256 2694 juscemodi
1273 2659 1366 2687 fabula
1394 2660 1439 2687 Ait
1458 2661 1531 2689 enitn
1546 2662 1579 2688 ad
1601 2662 1663 2689 illos
1679 2671 1685 2688 :
1704 2670 1713 2687 α
1738 2661 1871 2694 Litteras,
1892 2672 1901 2688 ι

1103 2705 1203 2740 inquit,
1233 2715 1242 2731 ι
1275 2707 1363 2740 accepi
1387 2707 1475 2740 hodie,
1501 2708 1564 2742 quia
1585 2706 1701 2734 Michael
1724 2708 1904 2743 archangeli“

1103 2756 1223 2779 mortuus
1237 2757 1285 2780 est.
1306 2761 1315 2779 ι
1330 2753 1388 2781 Illis
1403 2761 1469 2781 vero
1480 2753 1636 2781 dicentibus
1661 2753 1714 2780 hoc
1730 2754 1904 2788 impossibile

1102 2803 1179 2830 fore,
1205 2798 1243 2825 ait
1271 2797 1421 2833 princeps:
1440 2797 1475 2825 Et
1504 2798 1635 2834 quomodo
1658 2798 1730 2825 Deus
1755 2800 1903 2826 secundum

1101 2851 1146 2871 vos
1164 2844 1249 2870 nudus
1262 2844 1407 2878 cruciﬁxus
1422 2849 1472 2878 est,
1489 2844 1543 2872 nisi
1561 2850 1719 2872 naturarum
1743 2850 1812 2872 esset
1837 2845 1903 2871 dua-

1102 2898 1161 2917 rum
1173 2889 1306 2923 Christus,
1321 2890 1535 2926 quandoquidem
1561 2900 1607 2918 nec
1628 2893 1740 2926 angelus
1765 2892 1902 2918 tnuritur.’

1101 2937 1135 2965 Et
1151 2938 1190 2966 ita
1202 2946 1265 2966 cum
1282 2938 1445 2967 conlusiom:
1459 2937 1552 2967 Severi
1569 2943 1745 2967 recesserunt
1762 2938 1898 2974 episcopi.
