2035 3153
114 151 184 183 illi!)

524 149 709 182 HISTORIA
724 148 1014 179 ECCLESIASTICA
1029 148 1081 179 EX
1096 149 1339 182 THEOPHANE.

1674 154 1743 188 1250

112 210 199 238 Porro
221 207 347 236 Cabades
372 207 507 243 quosdam
532 207 706 236 Christianos
719 227 728 241 ,
754 207 802 242 qui
827 210 906 233 erant
922 209 942 235 Α
958 205 1123 234 Theodorus
1141 212 1232 235 autent
1252 208 1362 242 quidam
1377 217 1408 236 ex
1424 210 1466 237 his
1482 211 1528 245 qui
1543 219 1605 239 cum
1624 219 1657 240 eo
1666 217 1745 241 erant

112 253 141 280 in
161 251 290 285 Perside,
309 252 411 287 poplite
424 252 583 284 enervavit,
600 252 649 288 qui
666 256 759 280 tamen
779 256 902 281 postmo-

111 300 178 326 dum
191 298 414 326 ambulaverunt.

148 342 286 371 \‘iccsitno
302 343 383 372 tertio
399 344 506 379 imperii
517 344 655 372 Anastasii
670 351 743 372 anno
755 342 903 371 liormisda

113 386 184 424 pap‘a
196 389 339 417 Romanus
350 389 521 424 pontificium
537 390 616 426 gerit.
631 389 787 418 Vitalianus
799 393 902 422 autem,

113 443 197 474 quem
214 435 332 470 populus
363 435 558 471 imperatorem
588 436 770 472 expetiveral,
791 439 904 471 accepta

114 485 172 507 tota
188 480 318 513 Thracia,
334 480 448 516 Scythia
463 486 492 509 et
520 481 617 517 Mysia,
634 480 769 516 Vulgares
798 479 904 507 habens

113 535 208 555 secum
221 532 248 555 ct
256 527 461 555 multitudinem
474 527 648 561 Hunnorum,
657 528 730 563 cepit
739 526 905 555 Anchialum

114 578 142 601 et
160 573 364 609 Odyssopolim.
385 573 599 609 Comprehendit
611 578 702 601 autem
721 576 749 600 et
770 572 904 608 Cyrillum

115 620 279 655 magistrum
301 619 418 646 militum
445 619 582 652 Thracia,
606 623 634 647 et
659 619 785 654 pervenit
799 618 905 654 praedas

117 665 238 701 gerendo
261 672 349 700 usque
372 665 677 701 Byzantium,parcens
705 672 770 693 vero
800 664 905 692 civitati

117 710 189 746 apud
213 711 390 738 Sostltenium
408 716 500 739 castra
529 715 648 739 metatus
669 717 721 738 est.
739 711 906 739 Anastasius

118 761 209 784 autem
228 756 422 792 desperatione
447 761 642 785 consternatus
658 758 742 785 mittit
758 765 791 785 ex
808 761 906 785 senatu

118 802 265 837 quosdam,
285 810 394 839 rogans
407 810 470 830 eum
486 803 588 837 pacisci
603 807 631 830 et
644 803 740 837 jurare
770 810 824 829 una
842 809 905 829 cum

117 851 228 880 senatu,
244 847 319 883 quod
344 848 378 875 ab
398 847 497 875 exsilio
513 848 658 883 episcopos
675 850 817 876 revocaret
833 847 905 882 apud

118 894 273 921 Heracliam
303 893 428 921 Thracae.
459 894 545 922 Porro
569 892 723 922 Vitalianus
748 894 854 921 addidit
876 899 906 921 ut

117 942 144 966 et
155 938 293 974 principes
315 938 533 973 uniuscujusque
549 938 651 966 schola:
663 939 790 974 jurarent
812 938 905 972 istud;

117 984 166 1012 sed
181 988 210 1012 et
219 985 398 1013 Macedonius
409 989 436 1013 et
450 985 608 1019 Flavianus,
635 986 681 1021 qui
694 986 821 1021 nequiter
836 985 907 1021 pulsi

118 1030 240 1064 fuerant,
256 1039 322 1059 suos
338 1032 494 1067 reciperent
509 1032 635 1065 thronos,
664 1032 792 1060 similiter
816 1036 843 1059 et
864 1039 906 1059 re-

118 1077 186 1112 liqui
215 1084 310 1105 omues
320 1077 452 1112 episcopi,
467 1081 494 1105 et
516 1078 555 1105 ita
572 1078 760 1106 celebraretur
772 1077 905 1114 synodus,

118 1122 243 1150 Romano
266 1126 294 1150 et
310 1123 418 1151 cunctis
443 1123 581 1159 episcopis
608 1124 853 1155 convenientibus,
879 1128 907 1151 et

118 1167 264 1195 communi
280 1168 385 1203 jttdicio
402 1169 586 1204 probarentur
614 1176 676 1204 qua!
701 1168 835 1197 adversus
859 1176 907 1196 or-

119 1213 254 1242 thodoxos
266 1218 331 1242 sunt
352 1218 530 1249 praesumpta.
556 1215 652 1250 itaque
665 1223 727 1242 cum
740 1215 798 1242 haec
819 1215 907 1250 impe-

119 1265 205 1295 rator,
222 1264 337 1288 senatus
347 1265 375 1288 et
393 1261 491 1296 reliqui
505 1261 646 1297 principes
661 1261 810 1297 populique
822 1261 905 1290 iuras-

118 1313 182 1337 sent
199 1312 226 1336 et
243 1308 451 1336 confirmassent
476 1308 514 1336 ita
537 1308 656 1336 ﬂendum
685 1309 753 1344 (ei),
778 1309 852 1336 facta
867 1313 910 1336 est

119 1362 185 1390 pax,
195 1359 223 1382 et
236 1354 269 1382 ad
285 1354 395 1389 propria
412 1353 503 1381 rediit.
524 1354 672 1382 ﬂormisda
688 1362 754 1382 vero
767 1353 909 1383 Romanus

118 1399 281 1435 episcopus,
299 1400 434 1427 molestiis
459 1400 590 1435 fatigatus
608 1408 623 1427 a
640 1400 815 1428 Tlteodorico
832 1399 910 1427 Vita-

120 1446 195 1473 liano
210 1446 329 1478 favente,
346 1445 504 1473 Ennodium
529 1446 689 1481 episcopum
703 1446 777 1474 misit
793 1449 821 1474 et
832 1445 910 1473 Vita-

120 1493 225 1520 lianum
244 1492 469 1520 archidiaconutn
493 1492 527 1519 ad
542 1492 693 1532 _synodum
718 1492 909 1520 celebrandam

955 253 1093 280 viditcttm
1107 254 1251 282 insomnis
1264 255 1315 282 sibi
1325 255 1460 283 dicentem
1472 266 1477 283 :
1493 256 1633 291 Excipe,et
1651 259 1743 286 abiens

954 299 1009 333 lege
1015 300 1169 332 Anastasio,
1175 306 1200 328 et
1208 301 1250 327 die
1256 308 1265 326 .‘
1275 303 1330 336 Ego
1339 302 1444 335 quidem
1453 303 1518 330 vado
1527 304 1561 330 ad
1567 309 1655 338 patres
1662 314 1744 339 utens,

955 352 1066 378 quarunt
1078 346 1158 379 [idem
1169 347 1282 380 servavi,
1293 355 1345 373 non
1369 348 1476 374 cessabo
1487 353 1573 375 autent
1599 350 1744 378 increscens

957 389 1079 421 Domino.
1088 399 1220 426 usquequo
1233 393 1320 419 venias
1331 398 1356 420 et
1367 394 1537 428 injudicinm
1552 395 1744 429 ingrediantur.

955 435 1055 463 Eodem
1066 443 1137 463 anno
1146 438 1266 465 Alexand
1272 439 1318 466 ria;
1327 440 1404 467 mu‘lti
1415 440 1465 467 viri
1473 444 1500 468 et
1511 441 1639 469 mulieres
1646 447 1673 468 et
1684 450 1747 477 pue.

956 481 979 508 ri
992 484 1122 510 atrociter
1131 490 1145 509 a
1158 484 1327 513 daemonibus
1336 486 1442 513 obsessi
1461 491 1573 521 repente
1598 488 1744 516 latrahant.

956 527 983 554 In
995 530 1099 556 somnis
1113 535 1203 557 autem
1218 531 1329 565 quidam
1347 532 1416 560 vidit
1432 533 1579 567 quemdam
1609 534 1744 562 dicentem

956 576 1018 610 quia
1049 581 1161 612 propter
1191 578 1436 606 anathematismos
1466 579 1564 615 synodi
1604 581 1747 615 patiuntur

957 622 1020 649 ista.
1034 622 1118 650 Porro
1134 624 1258 651 monachi
1274 627 1356 652 eremi
1371 625 1429 652 zelo
1440 626 1533 652 divino
1542 626 1748 661 moti,quatuor

956 671 1172 697 contestationes
1196 675 1405 705 componentes,
1419 670 1488 699 duas
1502 671 1613 706 quidem
1641 679 1674 699 ex
1702 672 1746 699 his

958 714 1058 741 tuisero
1070 715 1240 750 imperatori,
1251 724 1332 743 unam
1349 723 1414 743 vero
1424 717 1596 752 principibus
1622 717 1746 752 regionis

957 763 983 786 et
998 768 1081 787 unam
1092 761 1224 797 episcopo
1254 762 1504 798 llierosolymitano
1527 762 1637 795 Joanni,
1653 767 1746 798 prote-

958 810 1061 833 stantes
1076 814 1164 840 ncque
1174 811 1297 834 sanctam
1307 815 1336 834 se
1347 807 1599 835 Chalcedonensem
1609 808 1745 843 synodum

957 852 1186 885 pratvaricaturos
1202 861 1291 887 neque
1305 853 1389 889 impio
1407 854 1508 882 Severo
1527 854 1746 881 communicatu-

960 902 1014 927 ros,
1027 897 1092 930 quin
1108 900 1135 923 et
1152 905 1182 924 se
1195 901 1346 932 promptam
1376 898 1477 926 habere
1494 903 1620 930 mortem,
1651 900 1745 926 incen-

959 941 1054 968 dentes
1066 947 1093 968 ct
1104 946 1199 970 sancta
1211 943 1281 970 loca.
1290 943 1362 972 Sane
1370 944 1608 972 Thessalonicensi
1618 945 1747 980 episcopo

958 988 1179 1016 communicante
1209 989 1244 1016 ob
1263 995 1364 1017 metum
1398 991 1571 1025 imperatoris
1605 992 1749 1020 Timotheo

958 1032 1265 1069 Constantinopolitano
1277 1035 1417 1070 episcopo,
1435 1037 1616 1072 quadraginta
1626 1039 1748 1074 episcopi

960 1078 1059 1113 Illyrici
1072 1079 1215 1107 etGra-cia:
1226 1082 1420 1110 convenientes
1433 1083 1459 1109 in
1473 1091 1555 1110 unutn
1573 1091 1623 1119 per
1642 1084 1749 1119 profes-

960 1125 1064 1152 sionem
1072 1126 1099 1153 in
1111 1127 1222 1162 scriplis
1233 1127 1344 1160 factata,
1355 1132 1407 1156 uta
1416 1130 1526 1164 proprio
1536 1131 1749 1165 metropolitano

958 1170 1111 1199 discessere
1128 1172 1162 1199 ab
1169 1178 1251 1206 eo;ct
1260 1173 1374 1201 Romam
1392 1175 1530 1203 mittentes
1543 1175 1666 1204 Romano
1676 1184 1750 1204 com-

960 1217 1100 1244 municare
1109 1218 1255 1253 inscriptis
1264 1219 1379 1254 professi
1395 1226 1469 1247 sunt.
1480 1220 1646 1256 Episcopum
1658 1227 1748 1250 autem

960 1262 1232 1291 Thessalonicensem
1242 1264 1403 1293 Theodorus
1410 1266 1558 1295 historicus
1564 1268 1750 1303 patriar-chain

962 1308 1084 1335 nominat
1103 1309 1337 1341 irrationabiliter,
1356 1312 1481 1339 nesciens
1496 1321 1547 1347 qua
1562 1322 1612 1348 pro
1626 1322 1721 1341 causa.

997 1354 1134 1382 Vicesimo
1144 1356 1249 1390 itnperii
1262 1356 1399 1384 Anastasii
1409 1365 1492 1389 anno,
1505 1358 1610 1387 Joanne
1629 1359 1749 1388 Nicmote

961 1400 1148 1427 Alexandrino
1161 1401 1285 1429 antistite
1310 1403 1440 1430 hatretico
1462 1409 1582 1437 mortuo,
1601 1404 1751 1433 Dioscorus

960 1446 1063 1480 junior,
1078 1446 1215 1474 Timothei
1244 1447 1337 1475 ileluri
1353 1449 1548 1482 consobrinus,
1564 1451 1695 1485 praelatus
1709 1455 1753 1481 est

962 1492 1109 1527 episcoptts
1132 1492 1318 1521 Alexandriat.
1345 1494 1413 1522 Cum
1438 1500 1530 1523 autem
1549 1497 1671 1524 venisset
1699 1496 1753 1533 By-

119 1538 192 1573 apud
211 1537 376 1565 Heracliam.
406 1537 513 1566 Venere
528 1543 619 1566 autem
637 1544 664 1566 ct
690 1538 813 1574 episcopi
826 1546 858 1566 ex
870 1538 910 1565 di-
926 1552 947 1580 ο
965 1540 1096 1573 zantium,
1114 1548 1162 1576 pro
1188 1541 1383 1570 Alexandrinis
1399 1544 1469 1578 apud
1495 1545 1688 1579 imperatorem
1712 1546 1753 1573 in-

120 1584 210 1611 versis
228 1584 297 1611 locis
321 1584 378 1612 fere
391 1583 515 1617 ducenti,
531 1584 578 1618 qui
602 1584 675 1612 illusi
689 1584 724 1612 ab
740 1585 836 1620 iniquo
860 1585 912 1612 im-

121 1636 248 1666 peratore
275 1639 307 1659 ac
332 1631 479 1659 Timotheo
513 1632 644 1667 episeopo
677 1632 911 1668 Constantinopo-

122 1679 209 1706 litano
236 1686 377 1707 recessere
396 1678 563 1707 inefficaces.
601 1678 704 1714 Impius
726 1679 836 1714 quidem
860 1679 912 1706 im-

121 1727 235 1759 perator
280 1728 360 1759 pacta
403 1724 610 1759 transgrediens
663 1724 733 1751 clam
774 1724 912 1751 intimavit

123 1770 249 1797 Romano
263 1776 342 1804 papa:
355 1776 390 1796 ne
405 1769 530 1797 veniret:
554 1768 668 1796 miserat
685 1767 758 1795 enim
775 1766 913 1795 Vitaliano

123 1823 230 1844 sacram
254 1823 310 1850 quo
337 1816 537 1843 transmitteret
564 1822 624 1843 eam
649 1814 776 1846 Romam,
803 1818 832 1841 ut
844 1819 913 1849 papa

123 1862 347 1897 proficisceretur
362 1861 396 1889 ad
410 1861 603 1888 celebrandam
620 1860 852 1895 apudlleracliam
866 1867 913 1895 sy-

124 1908 240 1937 nodum.
268 1907 366 1936 Omnis
388 1911 481 1935 autem
505 1907 624 1943 populus
637 1912 721 1942 atque
747 1912 862 1935 senatus
886 1907 914 1934 in

123 1954 271 1989 praesentia
285 1953 468 1982 tnaledicehat
486 1953 634 1982 Anastasio
646 1958 777 1988 tanquam
790 1952 913 1988 perjuro.

124 2000 216 2028 Porro
233 1998 561 2034 Vitalianusindignatus
582 1999 713 2026 adversus
735 1997 913 2025 Anastasium

125 2044 161 2071 ob
178 2043 331 2078 perjurium
345 2042 431 2069 multa
455 2043 526 2070 mala
542 2042 711 2071 exercitibus
731 2043 872 2070 Anastasii
888 2046 915 2069 et

125 2089 239 2125 reliqum
250 2089 289 2116 rei
304 2089 419 2124 publica:
427 2088 636 2120 demonstravit,
645 2088 916 2123 occidens,rapiens,

124 2135 210 2163 armis
229 2142 345 2165 exuens,
364 2138 391 2161 et
402 2138 541 2168 postremo
549 2134 582 2161 ad
593 2134 722 2169 injuriatn
734 2133 794 2169 ejus
815 2142 916 2162 unum-

124 2188 264 2216 quemque
281 2180 396 2207 militem
409 2188 464 2207 uno
476 2187 548 2207 aereo
568 2187 681 2207 nummo
693 2180 828 2209 vendens.

964 1590 1138 1614 tercessurus
1166 1592 1279 1622 propter
1299 1589 1473 1616 occasionem
1487 1590 1532 1616 lilii
1549 1590 1676 1625 Calliopii
1693 1594 1752 1618 An~

963 1632 1090 1665 gustalis,
1110 1632 1143 1659 ab
1160 1633 1323 1660 orthodoxis
1335 1634 1444 1668 publice
1458 1636 1593 1663 conviciis
1606 1637 1754 1671 appeteba-

964 1680 1018 1708 tur,
1036 1684 1098 1703 cum
1118 1677 1290 1712 procederet,
1323 1679 1547 1707 existimantibus
1566 1689 1627 1708 eum
1655 1687 1753 1709 contra

964 1727 1038 1750 recta
1052 1723 1181 1758 dogmata
1209 1724 1366 1751 advenisse.
1391 1726 1461 1759 Ergo
1487 1734 1548 1753 cum
1575 1727 1610 1753 oh
1637 1727 1753 1754 homici-

964 1768 1038 1795 dium
1068 1769 1291 1801 intcrcessissct,
1323 1778 1384 1797 cttm
1416 1770 1593 1798 festinatione
1613 1772 1752 1799 discchit.

965 1813 1053 1840 Causa
1068 1821 1131 1840 vero
1145 1814 1228 1849 credis
1248 1814 1298 1841 ista
1316 1814 1376 1842 fttit.
1399 1815 1467 1842 Cum
1497 1815 1644 1844 Dioscorus
1656 1825 1755 1845 tnanus

965 1860 1167 1892 impositionem
1197 1860 1359 1895 accepisset,
1388 1869 1530 1889 recessere
1558 1863 1751 1893 multitudines

966 1906 1146 1938 rustieorutn,
1174 1906 1298 1934 dicentes
1329 1907 1394 1942 quia
1422 1908 1475 1934 nisi
1503 1909 1654 1936 secundum
1682 1910 1755 1945 quod

966 1956 1123 1978 sanctorum
1153 1952 1298 1979 continent
1323 1953 1512 1987 apostolorum
1542 1961 1663 1982 canones
1697 1956 1754 1988 fiat,

967 2005 1021 2025 non
1052 1998 1202 2032 recipietur
1222 1999 1387 2034 episcopus:
1415 2000 1543 2034 princeps
1559 2001 1630 2027 enim
1650 2001 1757 2029 intbro-

967 2044 1106 2071 nizaverat
1125 2052 1197 2072 cum.
1229 2044 1377 2072 Dioscorus
1391 2050 1482 2073 autem
1500 2048 1573 2074 venit
1588 2048 1621 2074 ad
1641 2046 1670 2074 S.
1687 2047 1757 2074 Mar-

968 2096 1042 2121 eum,
1063 2093 1091 2116 ct
1104 2090 1244 2117 venientes
1259 2091 1350 2117 clerici
1366 2091 1515 2118 induerunt
1541 2100 1602 2119 eum
1620 2092 1756 2125 secundo,

967 2140 994 2163 et
1010 2136 1108 2163 iterutn
1133 2142 1376 2165 consecraverunt.
1415 2137 1448 2164 Et
1466 2138 1503 2165 ita
1524 2139 1638 2166 veniens
1663 2139 1696 2166 ad
1726 2140 1756 2166 S.

968 2183 1101 2211 Joannem
1128 2184 1244 2219 perfecit
1262 2184 1418 2212 collectam.
1454 2184 1522 2211 Cum
1560 2189 1650 2211 autem
1683 2189 1758 2212 esset

160 2227 253 2255 Mundi
265 2233 337 2254 anno
354 2225 434 2258 6008,
450 2225 551 2254 divinae
562 2226 761 2254 incarnationis
770 2234 842 2255 anno
851 2226 914 2260 508,
928 2220 954 2250 D
969 2231 1023 2258 illic
1040 2231 1216 2258 Theodosius
1233 2231 1307 2259 ﬁlius
1322 2231 1449 2265 Calliopii
1467 2231 1626 2265 Augustalis
1649 2235 1676 2259 et
1690 2232 1759 2258 Aca-

127 2274 232 2307 llunni,
248 2273 295 2309 qui
323 2272 454 2302 dicuntur
469 2272 567 2306 Saber,
596 2276 772 2302 transeuntes
797 2272 914 2308 Caspias

124 2325 234 2356 portas,
243 2321 400 2349 Armeniam
410 2319 654 2355 etCappadociam,
664 2319 798 2347 Galatiam
810 2325 837 2348 et
845 2319 918 2347 Pon-

125 2373 185 2395 tum
211 2366 368 2402 depopulati
405 2369 481 2397 sunt,
506 2365 542 2392 ita
560 2369 590 2392 ut
617 2364 780 2393 Eucltaitam
806 2373 917 2401 quoque

124 2412 320 2450 pervaderent.
334 2411 413 2439 Unde
429 2415 457 2438 et
476 2410 583 2445 fugiens
613 2410 802 2443 Macedonius,
817 2419 916 2446 prope-

125 2461 240 2490 modum
255 2460 470 2496 periclitaturus,
490 2459 612 2485 salvatus
628 2461 671 2485 est
687 2457 759 2493 apud
779 2458 914 2494 Gangras.

123 2508 189 2542 Quo
215 2511 358 2542 comperto
375 2504 540 2533 Anastasius
565 2511 657 2531 amare
672 2504 730 2531 illic
745 2512 809 2532 eum
824 2510 917 2533 custo-

123 2554 181 2583 diri
200 2551 476 2588 praacepit,'tnittens,
489 2554 519 2577 ut
532 2549 619 2581 aiunt,
631 2548 678 2584 qui
690 2556 752 2576 ettm
769 2549 917 2579 occideret.

124 2600 279 2629 Defunctus
306 2601 397 2625 autem
423 2596 496 2632 apud
532 2595 656 2631 Gangras
684 2596 792 2631 positus
820 2601 863 2625 est
891 2597 919 2625 in

124 2645 231 2681 templo
251 2643 339 2672 sancti
353 2642 481 2677 Martyris
489 2640 613 2669 Callinici
622 2640 700 2676 juxta
708 2640 839 2676 reliquias
848 2642 919 2677 ejus,

126 2691 232 2720 multas
246 2689 380 2717 sanitates
393 2687 529 2720 eniciens;
552 2687 599 2722 qui
615 2693 678 2714 cum
694 2687 829 2714 exanimis
842 2687 921 2723 jace-

127 2744 179 2772 rct,
209 2744 294 2765 manu
319 2735 408 2763 fertur
430 2742 460 2762 se
486 2733 629 2770 signaculo
654 2732 748 2761 crucis
782 2733 919 2768 signasse.

968 2277 1027 2304 cius
1043 2277 1176 2310 magister
1199 2277 1329 2307 militum,
1344 2276 1432 2303 turba:
1446 2276 1563 2302 tut'batzc
1587 2283 1695 2310 cmpere
1714 2277 1758 2303 in—

965 2323 1047 2357 juriis
1065 2323 1170 2349 allicere
1183 2322 1386 2357 Augustalium,
1400 2329 1431 2348 eo
1441 2321 1514 2355 quod
1530 2321 1655 2348 laudaret
1673 2322 1758 2356 impc-

968 2374 1088 2397 ratorcm
1113 2369 1299 2396 Anastasium.
1338 2368 1406 2394 Cum
1421 2375 1486 2394 vero
1503 2367 1626 2402 jurgium
1652 2374 1756 2396 motum

971 2415 1080 2447 fuisset,
1096 2414 1249 2441 insilientes
1263 2413 1373 2448 quidam
1389 2420 1404 2439 a
1417 2413 1484 2440 sede
1498 2413 1583 2440 lilintn
1598 2413 1758 2449 Augustalis

970 2461 1167 2495 deposuerunt,
1187 2464 1213 2487 et
1231 2460 1431 2486 interemerunt
1447 2464 1532 2487 eum.”
1550 2459 1583 2487 At
1598 2467 1663 2487 vero
1686 2460 1758 2487 Aca-

970 2508 1030 2534 cius
1055 2507 1185 2541 magister
1213 2507 1344 2539 militum,
1371 2510 1509 2543 quotquot
1535 2514 1635 2541 capere
1657 2507 1757 2541 potttit,

971 2550 1119 2579 interfecit.
1150 2552 1214 2578 llrcc
1242 2550 1358 2578 audiens
1376 2551 1526 2585 imperator
1541 2551 1628 2579 iratus
1644 2555 1686 2579 est
1710 2551 1759 2579 ad-

970 2605 1066 2626 versus
1083 2605 1142 2625 eos.
1173 2596 1258 2624 Porro
1274 2597 1425 2624 Dioscorus
1442 2597 1625 2624 interveniens
1650 2597 1759 2632 mitiga-

970 2644 1009 2671 vit
1023 2651 1097 2671 cum.
1130 2643 1203 2670 Inter
1220 2642 1302 2670 Indos
1326 2650 1392 2670 vero
1409 2647 1436 2670 et
1449 2641 1549 2670 Persas
1574 2646 1696 2669 castrum
1715 2646 1759 2670 est

970 2690 1083 2717 nomine
1098 2689 1254 2720 Zubdaber,
1268 2688 1314 2715 ubi
1342 2688 1444 2715 multas
1457 2687 1589 2722 pecunias
1609 2691 1636 2715 et
1653 2687 1758 2722 lapides

971 2736 1107 2770 pretiosos
1140 2742 1201 2762 esse
1224 2734 1347 2762 Cabades
1368 2741 1414 2761 rex
1444 2733 1591 2761 Persarum
1619 2733 1757 2768 ediscens,

879 2791 997 2820 NOTAE.

166 2843 392 2881 (2|)4Fiendum.
418 2840 604 2881 Flodoardus‘
621 2839 693 2881 Ιιξδι.
721 2838 794 2881 item.
816 2847 851 2881 ιζ,
863 2840 915 2867 15:
939 2850 948 2867 ι
969 2841 1158 2878 Fiendumque
1172 2848 1201 2870 se
1220 2839 1408 2875 Christianum
1426 2838 1557 2868 vovisset.
1578 2848 1587 2865 ι
1610 2838 1676 2868 Vide
1690 2838 1761 2868 Vola

128 2875 202 2910 sitim
216 2875 262 2908 ὀε
277 2880 348 2907 vitiis
371 2877 510 2909 sermonis,
527 2876 554 2909 4,
572 2876 616 2909 50,
633 2875 706 2903 circa
723 2875 815 2903 linem.
832 2875 913 2903 Fann.
