2035 3153
279 164 348 198 1⁵251

277 223 417 260 qumrebat
427 222 479 249 hoc
495 215 737 253 comprehendere.
753 212 894 238 Damnones
909 213 999 236 autem
1016 207 1077 234 loco
1092 209 1114 236 Α

282 255 435 299 insidentes
458 264 642 301 prohibebant
664 261 738 288 illum
760 257 881 293 aggredi.
909 255 990 282 Omni
1011 260 1077 288 ergo

284 322 358 345 mota
384 300 584 347 cxcoéitationc
609 313 751 342 magorum
778 310 902 334 suorum,
926 300 1079 334 deindeqne

281 362 437 390 Jndmornm
456 345 576 385 consilio
597 353 758 381 frustratus.
785 348 902 377 credidit
918 354 967 382 per
983 345 1080 373 oralio-

283 415 344 434 nem
367 403 598 434 Christianorum,
610 406 670 435 qua:
678 398 707 424 fit
718 397 750 424 ad
767 395 863 428 Deum,
879 393 943 420 huic
957 391 1079 418 domina-

286 457 308 482 ri
321 464 328 488 ;
339 460 367 482 ct
377 454 535 488 episcopum
550 448 694 485 quemdam
707 443 937 473 Christianorum,
947 440 992 476 qui
1010 438 1080 473 apud

284 502 383 528 Persas
393 487 481 530 erant,
495 504 577 531 super
585 496 636 522 hoc
659 493 824 527 deprecatus
833 493 886 516 est.
897 487 949 520 Qui
962 487 1076 513 collecta

288 547 426 574 celebrata
437 544 593 571 divinorqu
603 539 798 575 mysteriorum
806 534 986 570 participatus
993 534 1045 562 est,
1056 533 1083 556 et

288 591 422 620 accedens
440 589 475 616 ad
508 589 597 615 locant
610 586 759 616 daemones,
778 581 825 616 qui
844 580 883 607 illi
898 579 1016 608 inerant,
1038 583 1082 610 pe-

289 638 367 673 pulit,
381 641 407 664 et
421 633 581 663 sinclabore
593 635 712 659 castrum
722 626 825 656 Gabadi
846 623 968 652 tradidit.
979 622 1082 655 Stupe-

292 668 382 710 factus
402 685 492 708 autem
509 686 591 713 super
606 677 659 703 hoc
685 675 765 709 signo
781 670 905 700 Cabadcs
930 668 1017 703 prima
1038 674 1085 692 ea-

286 729 387 756 thedra
405 711 566 761 episcopum
593 720 748 752 honoravit,
764 725 825 746 cum
850 722 939 750 usque
956 713 989 740 ad
1016 711 1083 739 illud

292 780 403 810 tempus
420 770 563 800 Manichaei
578 773 660 803 atque
674 766 758 794 Judaei
778 762 974 798 pratsiderent;
1003 765 1084 794 porro

291 820 449 850 volentibus
466 816 598 853 baptilari
615 814 753 843 licentiam
769 810 894 847 praebuit.

332 865 470 894 Vicesimo
495 852 613 898 septimo
652 858 761 895 imperii
793 854 934 884 Anastasii
953 860 1025 880 anno
1045 852 1088 879 vi-

294 908 335 941 dit
375 911 449 939 idem
487 909 642 944 imperator
677 906 704 933 in
747 904 807 932 visu
841 903 931 929 virum
973 898 1086 926 terribi-

301 960 368 991 lem,
393 959 548 993 portantem
575 953 719 984 codicem;
738 950 784 985 qui
812 949 886 975 hunc
905 946 1044 982 aperiens,
1062 947 1089 970 et

289 992 443 1031 inveniens
460 1007 560 1028 nomen
589 997 777 1033 imperatoris,
792 994 860 1022 dicit
875 993 918 1021 ei:
944 992 1010 1019 Ecce
1026 997 1088 1024 pra-

297 1056 354 1084 pler
371 1047 473 1075 malam
493 1046 574 1082 ﬁdem
589 1049 663 1071 tuam
675 1042 750 1070 deleo
767 1038 979 1077 quatuordecint,
996 1039 1024 1064 et
1040 1035 1089 1063 de-

301 1082 366 1123 lcvit
381 1102 439 1122 eos.
455 1091 671 1128 Expergefactus
692 1092 796 1120 autem,
811 1090 839 1114 et
864 1085 1000 1112 advocato
1016 1082 1091 1109 Atla-

301 1143 406 1169 mantio
422 1139 582 1175 praeposito,
601 1136 672 1164 dixit
691 1134 715 1162 ei
736 1134 881 1161 visionem.
910 1131 941 1157 Et
959 1138 1015 1165 ego,
1035 1129 1092 1160 ait,

302 1188 356 1215 ridi
368 1187 423 1214 lucc
439 1187 491 1213 ista
507 1187 592 1216 nocte,
608 1183 669 1218 quia
693 1179 829 1208 assistenti
845 1177 909 1204 mihi
928 1175 1036 1210 imperio
1051 1179 1094 1201 tua

303 1241 397 1268 porcus
410 1239 521 1267 magnus
532 1229 674 1261 veniens,et
686 1225 873 1260 comprehensa
886 1226 1015 1258 prwtexta
1027 1228 1096 1252 mea,

303 1279 415 1315 projecit
439 1286 479 1304 me
495 1277 522 1303 in
539 1281 638 1302 terram
653 1278 676 1300 et
695 1270 840 1299 interemit.
855 1269 1015 1296 Convocalo
1030 1271 1097 1299 ergo

307 1311 426 1352 i’rdculo
438 1323 595 1358 coniectore
616 1319 671 1355 (2%)
687 1317 773 1345 edixit
787 1316 812 1343 ei
826 1322 887 1350 qua:
901 1314 1012 1340 fuerant
1028 1311 1098 1344 visa;

308 1372 354 1407 qui
376 1370 448 1406 quod
463 1369 544 1396 ambo
561 1367 649 1394 forent
664 1368 725 1400 post
738 1362 878 1398 paululum
890 1358 1016 1387 morituri
1030 1364 1101 1393 prae-

308 1405 390 1445 dixit.
407 1415 552 1444 Timotheo
580 1421 646 1441 vero
672 1407 951 1443 ConstantinopoleOs
972 1405 1102 1440 episcopo

306 1469 428 1495 mortuo,
447 1461 582 1490 Joannem
602 1458 790 1494 Cappadocem
806 1456 968 1490 episcopum
983 1455 1010 1479 et
1035 1458 1101 1486 syn-

311 1511 411 1537 cellum
442 1506 725 1540 Constantinopoleos
749 1503 908 1537 episcopum
926 1501 1100 1526 creaverunt.

827 149 1028 181 ANASTASU
1057 142 1374 178 BlBLlOTlIECARII

1850 130 1924 163 12ὓῖ

1129 207 1309 232 consecratus
1326 206 1367 228 est
1399 198 1560 228 Antiochia,
1579 199 1605 224 et
1621 193 1734 222 donavit
1767 192 1922 226 imperator

1129 250 1235 278 civitati
1251 246 1427 275 Antiochente
1441 244 1515 271 tnltle
1531 243 1616 270 libras
1633 239 1704 267 auri.
1723 237 1776 265 Sed
1802 241 1829 263 el
1844 239 1925 262 caete-

1130 297 1168 324 ris
1183 295 1299 322 urbibus
1313 290 1530 321 benevolentiam
1545 286 1686 323 praestitit,
1703 283 1831 311 inhibens
1853 287 1926 316 quo-

1131 350 1183 377 quc
1202 346 1229 368 ct
1244 338 1368 374 publicas
1382 334 1616 373 perturbationes.
1638 330 1772 359 Xenaiam
1787 334 1865 358 vero,
1875 326 1925 361 qui

1126 374 1157 415 et
1188 387 1354 414 Philoxenus
1379 383 1531 413 dicebatur,
1556 379 1716 415 episcopum
1735 374 1928 409 Hicrapoleos,

1132 442 1194 461 cum
1222 436 1295 461 esset
1320 430 1496 462 Maniclmus,
1513 432 1540 456 et
1572 426 1683 454 Petrum
1708 423 1832 459 Apamia:
1861 427 1926 448 cum

1132 479 1262 508 Omnibus
1278 476 1366 512 ipsius
1382 473 1496 502 macula:
1511 471 1696 508 participibus
1710 468 1810 495 exsilio
1822 467 1930 501 relega-

1133 525 1182 551 vit.
1199 511 1347 551 Revocavit
1365 525 1455 548 autem
1474 526 1571 546 omnes
1595 518 1732 552 quotquot
1746 514 1848 549 injuste
1867 511 1927 538 fne-

1135 575 1197 596 rant
1226 569 1261 596 ab
1276 567 1423 595 Anastasio
1437 565 1547 593 exsules
1572 561 1729 590 constituti.
1748 559 1802 587 Sed
1819 563 1847 586 et
1876 558 1931 591 Ap-

1136 618 1244 651 pionem
1277 614 1435 649 patricium,
1462 618 1544 646 quem
1576 609 1605 637 in
1625 608 1735 636 Niemna
1766 606 1877 633 civitate
1903 604 1932 631 in

1135 663 1327 697 presbyterum
1359 661 1578 689 consecraverat,
1602 661 1741 690 quemque
1770 653 1932 687 imperator,

1137 713 1168 736 ut
1182 715 1276 735 revera
1288 706 1461 742 prudentem,
1474 702 1634 739 praefectum
1647 701 1711 728 fecit
1723 699 1930 735 praetoriorum.

1139 754 1269 789 Sequenti
1286 756 1378 781 autem
1398 759 1471 779 anno
1486 749 1592 778 Joanne
1606 746 1785 782 Cappadocia:
1796 744 1936 772 Constan-

1140 801 1325 836 tinopolitano
1344 799 1475 834 episcopo
1501 796 1643 827 defuncto,
1674 792 1846 828 Epiphanius
1871 797 1936 826 pre-

1142 849 1234 883 sbyter
1247 847 1333 882 ipsius
1344 845 1470 873 ecclesire
1483 847 1566 877 atque
1578 841 1714 876 syncellus
1727 841 1870 873 promotus
1882 840 1937 869 est;

1104 883 1124 910 Β
1141 894 1271 922 similiter
1290 897 1318 920 et
1334 890 1479 919 Hormisda
1498 889 1623 917 Romano
1638 886 1793 915 dormiente
1811 883 1934 911 Joannes

1140 940 1331 976 episcopatum
1353 937 1484 972 suscepit.

1177 987 1270 1015 Tertio
1300 984 1400 1012 Justini
1421 982 1556 1019 principis
1573 988 1658 1013 anno,
1675 979 1748 1006 bello
1766 981 1842 1004 moto
1859 977 1933 1003 inter

1143 1033 1283 1060 Romanos
1296 1035 1323 1059 et
1336 1031 1445 1061 Persas,
1462 1028 1538 1055 misit
1554 1027 1624 1054 idem
1638 1024 1765 1053 Justinus
1787 1023 1892 1057 legatos
1909 1026 1939 1048 ct

1144 1087 1258 1107 munera
1272 1078 1305 1105 ad
1324 1076 1451 1104 chicben
1476 1081 1568 1109 regem
1597 1072 1759 1099 Hunnorum
1773 1091 1780 1103 ,
1798 1074 1825 1096 et
1841 1075 1941 1103 repro-

1145 1123 1220 1151 misit
1236 1128 1298 1149 cum
1313 1119 1478 1156 iuramentis
1495 1126 1524 1147 se
1543 1116 1704 1153 imperatori
1720 1119 1816 1143 contra
1834 1113 1938 1141 Persas

1146 1168 1278 1196 auxilium
1299 1170 1504 1202 praestaturum.
1522 1164 1647 1192 Mittente
1674 1166 1764 1189 autem
1780 1166 1807 1189 et
1831 1160 1945 1188 Cabade

1147 1214 1306 1250 repromisit
1319 1216 1345 1240 ct
1360 1212 1425 1247 ipsi.
1441 1211 1497 1238 lloc
1511 1217 1577 1239 sane
1593 1209 1722 1236 Justinus
1740 1207 1869 1235 ediscens
1892 1205 1944 1232 tri-

1149 1264 1239 1289 status
1253 1263 1296 1287 est
1311 1257 1400 1286 valde.
1416 1257 1504 1284 Porro
1531 1255 1634 1283 direxit
1649 1254 1682 1281 ad
1699 1253 1798 1280 Persas
1814 1251 1944 1278 Zelicbes

1149 1307 1248 1342 viginti
1265 1305 1352 1333 millia
1370 1304 1403 1332 ad
1416 1302 1627 1339 expugnandum
1647 1300 1794 1327 Romanos.
1813 1298 1849 1325 At
1877 1305 1945 1324 vero

1150 1354 1277 1383 Justinus
1289 1353 1438 1381 destinavit
1455 1349 1559 1378 Cabadi
1577 1348 1633 1383 regi
1651 1347 1796 1375 Persarum
1822 1345 1943 1380 legatio-

1152 1407 1214 1428 nem
1228 1406 1278 1436 pro
1294 1406 1372 1434 pace,
1383 1402 1409 1425 et
1425 1397 1506 1432 quasi
1523 1403 1605 1430 super
1617 1395 1671 1422 alio
1687 1393 1804 1429 quodam
1819 1392 1948 1419 scribens

1153 1449 1235 1475 etiam
1261 1446 1294 1473 de
1325 1444 1435 1472 Zelicbe
1465 1441 1641 1477 signiﬁcavit,
1659 1441 1723 1476 quia
1749 1437 1944 1473 opitulatiouis

1152 1493 1308 1528 iuramenta
1332 1499 1393 1518 cum
1420 1488 1554 1516 Romanis
1570 1487 1661 1518 habet,
1681 1486 1745 1521 quia
1776 1489 1803 1513 et
1832 1492 1951 1511 munera

314 1555 366 1581 Hic
380 1557 561 1581 consecratus
579 1529 663 1578 tertio
678 1549 721 1576 die
737 1529 848 1575 Pascha:
863 1543 1042 1580 apOstolicam
1059 1542 1102 1570 in-
1117 1555 1139 1585 ε
1156 1538 1261 1573 accepit
1276 1537 1371 1568 multa,
1387 1539 1413 1562 et
1428 1535 1485 1562 vult
1501 1533 1623 1568 proditor
1653 1532 1798 1559 Persarum
1826 1529 1898 1560 ﬁeri,
1926 1533 1954 1556 et

315 1601 402 1628 dntus
416 1604 459 1627 est
473 1599 583 1626 stolam.
601 1597 724 1632 Populus
745 1598 836 1622 autem
850 1592 1011 1620 instantiam
1031 1591 1104 1617 mul-

315 1653 371 1674 tam
390 1646 487 1681 agebat
509 1650 537 1671 ut
550 1643 672 1671 Joannes
687 1639 933 1669 anathematizarct
960 1637 1104 1664 Severum.

315 1693 401 1720 Porro
411 1691 507 1719 eodem
519 1697 591 1717 anno
598 1691 723 1716 mortuus
735 1690 776 1714 est
784 1685 884 1720 impius
894 1682 1068 1714 Anastasius,
1080 1685 1108 1708 et

314 1737 458 1772 imperavit
470 1735 532 1771 pius
544 1733 668 1762 Justinus
679 1739 728 1767 pro
739 1739 783 1764 eo,
792 1731 834 1758 vir
848 1730 940 1757 senior
948 1733 975 1756 et
992 1726 1107 1754 multum

314 1783 432 1818 peritus,
442 1781 506 1816 quia
531 1787 544 1807 a
568 1779 701 1807 militibus
711 1777 844 1812 incipiens
871 1781 959 1810 usque
977 1773 1010 1800 ad
1028 1779 1109 1800 sena-

316 1833 373 1856 tum
385 1827 513 1864 profecit.
524 1827 650 1861 lllyricus
665 1831 776 1859 genere.
795 1821 912 1855 Quidam
929 1823 1020 1847 autem
1031 1818 1110 1845 aiunt

316 1875 388 1910 quod
396 1874 489 1901 divino
499 1872 612 1899 fulmine
621 1877 772 1906 percussus
796 1866 959 1895 Anastasius
968 1865 1109 1901 periisset.

352 1920 447 1947 Mundi
473 1926 546 1946 anno
573 1916 655 1949 60M,
682 1915 782 1943 divina
810 1911 1010 1941 incarnationis
1037 1917 1110 1937 anno

318 1965 380 1997 5H.
404 1972 476 1991 anno
503 1962 611 1998 imperii
627 1960 729 1988 Justini
754 1959 853 1994 primo,
877 1956 1032 1984 Vitalianus
1049 1958 1111 1989 post

322 2016 439 2039 mortem
456 2008 595 2037 Anastasii
612 2007 701 2034 eidem
717 2003 876 2040 imperatori
893 2001 971 2029 valde
990 2000 1108 2027 familia-

319 2057 359 2083 ris
372 2055 486 2083 cﬁ‘ectus
503 2057 557 2086 est,
574 2053 612 2080 ita
628 2055 671 2086 {ut
697 2050 794 2078 consul
827 2047 1021 2083 appellaretur,
1041 2045 1111 2072 ﬁdu-

322 2101 449 2134 ciamque
481 2103 586 2125 tantam
608 2096 680 2131 apud
710 2095 905 2129 imperatorem
939 2091 1052 2118 haberet
1082 2094 1112 2117 ut

321 2146 405 2173 etiam
421 2145 555 2172 Severum
569 2143 732 2178 praeciperet
746 2140 809 2175 ejici
824 2144 852 2167 et
866 2138 986 2166 interimi
1001 2149 1007 2166 :
1028 2138 1111 2165 nimis

322 2192 395 2219 enim
410 2194 470 2218 erat
486 2189 660 2217 orthodoxus
690 2187 854 2214 Vitalianus.
872 2185 932 2218 Quo
952 2184 1046 2212 audito
1061 2183 1111 2210 Se-

1158 1585 1224 1619 quia
1243 1587 1351 1618 oportet
1381 1588 1442 1613 nos,
1460 1587 1522 1607 cum
1539 1579 1626 1606 simus
1646 1577 1758 1608 fratres,
1790 1576 1824 1603 ad
1854 1575 1956 1601 amici-

1159 1630 1224 1658 tiam
1251 1628 1346 1656 veuire
1373 1630 1471 1654 etnon
1501 1632 1516 1651 a
1534 1624 1649 1651 canibus
1677 1622 1738 1649 istis
1768 1620 1858 1648 illudi.
1873 1619 1956 1647 Tunc

1159 1674 1285 1703 Cabadcs
1312 1679 1460 1700 accersens
1489 1674 1596 1698 secreto
1622 1667 1763 1699 Zelicbcn,
1790 1666 1957 1693 sciscitatus

1162 1727 1204 1750 est
1221 1722 1245 1750 si
1260 1720 1414 1756 accepisset
1428 1726 1442 1745 a
1464 1715 1596 1744 Romanis
1610 1721 1736 1746 munera,
1757 1713 1887 1740 hortatus
1906 1712 1957 1739 ad-

1160 1776 1258 1796 versus
1275 1768 1391 1799 Persas;
1407 1765 1454 1800 qui
1469 1763 1539 1790 dixit
1553 1772 1560 1790 :
1584 1761 1685 1788 Etiam.
1706 1760 1739 1787 Et
1755 1760 1844 1786 iratus
1861 1758 1957 1786 Caba-

1161 1815 1210 1842 des
1229 1813 1332 1841 occidit
1351 1819 1425 1843 eum,
1440 1815 1467 1838 et
1482 1817 1529 1845 per
1547 1813 1655 1836 noctem
1676 1807 1760 1833 missa
1777 1804 1960 1832 multitudine

1161 1860 1307 1888 Persarum
1341 1856 1481 1885 interiecit
1511 1854 1645 1891 populum
1678 1852 1765 1886 ejus,
1796 1851 1960 1885 suspicatus

1162 1905 1235 1942 quod
1248 1905 1311 1933 dolo
1325 1904 1465 1931 venissent
1485 1902 1517 1928 ad
1536 1901 1611 1927 illum
1625 1907 1633 1932 ;
1649 1901 1784 1934 quotquot
1798 1901 1891 1923 autem
1910 1903 1961 1931 po-

1162 1956 1276 1980 tuerunt
1306 1950 1409 1984 fugere,
1441 1947 1584 1975 redierunt
1610 1944 1644 1972 ad
1671 1944 1794 1980 propria.
1820 1942 1961 1969 l’mterea

1162 1997 1333 2034 Euphrasius
1347 1994 1538 2023 Antiochenus
1551 1991 1804 2019 Chalcedonensem
1818 1988 1960 2024 synodum

1162 2043 1282 2071 exclusit
1293 2050 1307 2069 a
1318 2040 1468 2076 diptychis.
1486 2039 1534 2066 scd
1549 2041 1577 2066 et
1593 2043 1693 2064 nomen
1709 2034 1866 2062 llormisda:
1880 2040 1960 2068 papa:

1162 2088 1291 2116 Romani.
1311 2088 1375 2114 Post
1403 2085 1460 2113 haec
1478 2091 1544 2112 vero
1570 2083 1675 2110 timens
1698 2084 1821 2116 quatuor
1838 2079 1961 2106 concilia

1164 2133 1348 2163 conﬁrmavit.

1199 2181 1302 2215 Quinto
1319 2187 1391 2206 anno
1407 2177 1513 2211 imperii
1541 2175 1644 2203 Justini
1659 2173 1764 2200 Zathus
1795 2179 1844 2198 rex
1870 2170 1959 2197 Lazo-

322 2244 405 2264 verus
434 2236 514 2271 fugit,
542 2240 569 2263 et
596 2234 722 2262 Julianus
750 2231 935 2260 Halicarnassi
951 2231 1108 2265 cpiscopus.
1131 2239 1153 2266 ι)
1167 2237 1240 2260 rum,
1260 2227 1392 2256 recedens
1410 2233 1424 2252 a
1436 2231 1520 2259 regno
1533 2222 1681 2250 Persarum
1697 2222 1831 2254 regnante
1848 2216 1962 2244 Cahade

323 2283 473 2320 Egyptum
489 2282 634 2314 abeuntes,
651 2281 724 2307 hanc
738 2278 989 2308 conturbaverunt,
1009 2283 1114 2303 sermo-

323 2338 386 2358 nem
402 2330 436 2357 de
446 2327 620 2363 corruptibili
633 2330 661 2354 et
675 2324 881 2360 incorruptibili
896 2325 1114 2354 commoventes,

323 2377 389 2404 dum
406 2374 579 2403 Alexandriae
595 2373 743 2401 Dioscorus
760 2375 834 2399 esset
865 2369 1023 2405 episcopus.
1049 2367 1114 2402 Epi-

325 2422 402 2458 scopi
417 2428 506 2449 autem
520 2424 548 2448 et
565 2419 658 2448 clerici
685 2418 799 2445 Romam
826 2416 977 2447 venientes,
996 2413 1117 2440 auctori-

325 2473 381 2496 tate
402 2468 436 2495 ab
449 2466 598 2494 Ilormisda
614 2465 738 2492 Romano
766 2464 897 2498 episcopo
929 2461 1022 2489 studio
1040 2459 1117 2487 Vita-

326 2514 390 2541 liani
406 2516 546 2547 percepta,
559 2519 622 2539 cum
638 2510 730 2538 adhuc
743 2509 846 2536 viveret
860 2507 991 2543 ,Joannes
1007 2506 1117 2541 Cappa-

326 2562 381 2589 dox
393 2561 540 2596 episcopus
555 2557 892 2593 Constantinopolitanus,
902 2558 1026 2582 sanetam
1039 2554 1118 2581 Chal-

321 2607 509 2635 ‘cetlonensem
529 2604 665 2641 synodum
683 2605 712 2631 in
744 2602 884 2638 diptychis
910 2601 1118 2631 ordinaverunt,

329 2661 383 2681 una
398 2660 461 2681 cum
489 2652 551 2680 allis
577 2651 665 2680 sacris
687 2650 777 2678 tribus
803 2647 940 2676 cenciliis.
958 2646 1025 2674 Cum
1053 2653 1119 2672 vero

330 2701 448 2729 Severus
472 2696 661 2734 impiusfuga
679 2697 772 2732 lapsus
783 2693 994 2726 cssetet'l‘ecIUS,
1018 2692 1120 2720 Paulus

1167 2279 1195 2304 et
1214 2275 1330 2302 Zathum
1351 2276 1472 2304 amante,
1491 2270 1538 2305 qui
1558 2270 1643 2297 etiam
1657 2267 1736 2294 illum
1755 2266 1782 2293 in
1799 2271 1893 2299 regem
1911 2262 1962 2290 La-

1169 2330 1263 2350 zorum
1280 2321 1456 2356 provexerat,
1471 2316 1546 2344 venit
1561 2314 1724 2351 Byzantium
1749 2311 1782 2339 ad
1804 2310 1962 2338 Justinnm.

1169 2374 1196 2397 ct
1212 2368 1317 2403 rogavit
1332 2374 1394 2394 eum
1413 2369 1442 2392 ut
1455 2364 1532 2391 ﬁeret
1544 2361 1718 2389 Christianus
1740 2362 1767 2386 et.
1785 2358 1820 2384 ab
1836 2357 1901 2391 ipso
1915 2363 1963 2386 ap-

1170 2416 1317 2452 pellaretur
1335 2413 1484 2447 imperator
1497 2409 1645 2436 Lazorum.
1666 2407 1700 2433 At
1727 2405 1883 2439 imperator
1899 2410 1961 2429 cum

1171 2448 1272 2497 igaudio
1286 2460 1333 2487 illo
1353 2461 1496 2491 suscepto,
1522 2453 1689 2482 illuminavit
1713 2451 1771 2486 (Ξό)
1794 2457 1859 2477 eum
1878 2453 1906 2476 et
1933 2448 1963 2474 Ii-

1171 2493 1236 2535 lium
1253 2505 1408 2541 appellavit.
1423 2503 1574 2530 Provectus
1592 2503 1683 2526 autem
1699 2498 1852 2532 imperator
1878 2493 1964 2521 Lato-

1171 2561 1231 2580 rum
1246 2559 1260 2578 a
1272 2540 1384 2578 Justino
1399 2547 1518 2584 portavit
1533 2552 1663 2573 comnam
1677 2546 1703 2570 et
1718 2540 1895 2576 chlamydem
1912 2541 1964 2566 im-

1169 2598 1336 2635 peratoriam
1367 2597 1467 2624 albam.
1501 2593 1562 2627 Quo
1590 2593 1732 2626 comperto
1762 2587 1889 2615 Cabades
1916 2592 1963 2611 rev

1173 2645 1318 2673 Persarum
1348 2640 1514 2677 significavit
1531 2637 1691 2673 imperatori
1720 2634 1848 2663 Iustino.
1869 2632 1965 2659 dicens

1173 2691 1237 2726 quia
1265 2690 1333 2716 Cum
1347 2686 1468 2715 amicitia
1483 2691 1507 2713 et
1524 2692 1573 2720 pax
1589 2683 1624 2710 sit
1639 2683 1710 2709 inter
1724 2687 1784 2712 nos,
1798 2685 1861 2713 qum
1874 2676 1967 2704 inimi-

1101 2762 1216 2791 NOTAE.

365 2818 421 2860 (22)
434 2818 598 2860 Cpnjectore.
614 2817 718 2858 Glossne
731 2825 743 2857 ε⁹
756 2812 1099 2860 6:12tpoxpizﬁﬁﬁonécct‘m‘
1110 2831 1117 2841 ,

332 2847 536 2885 εοῖιιηῖεοιυίυτ,
553 2853 722 2880 somniorum
737 2847 884 2886 interpres.
897 2849 931 2878 V.
945 2848 1033 2875 Plaut.
1052 2847 1120 2874 Cur-

332 2890 384 2916 cul.
401 2895 452 2916 act.
473 2889 505 2923 Il,
526 2896 566 2916 sc.
587 2892 676 2916 ictu.
701 2886 784 2914 FABR.

1213 2809 1270 2844 (ὲό)
1295 2806 1472 2844 Illuminauit,
1501 2803 1646 2844 ὲφώτξσεν.
1658 2797 1790 2844 diserting
1809 2797 1837 2823 in

1175 2828 1667 2876 Paii-‘iiinpio-baptizare.
1682 2835 1712 2861 V.
1727 2828 1844 2867 Gregor.
1858 2828 1967 2858 NalJi;

1175 2881 1205 2907 τὸ
1222 2881 1298 2913 ᾶγιον
1312 2874 1464 2913 itii—uapor.
1482 2874 1522 2901 ln.
