2035 3153
151 133 158 164 1
165 133 214 165 253

554 135 736 165 HISTORIA
752 132 1044 165 ECCI.ES[AST|CA
1067 133 1115 162 EX
1138 131 1378 163 THEOPIIAN‘E.

1710 132 1778 164 1254

148 197 241 218 eorum
258 196 324 218 sunt
339 190 409 226 agis,
424 194 451 218 et
469 199 516 219 eos
537 193 583 226 qui
602 193 654 219 sub
680 194 815 227 potestate
833 191 932 218 νει-δτι·
947 191 973 220 Δ
986 194 1061 216 motu
1075 193 1101 217 et
1117 193 1147 216 et
1161 195 1288 216 mortuus
1302 183 1356 221 est,
1372 193 1399 217 ct
1416 189 1507 218 omnis
1531 190 1628 219 domus
1644 197 1672 220 et
1689 194 1780 222 eccle-

149 243 207 263 rum
226 243 240 262 a
270 237 371 264 saeculo
385 243 464 264 erant
491 238 678 272 assumpsistl.
695 238 747 270 Qui
766 237 873 265 remisit
887 237 934 265 ei:

151 281 206 310 Nos
218 287 374 317 queinquam
388 284 567 318 subiectorum
585 285 695 319 imperio
723 289 768 311 tuo
788 291 868 318 neque
896 293 940 310 as-

149 329 319 362 sumpsimus,
332 336 413 364 neque
424 329 667 356 subvertimusSrd
678 329 822 356 ascendens
837 329 939 356 Zallms

149 374 182 400 ad
196 374 346 408 imperialiu
358 380 450 402 nostra
463 375 602 410 procidens
628 377 784 410 deprecatus
801 380 840 403 est
863 381 892 402 ut
907 375 938 402 ab

152 420 256 447 scelesto
270 425 296 447 et
311 429 416 456 pagano
428 421 552 456 dogmate
563 422 702 456 impiisque
713 422 853 456 sacriﬁciis
865 426 888 448 et
900 429 940 448 er-

149 475 209 494 rore
223 467 372 494 dwntonum
387 467 557 501 liberaretur,
566 473 592 495 et
604 468 738 495 accederet
763 469 798 494 ad
818 469 939 496 condito-

151 521 202 539 rem
224 514 342 540 omnium
356 513 452 546 Deum,
466 518 491 540 et
507 514 581 548 ﬁeret
595 513 774 541 Christianus.
795 513 872 540 Ilunc
892 522 939 541 nos

152 559 313 591 baptizantca
331 560 491 586 absolvimus
518 560 552 586 ad
575 560 711 595 propriam
734 560 875 595 regionem.
900 559 938 586 Ex

153 609 217 633 tunc
247 612 313 640 ergo
343 605 413 633 facta
439 610 480 633 est
496 606 641 633 inimicitia
667 607 739 633 inter
755 606 894 634 Boiuanos
913 611 941 634 et

152 651 258 679 Persas.
279 651 380 678 Eodem
399 659 508 687 quoque
523 659 596 679 anno
610 657 688 688 gesta
706 657 771 680 sunt
786 660 847 688 quae
866 654 940 680 circa

153 697 181 723 S.
197 697 319 724 Arethan
339 703 534 732 provenerunt.

185 741 271 770 Sexto
288 742 396 777 imperii
422 742 524 770 Justini
552 751 625 771 anno
643 743 863 777 Theuderichus,
884 743 940 772 Ro—

152 796 222 816 mam
237 794 334 816 tenens
348 795 372 816 et
400 797 431 817 ea
450 797 512 825 quae
538 790 597 817 Arii
612 786 677 818 sint
695 791 805 826 sapiens
818 811 825 824 ,
851 792 941 826 coegit

150 834 281 862 Joannem
300 842 395 870 papam
412 836 505 862 venire
517 836 678 871 Byzantium
695 836 728 862 ad
746 837 939 871 imperatorem

151 880 288 908 Iustinum
304 885 332 908 et
348 881 521 909 intercedere
538 890 587 917 pro
601 882 724 914 Ariauis,
743 885 774 909 ut
790 889 844 909 non
864 889 940 909 com-

152 928 263 962 pelleret
280 928 342 956 illos
369 928 404 955 ab
431 928 528 956 haeresi
556 936 606 956 sua
637 929 789 956 discedere.
817 928 884 955 Nam
913 932 940 955 et

152 973 361 1002 Theuderichus
389 975 441 1002 hoc
469 975 495 1002 iu
528 975 708 1008 orthodoxos,
735 975 782 1010 qui
809 975 836 1002 in
864 974 941 1002 Italia

152 1023 242 1052 erant,
262 1020 351 1048 facere
371 1021 539 1048 minabatur.
561 1020 681 1049 Joannes
698 1029 763 1049 vero
780 1021 939 1057 Byzantium

153 1066 275 1097 veniens.
291 1071 318 1092 et
331 1066 464 1094 invitatus
479 1067 513 1094 ab
529 1066 683 1102 Epiphanio
699 1067 870 1102 patriarcha,
886 1074 940 1095 non

152 1110 300 1142 consentit,
314 1118 460 1146 usqueqtlo
474 1112 637 1146 ,Epiplianio
660 1112 821 1146 praesideret
849 1116 943 1147 utpote

153 1163 221 1191 papa
252 1156 405 1184 Romanus.
423 1158 474 1190 Qui
503 1157 633 1185 omnibus
658 1158 770 1192 quidem
804 1158 942 1192 episcopis

153 1204 375 1237 communicavit,
403 1203 549 1230 Timotheo
580 1211 646 1232 vero
672 1203 861 1231 Alexandrino
887 1211 941 1232 non

153 1249 378 1277 communicavit.
404 1249 528 1277 Cabach
555 1256 645 1277 autent
664 1249 809 1277 Persarum
839 1257 896 1281 rex,
912 1250 942 1277 il-

155 1296 208 1322 lius
225 1295 332 1327 Peroai,
352 1295 436 1322 multa
453 1295 539 1322 millia
557 1295 769 1322 Manichnorum
795 1303 857 1323 cum
883 1296 942 1330 epi-

153 1348 238 1376 scopo
253 1348 348 1368 eorum
366 1341 498 1368 lndazaro
527 1347 582 1367 una
597 1341 642 1368 die
670 1341 793 1376 peremit.
810 1349 863 1368 una
879 1348 942 1368 cum

154 1387 330 1415 senatoribus
345 1386 449 1419 Persis,
461 1387 508 1422 qui
522 1394 620 1414 sensus
635 1394 731 1414 eorum
744 1391 833 1414 erant.
844 1387 942 1414 Filium

155 1433 228 1461 enim
245 1434 316 1468 ejus,
332 1434 444 1462 nomine
459 1433 655 1467 Ptbasuarsan,
669 1434 812 1462 Manichaei
827 1442 841 1461 a
859 1442 944 1470 puero

155 1478 323 1506 instruentes
341 1483 367 1506 et
379 1480 421 1507 sui
436 1487 535 1508 sensus
551 1479 701 1508 eﬂicientes
717 1480 945 1515 repromittcbant

990 236 1032 263 sia
1046 235 1158 267 cecidit.
1184 239 1212 263 ct
1241 235 1419 271 pulchritudo
1449 236 1571 265 civitatis
1597 239 1780 267 exterminata

990 286 1052 310 est:
1070 289 1124 310 non
1141 282 1215 310 enim
1232 281 1303 310 facta
1320 286 1363 310 est
1380 283 1445 310 talis
1458 283 1591 311 divinitus
1605 285 1672 312 ultio
1688 285 1715 312 in
1727 285 1780 313 alia

989 328 1104 355 civitate
1132 335 1181 363 per
1207 334 1305 356 omnes
1325 328 1528 363 generationes.
1559 330 1609 357 Ast
1637 331 1781 366 piissimus

991 373 1141 409 imperator
1153 373 1280 402 Iustinus
1309 375 1353 403 his
1380 375 1499 410 cognitis
1521 376 1669 411 plurimum
1690 377 1782 405 animo

991 421 1088 454 doluit,
1106 421 1143 447 ita
1161 424 1190 448 ut
1206 420 1297 448 ablato
1309 421 1463 449 diademate
1478 428 1493 448 a
1510 422 1599 457 capite
1611 430 1662 451 suo
1678 427 1704 451 et
1718 431 1782 459 pur-

991 473 1059 501 pura
1075 467 1179 502 lugeret
1194 467 1221 494 in
1241 473 1323 495 sacco
1338 468 1437 495 sedens
1451 475 1499 504 per
1512 468 1572 496 dies
1588 469 1699 502 multos,
1714 470 1782 498 adeo

991 517 1021 540 ut
1037 513 1064 540 in
1083 513 1126 540 die
1142 513 1213 540 festo
1227 513 1381 548 procedens
1396 513 1430 541 ad
1446 514 1593 542 ecclesiam
1610 522 1665 543 non
1681 522 1782 550 passus

991 559 1028 587 sit
1042 564 1153 594 portare
1168 566 1300 587 coronam
1314 559 1358 587 vel
1375 560 1560 596 chlamydem.
1579 560 1665 589 Porro
1689 569 1782 590 mense

990 605 1093 640 Aprilis
1113 605 1236 640 ejusdem
1252 605 1355 640 quinta:
1371 605 1532 634 indictionis
1549 611 1670 641 aegrotus
1693 607 1782 643 impc-

990 655 1068 678 rator
1083 650 1208 679 Justinus
1223 651 1340 680 eﬂ'ectus
1353 653 1488 687 provexit,
1504 651 1570 680 dum
1590 652 1681 680 adhue
1706 654 1782 682 vire-

991 701 1043 730 ret,
1072 697 1100 724 in
1128 698 1324 732 imperatorem
1355 697 1543 726 Justinianum
1572 699 1700 734 nepotem
1725 699 1783 734 (24)

991 751 1080 776 suum,
1099 743 1147 779 qui
1165 748 1192 771 et
1217 743 1398 779 coiinpcravit
1426 745 1451 772 ei
1480 744 1624 773 mensibus
1646 745 1674 772 ι.
1690 740 1784 773 Mense

992 794 1082 816 autem
1097 789 1222 824 Augusto
1245 788 1369 824 ejusdem
1390 789 1495 824 quinta}
1519 789 1680 818 indictionis
1699 790 1784 819 Justi-

992 843 1045 862 nus
1061 835 1139 863 obiit.
1153 835 1254 863 Eodem
1273 841 1365 863 autem
1389 843 1461 863 anno
1479 836 1619 871 singulare
1637 837 1781 872 imperium

991 881 1164 910 Justiniauus
1181 881 1312 910 obtinuit.
1331 882 1389 910 Rex
1404 887 1494 909 autem
1511 881 1689 915 llelurorum,
1705 882 1782 910 Grae—

992 933 1033 956 tes
1051 928 1174 960 notnine,
1189 928 1222 956 ad
1241 927 1380 955 Romanos
1395 928 1538 961 conﬂuxit,
1563 933 1591 955 et
1611 929 1686 955 venit
1708 928 1782 956 Co‘n—

993 973 1200 1008 stantinOpolim
1220 981 1283 1001 cum
1299 973 1400 1009 popttlo
1416 981 1478 1005 suo,
1493 978 1520 1001 et
1544 974 1622 1009 petiit
1636 973 1784 1008 imperato-

993 1026 1050 1046 rem
1081 1027 1136 1054 quo
1168 1018 1458 1050 ﬁcrctChristianus;
1485 1019 1530 1053 qui
1560 1018 1729 1054 baptizatum
1757 1017 1784 1045 in

993 1063 1180 1099 Theophaniis
1204 1063 1327 1098 suscepit
1347 1070 1409 1090 euut
1433 1071 1466 1091 ex
1497 1063 1674 1099 baptismate,
1691 1069 1786 1098 repro-

993 1111 1147 1137 mittentcm
1175 1108 1302 1137 auxiliari
1318 1109 1342 1137 ei
1359 1109 1387 1136 in
1416 1108 1626 1145 quibuscunqne
1640 1109 1783 1136 voluisset.

993 1156 1095 1184 Eodem
1115 1163 1188 1183 anno
1202 1156 1319 1183 adhaesit
1343 1155 1478 1183 Romanis
1493 1155 1594 1183 mulier
1612 1155 1736 1190 quaedam
1751 1163 1785 1182 ex

994 1202 1112 1235 Hunnis,
1126 1202 1171 1237 qui
1186 1202 1316 1229 dicuntur
1332 1201 1429 1232 Sabcr.
1446 1202 1574 1234 barbara,
1588 1202 1700 1229 nomine
1720 1200 1786 1228 Boa<

994 1256 1051 1281 zer,
1061 1247 1265 1281 vidua,babens
1278 1255 1372 1276 secum
1386 1247 1549 1275 Hunnorum
1563 1247 1648 1275 millia
1663 1251 1783 1275 centum.

994 1295 1063 1322 Tum
1084 1299 1110 1322 ct
1127 1302 1173 1322 rex
1188 1293 1352 1322 Hunnorum
1368 1295 1414 1330 qui
1433 1299 1499 1323 Sunt
1512 1295 1590 1330 juxta
1604 1294 1785 1330 Bosphorum.

995 1340 1105 1366 nomine
1122 1339 1225 1372 Gorda,
1242 1340 1360 1368 accessit
1375 1340 1409 1367 ad
1434 1340 1640 1374 imperatorem,
1655 1343 1681 1366 ct
1697 1339 1787 1366 factus

995 1384 1168 1412 Christianus
1181 1388 1326 1420 susceptus
1342 1389 1383 1412 est
1400 1384 1434 1412 ab
1447 1385 1632 1420 imperatore:
1649 1389 1676 1411 et
1692 1383 1786 1410 multis

996 1429 1019 1456 ci
1036 1429 1167 1464 praestitis
1180 1429 1261 1458 donis
1278 1430 1352 1458 misit
1366 1437 1428 1458 eum
1444 1431 1470 1457 in
1487 1431 1626 1465 regionem
1643 1430 1730 1465 ipsius
1753 1431 1786 1457 ad

996 1475 1133 1503 Romanas
1148 1484 1191 1504 res
1206 1477 1400 1506 custodiendas
1410 1481 1436 1504 et
1451 1477 1620 1512 Bosphorum
1638 1477 1787 1510 civitatem,

155 1525 191 1558 ei,
204 1524 329 1552 dicentes
344 1525 408 1560 quia
424 1525 506 1552 Pater
520 1529 584 1554 tuus
599 1526 701 1558 senuit,
716 1529 743 1553 et
760 1526 783 1554 si
797 1527 944 1562 contigerit
958 1532 979 1560 ε
997 1530 1058 1557 quan
1079 1529 1126 1557 pro
1144 1530 1176 1550 co
1191 1523 1264 1558 quod
1282 1523 1414 1551 Romanis
1434 1524 1518 1551 boves
1537 1532 1586 1559 per
1600 1525 1724 1561 singulos
1738 1532 1789 1552 an«

155 1578 218 1598 eum
231 1570 311 1604 mori,
326 1571 466 1607 principes
481 1579 624 1607 magorum
640 1580 724 1599 unum
740 1572 856 1600 fratrum
883 1578 946 1601 tuo-

156 1624 217 1644 rum
235 1617 338 1644 facient
364 1618 570 1652 imperatorem,
595 1625 630 1645 eo
648 1618 721 1653 quod
741 1623 831 1646 tenent
848 1619 944 1655 dogma

156 1664 290 1698 ipsorum.
311 1663 367 1691 Nos
386 1667 477 1691 autem
492 1671 640 1699 possumus
664 1671 712 1699 per
728 1665 868 1693 orationes
898 1674 947 1694 no-

155 1713 230 1737 stras
244 1709 361 1737 suadere
378 1710 448 1744 patri
466 1714 513 1737 tuo
528 1710 723 1738 abrenuntiare
739 1711 864 1745 illtpl'ritt,
881 1716 908 1738 et
921 1717 947 1739 te

156 1763 330 1791 promerere,
345 1761 374 1783 ut
391 1757 492 1791 ubique
505 1756 651 1784 conﬁrmes
665 1756 763 1792 dogma
784 1757 947 1785 Manichmo-

155 1811 229 1830 rum.
245 1802 297 1836 Qui
317 1803 477 1837 repromisit
505 1804 556 1830 hoc
585 1802 685 1836 facere,
719 1805 742 1831 si
770 1803 946 1838 imperasset.

155 1847 224 1875 Cum
240 1854 332 1876 autem
349 1849 407 1876 hanc
421 1848 547 1876 Cabades
566 1850 752 1884 cognovisset,
768 1850 854 1884 jussit
878 1857 946 1877 con-

157 1900 270 1922 ventum
286 1895 344 1923 ﬁeri
359 1896 438 1931 quasi
455 1896 580 1923 facturus
593 1896 679 1923 ﬁliuni
701 1903 781 1923 suum
798 1896 947 1924 Pthasuar-

155 1949 205 1969 san
221 1943 427 1977 imperatorem,
443 1947 471 1970 et
488 1951 583 1970 omnes
594 1943 696 1978 jttbeus
713 1943 877 1970 Manichzcos
892 1951 946 1970 uua

155 1996 219 2015 cum
235 1989 365 2024 episcopo
376 1997 470 2016 eorum
486 1994 513 2016 et
526 1989 688 2017 mulieribus
699 1994 726 2017 et
741 1990 834 2018 liberis
849 1990 946 2017 adesse

153 2036 316 2068 conrentui,
333 2035 460 2062 similiter
473 2040 500 2062 et
516 2036 668 2070 principem
684 2043 825 2070 magorum
846 2036 945 2063 Glona-

154 2089 205 2108 zen
222 2087 250 2109 et
265 2089 368 2116 magos,
385 2088 412 2109 et
424 2081 645 2109 Christianorum
663 2082 822 2117 episcopum
841 2082 943 2110 Boaza-

155 2136 222 2160 nen,
235 2128 364 2155 dilectum
380 2135 395 2154 ει
410 2127 520 2155 Cabade
538 2132 631 2163 utpote
646 2128 782 2156 medicum
798 2130 944 2164 optintttm.

154 2173 189 2200 Et
200 2173 359 2201 convocatis
373 2172 530 2201 Manichmis
547 2174 595 2200 ait:
607 2173 715 2201 Gaudeo
730 2182 808 2208 super
821 2176 946 2210 dogmate

999 1576 1049 1596 nos
1079 1577 1129 1604 pro
1163 1569 1288 1604 pecuniis
1313 1569 1459 1602 inferebat,
1476 1569 1634 1605 Bosphorus
1653 1571 1787 1606 appellata

997 1620 1049 1643 est.
1067 1616 1179 1643 Locavit
1197 1620 1289 1644 autem
1315 1620 1342 1644 ct
1373 1625 1518 1644 numerum
1546 1617 1663 1644 militum
1688 1617 1789 1645 Roma-

999 1670 1096 1690 norum
1114 1666 1140 1689 et
1167 1663 1340 1690 tribunorttm
1361 1663 1502 1690 custodire
1519 1663 1657 1690 civitatem
1676 1669 1788 1698 propter

999 1710 1124 1741 Hunnus,
1143 1712 1169 1736 et
1187 1710 1296 1744 exigere
1313 1709 1415 1736 tributa
1430 1709 1523 1736 boum.
1537 1710 1724 1744 Promulgavit
1740 1717 1788 1736 au-

998 1757 1051 1781 tem
1071 1754 1188 1781 formam
1207 1755 1358 1789 imperator
1375 1754 1409 1782 de
1424 1755 1564 1790 episcopis
1583 1758 1609 1782 et
1635 1755 1788 1783 mconouiis

998 1805 1024 1827 et
1041 1801 1274 1835 orplianotrophis
1294 1805 1321 1827 et
1349 1801 1528 1833 xcnodochis,
1558 1809 1591 1828 ne
1615 1801 1788 1830 lizercditatcs

997 1846 1171 1881 possiderent
1188 1847 1239 1874 nisi
1258 1855 1318 1882 qua:
1332 1847 1494 1883 priusquam
1513 1847 1729 1882 provehercntur
1741 1848 1789 1875 ita-

997 1893 1090 1920 buisse
1124 1893 1317 1927 probarentur,
1351 1893 1384 1920 de
1408 1893 1509 1928 quibus
1537 1898 1564 1920 et
1591 1897 1787 1921 testamentum

998 1940 1123 1966 emittere
1151 1939 1318 1973 potuissent.
1335 1939 1375 1966 Ab
1402 1939 1468 1966 born
1484 1948 1547 1967 vero
1563 1947 1616 1974 qua
1643 1947 1788 1975 promove-

999 1989 1104 2019 rcntur,
1120 1986 1258 2013 neminem
1276 1986 1377 2014 habere
1393 1986 1531 2014 licentiam
1548 1987 1724 2022 disponendi,
1740 1988 1788 2015 sed

998 2034 1089 2061 omnia
1104 2034 1191 2069 ipsius
1216 2035 1399 2062 venerabilem
1428 2035 1539 2062 domum
1571 2035 1738 2062 bturcditari.
1756 2034 1788 2061 Et

997 2081 1124 2116 exposuit
1140 2081 1288 2116 imperator
1302 2081 1374 2115 leges
1388 2081 1493 2108 validas
1506 2084 1601 2107 contra
1616 2080 1786 2112 libidinosas.

997 2131 1024 2154 ct
1042 2127 1119 2154 multi
1137 2127 1222 2162 puniti
1239 2132 1313 2159 sunt,
1328 2134 1356 2155 et
1370 2126 1458 2154 iactus
1475 2132 1517 2154 cst
1535 2128 1618 2154 timor
1633 2128 1739 2154 multus
1762 2133 1789 2155 et

999 2173 1116 2200 cautela.
1132 2172 1284 2200 Renovat‘it
1300 2173 1383 2200 etiam
1405 2172 1560 2200 contrarias
1578 2172 1662 2208 leges,
1684 2173 1788 2199 faciens

153 2224 250 2252 uestra,
266 2223 291 2245 et
316 2219 374 2246 volo
388 2218 464 2252 dare,
487 2219 550 2246 dum
566 2221 632 2252 viva,
649 2220 735 2255 ﬁlium
760 2229 843 2247 meum
861 2221 944 2248 Piliu-
960 2207 982 2234 θ
998 2219 1166 2254 singularem
1198 2219 1323 2246 codicem
1336 2238 1343 2250 ,
1373 2223 1400 2246 et
1432 2226 1535 2245 vocans
1567 2225 1628 2245 cum
1658 2217 1787 2245 Novellas

151 2273 271 2292 suarsan
297 2269 322 2292 ει
346 2271 549 2293 consentaneum
583 2271 707 2294 vestrum.
736 2267 788 2294 Sed
813 2273 946 2304 segregate

151 2312 326 2346 rosmetipsos
354 2311 388 2338 ad
405 2312 583 2347 recipiendum
602 2321 672 2340 eum.
693 2312 745 2346 Qui
767 2314 829 2341 freti
846 2314 945 2342 ﬁducia

150 2358 319 2392 semetipsos
343 2363 569 2394 segregaverunt.
585 2358 709 2386 Cabades
727 2364 819 2387 autem
846 2361 944 2394 praci-

151 2404 233 2439 piens
250 2404 389 2431 exercitus
401 2411 467 2431 suos
482 2404 600 2439 ingredi,
624 2410 719 2432 omnes
738 2405 860 2432 concidit
885 2406 943 2440 gia-

149 2450 206 2478 diis
221 2457 282 2476 ctttn
302 2450 433 2485 episcopo
447 2457 553 2483 eorum,
569 2450 621 2477 sttb
640 2455 791 2485 conspectu
809 2452 943 2486 principis

151 2503 298 2531 magorum
313 2501 341 2524 et
355 2496 575 2523 Christianorum
592 2496 735 2524 antistitis.

187 2541 281 2569 Mundi
315 2549 388 2570 anno
403 2543 484 2575 60l9,
511 2542 610 2570 divina:
641 2543 841 2571 incarnationis
871 2552 942 2571 anno

149 2587 216 2621 519,
233 2595 294 2615 cum
311 2592 393 2615 terrm
406 2593 497 2616 mutus
509 2588 582 2623 apud
601 2588 776 2615 Antiochiam
795 2589 885 2616 adhuc
899 2593 942 2617 te—

148 2637 278 2666 neretur,
293 2632 464 2668 Euphrasius
477 2634 624 2669 episcopus
641 2634 757 2662 obrutus
769 2639 810 2662 cst
826 2642 840 2661 a
861 2639 941 2662 terra:

996 2266 1220 2298 constitutiones,
1243 2264 1271 2292 in
1284 2265 1384 2299 quibus
1411 2272 1466 2291 non
1482 2263 1618 2299 permittit
1635 2264 1786 2299 principem

995 2311 1023 2337 in
1037 2311 1115 2343 locis,
1138 2311 1240 2345 quibus
1270 2313 1380 2344 praeest,
1399 2316 1492 2336 emere
1509 2310 1712 2344 possessionem
1741 2315 1788 2338 aut

995 2356 1132 2383 aediﬁcare
1147 2355 1258 2382 domum
1286 2359 1334 2381 aut
1360 2354 1524 2382 bmreditare
1554 2354 1612 2389 (25)
1629 2359 1787 2384 extraneam

996 2405 1151 2438 personant,
1162 2400 1214 2427 nisi
1227 2400 1290 2435 quis
1303 2400 1355 2428 sibi
1370 2405 1502 2435 cognatus
1518 2401 1644 2428 exsismt.

1033 2446 1134 2473 Eodem
1164 2453 1237 2473 anno
1271 2453 1352 2481 passa
1379 2451 1420 2473 est
1444 2454 1459 2473 a
1478 2446 1570 2473 divina
1598 2446 1788 2482 indignatione

997 2500 1093 2520 rursus
1110 2491 1265 2525 Antiochia,
1285 2495 1346 2527 post
1363 2491 1433 2519 duos
1455 2499 1544 2520 annos
1564 2491 1664 2527 prioris
1678 2494 1787 2527 τιειεεῑο-

997 2541 1051 2573 nis,
1065 2544 1092 2567 et
1108 2540 1196 2567 iactus
1213 2543 1255 2566 est
1270 2542 1351 2566 terra:
1367 2542 1459 2566 motus
1473 2546 1588 2575 magnus
1599 2542 1626 2566 et
1638 2542 1787 2574 tempestas

996 2587 1170 2623 gravissima.
1198 2586 1231 2613 Et
1259 2585 1382 2613 iitaniam
1405 2585 1541 2613 iaciebant
1569 2586 1616 2620 qui
1645 2593 1787 2614 remanse-

995 2638 1056 2664 rant
1075 2640 1180 2665 omnes,
1199 2631 1369 2665 discalccati,
1385 2633 1544 2664 clamantes,
1563 2630 1656 2667 ‘Iiyri'e,
1668 2631 1784 2664 'eicison,

922 2682 1041 2712 ΝΟΤᾹΞ.

189 2730 402 2768 (‘24)‘Ncpotem,
418 2728 600 2768 ἐγεψιόνξυι
626 2732 692 2768 tunc
711 2728 907 2768 loquebantur,
923 2730 941 2757 i.

147 2777 176 2796 ρ.
192 2762 319 2796 ’δοῖ-οι·Ῐέ
331 2773 388 2794 sure
413 2762 511 2791 ﬁlium.
543 2763 692 2797 Gregorius
711 2762 815 2790 Turon.
832 2765 906 2791 Hist.
924 2773 943 2798 ι,

148 2805 209 2832 18ε
234 2812 243 2828 ε
263 2801 430 2829 Octavianus
453 2799 517 2827 Julii
542 2799 658 2826 Czesaris
672 2806 767 2834 nepos,
784 2807 864 2834 qttrnt
889 2801 945 2826 Au-

147 2844 262 2874 gustum
289 2840 396 2864 vocant.
424 2845 434 2862 ›
455 2835 591 2874 Etm,_i8
612 2843 626 2874 τ.
647 2843 655 2859 ι
678 2833 882 2874 Ρξήτῂρμῄίιρμις
912 2834 946 2874 de

149 2869 346 2902 interiectione
358 2876 498 2907 nepotum.
514 2880 523 2897 ι
541 2869 676 2905 Loquitur
690 2870 723 2898 de
733 2869 886 2903 Chlotario,
899 2871 946 2904 qui

998 2728 1068 2756 ﬁlios
1085 2726 1179 2754 irati-is
1196 2725 1344 2753 occiderat.
1359 2724 1427 2752 Vide
1442 2723 1569 2752 Vossium
1590 2723 1628 2751 De
1641 2724 1712 2751 vitiis
1732 2731 1786 2750 ser-

999 2763 1096 2795 monis,
1114 2770 1132 2793 1,
1147 2761 1193 2788 ‘27.
1211 2760 1292 2788 Ftuu.

1038 2793 1094 2834 (ἓῦ)
1117 2796 1300 2834 ﬂwredimre.
1317 2794 1412 2834 Yetus_
1432 2795 1568 2834 interpres
1597 2794 1719 2834 cpistola:
1751 2793 1785 2820 ad

1001 2829 1172 2867 Philadeiph.
1191 2839 1252 2867 quae
1269 2833 1298 2859 ὃ.
1328 2831 1431 2866 Ignatio
1447 2829 1615 2859 ascribitur:
1634 2839 1642 2855 ε
1662 2829 1784 2865 Regnum

1003 2870 1049 2899 Dci
1067 2877 1120 2897 llOII
1139 2868 1320 2896 liacreditabit.
1342 2877 1350 2892 ι
1372 2867 1411 2894 in.
