  <div class='ocr_page' id='page_1' title='image "/cluster/home/n/w/nwhite01/storage/ocr_20150623/108/njp.32101077772919/667.png"; bbox 0 0 2035 3153; ppageno 0'>
   <div class='ocr_carea' id='block_1_1' title="bbox 253 152 323 185">
    <p class='ocr_par' dir='ltr' id='par_1_1' title="bbox 253 152 323 185">
     <span class='ocr_line' id='line_1_1' title="bbox 253 152 323 185; baseline 0.014 -1"><span class='ocrx_word' id='word_1_1' title='bbox 253 152 323 185; x_wconf 74' lang='lat'><strong>1255</strong></span> 
     </span>
    </p>
   </div>
   <div class='ocr_carea' id='block_1_2' title="bbox 799 141 1340 176">
    <p class='ocr_par' dir='ltr' id='par_1_2' title="bbox 799 141 1340 176">
     <span class='ocr_line' id='line_1_2' title="bbox 799 141 1340 176; baseline -0.009 0"><span class='ocrx_word' id='word_1_2' title='bbox 799 144 1001 176; x_wconf 77' lang='lat' dir='ltr'><strong>ANASTASII</strong></span> <span class='ocrx_word' id='word_1_3' title='bbox 1027 141 1340 174; x_wconf 81' lang='lat' dir='ltr'><strong>BlBLlOTHECARII</strong></span> 
     </span>
    </p>
   </div>
   <div class='ocr_carea' id='block_1_3' title="bbox 1818 135 1887 168">
    <p class='ocr_par' dir='ltr' id='par_1_3' title="bbox 1818 135 1887 168">
     <span class='ocr_line' id='line_1_3' title="bbox 1818 135 1887 168; baseline -0.014 0"><span class='ocrx_word' id='word_1_4' title='bbox 1818 135 1887 168; x_wconf 69' lang='lat' dir='ltr'><strong>i256</strong></span> 
     </span>
    </p>
   </div>
   <div class='ocr_carea' id='block_1_4' title="bbox 254 186 1888 244">
    <p class='ocr_par' dir='ltr' id='par_1_4' title="bbox 254 186 1888 244">
     <span class='ocr_line' id='line_1_4' title="bbox 254 186 1888 244; baseline -0.015 -8"><span class='ocrx_word' id='word_1_5' title='bbox 254 214 282 236; x_wconf 84' lang='lat' dir='ltr'><strong>et</strong></span> <span class='ocrx_word' id='word_1_6' title='bbox 296 207 474 244; x_wconf 85' lang='lat' dir='ltr'><strong>projieicntes</strong></span> <span class='ocrx_word' id='word_1_7' title='bbox 489 214 520 233; x_wconf 92' lang='lat' dir='ltr'><strong>se</strong></span> <span class='ocrx_word' id='word_1_8' title='bbox 535 211 638 240; x_wconf 89' lang='lat' dir='ltr'><strong>pronos</strong></span> <span class='ocrx_word' id='word_1_9' title='bbox 651 211 736 239; x_wconf 88' lang='lat' dir='ltr'><strong>super</strong></span> <span class='ocrx_word' id='word_1_10' title='bbox 751 202 838 230; x_wconf 87' lang='lat' dir='ltr'><strong>nives.</strong></span> <span class='ocrx_word' id='word_1_11' title='bbox 851 200 984 236; x_wconf 72' lang='lat' dir='ltr'><strong>Apparuit</strong></span> <span class='ocrx_word' id='word_1_12' title='bbox 996 206 1042 227; x_wconf 88' lang='lat' dir='ltr'><strong>au-</strong></span> <span class='ocrx_word' id='word_1_13' title='bbox 1056 203 1079 232; x_wconf 77' lang='grc' dir='ltr'><strong>Α</strong></span> <span class='ocrx_word' id='word_1_14' title='bbox 1093 199 1126 227; x_wconf 87' lang='lat' dir='ltr'><strong>ad</strong></span> <span class='ocrx_word' id='word_1_15' title='bbox 1142 198 1299 226; x_wconf 87' lang='lat' dir='ltr'><strong>Caueanam</strong></span> <span class='ocrx_word' id='word_1_16' title='bbox 1317 193 1477 231; x_wconf 89' lang='lat' dir='ltr'><strong>properavit</strong></span> <span class='ocrx_word' id='word_1_17' title='bbox 1508 191 1611 224; x_wconf 86' lang='lat' dir='ltr'><strong>villam,</strong></span> <span class='ocrx_word' id='word_1_18' title='bbox 1631 187 1689 223; x_wconf 68' lang='lat'><strong>200</strong></span> <span class='ocrx_word' id='word_1_19' title='bbox 1703 194 1734 244; x_wconf 51' lang='lat' dir='ltr'><strong>an</strong></span> <span class='ocrx_word' id='word_1_20' title='bbox 1747 186 1888 222; x_wconf 81' lang='lat' dir='ltr'><strong>Syracusa</strong></span> 
     </span>
    </p>
   </div>
   <div class='ocr_carea' id='block_1_5' title="bbox 257 246 1044 282">
    <p class='ocr_par' dir='ltr' id='par_1_5' title="bbox 257 246 1044 282">
     <span class='ocr_line' id='line_1_5' title="bbox 257 246 1044 282; baseline -0.013 0"><span class='ocrx_word' id='word_1_21' title='bbox 257 261 309 282; x_wconf 84' lang='lat' dir='ltr'><strong>tem</strong></span> <span class='ocrx_word' id='word_1_22' title='bbox 328 255 356 281; x_wconf 92' lang='lat' dir='ltr'><strong>in</strong></span> <span class='ocrx_word' id='word_1_23' title='bbox 374 254 431 281; x_wconf 82' lang='lat' dir='ltr'><strong>visu</strong></span> <span class='ocrx_word' id='word_1_24' title='bbox 452 251 629 281; x_wconf 73' lang='lat' dir='ltr'><strong>cuidatn,l)ei</strong></span> <span class='ocrx_word' id='word_1_25' title='bbox 645 249 743 277; x_wconf 89' lang='lat' dir='ltr'><strong>cultori</strong></span> <span class='ocrx_word' id='word_1_26' title='bbox 761 248 878 280; x_wconf 85' lang='lat' dir='ltr'><strong>homini,</strong></span> <span class='ocrx_word' id='word_1_27' title='bbox 893 250 923 274; x_wconf 88' lang='lat' dir='ltr'><strong>ut</strong></span> <span class='ocrx_word' id='word_1_28' title='bbox 939 246 1044 273; x_wconf 89' lang='lat' dir='ltr'><strong>diceret</strong></span> 
     </span>
    </p>
   </div>
   <div class='ocr_carea' id='block_1_6' title="bbox 256 291 1046 332">
    <p class='ocr_par' dir='ltr' id='par_1_6' title="bbox 256 291 1046 332">
     <span class='ocr_line' id='line_1_6' title="bbox 256 291 1046 332; baseline -0.014 -4"><span class='ocrx_word' id='word_1_29' title='bbox 256 301 385 328; x_wconf 83' lang='lat' dir='ltr'><strong>erunibus</strong></span> <span class='ocrx_word' id='word_1_30' title='bbox 401 298 520 326; x_wconf 77' lang='lat' dir='ltr'><strong>residuis</strong></span> <span class='ocrx_word' id='word_1_31' title='bbox 534 297 608 332; x_wconf 89' lang='lat' dir='ltr'><strong>quod</strong></span> <span class='ocrx_word' id='word_1_32' title='bbox 629 295 867 331; x_wconf 87' lang='lat' dir='ltr'><strong>superscribcrent</strong></span> <span class='ocrx_word' id='word_1_33' title='bbox 886 293 913 319; x_wconf 94' lang='lat' dir='ltr'><strong>in</strong></span> <span class='ocrx_word' id='word_1_34' title='bbox 930 291 1046 326; x_wconf 85' lang='lat' dir='ltr'><strong>superli-</strong></span> 
     </span>
    </p>
   </div>
   <div class='ocr_carea' id='block_1_7' title="bbox 258 337 1047 377">
    <p class='ocr_par' dir='ltr' id='par_1_7' title="bbox 258 337 1047 377">
     <span class='ocr_line' id='line_1_7' title="bbox 258 337 1047 377; baseline -0.013 -3"><span class='ocrx_word' id='word_1_35' title='bbox 258 347 412 375; x_wconf 85' lang='lat' dir='ltr'><strong>minaribus</strong></span> <span class='ocrx_word' id='word_1_36' title='bbox 424 345 496 377; x_wconf 80' lang='lat' dir='ltr'><strong>suis,</strong></span> <span class='ocrx_word' id='word_1_37' title='bbox 512 343 632 372; x_wconf 77' lang='lat' dir='ltr'><strong>Christus</strong></span> <span class='ocrx_word' id='word_1_38' title='bbox 652 342 797 374; x_wconf 81' lang='lat' dir='ltr'><strong>nobiscum,</strong></span> <span class='ocrx_word' id='word_1_39' title='bbox 812 345 889 368; x_wconf 81' lang='lat' dir='ltr'><strong>state.</strong></span> <span class='ocrx_word' id='word_1_40' title='bbox 904 339 964 372; x_wconf 81' lang='lat' dir='ltr'><strong>Quo</strong></span> <span class='ocrx_word' id='word_1_41' title='bbox 975 337 1047 364; x_wconf 80' lang='lat' dir='ltr'><strong>facto</strong></span> 
     </span>
    </p>
   </div>
   <div class='ocr_carea' id='block_1_8' title="bbox 258 384 1048 423">
    <p class='ocr_par' dir='ltr' id='par_1_8' title="bbox 258 384 1048 423">
     <span class='ocr_line' id='line_1_8' title="bbox 258 384 1048 423; baseline -0.013 -2"><span class='ocrx_word' id='word_1_42' title='bbox 258 393 335 420; x_wconf 83' lang='lat' dir='ltr'><strong>stetit</strong></span> <span class='ocrx_word' id='word_1_43' title='bbox 350 392 389 419; x_wconf 89' lang='lat' dir='ltr'><strong>ira</strong></span> <span class='ocrx_word' id='word_1_44' title='bbox 402 391 461 418; x_wconf 85' lang='lat' dir='ltr'><strong>Dei.</strong></span> <span class='ocrx_word' id='word_1_45' title='bbox 477 391 511 417; x_wconf 88' lang='lat' dir='ltr'><strong>Et</strong></span> <span class='ocrx_word' id='word_1_46' title='bbox 527 396 624 417; x_wconf 85' lang='lat' dir='ltr'><strong>rursus</strong></span> <span class='ocrx_word' id='word_1_47' title='bbox 637 388 787 423; x_wconf 87' lang='lat' dir='ltr'><strong>imperator</strong></span> <span class='ocrx_word' id='word_1_48' title='bbox 800 391 827 414; x_wconf 89' lang='lat' dir='ltr'><strong>et</strong></span> <span class='ocrx_word' id='word_1_49' title='bbox 841 387 965 420; x_wconf 81' lang='lat' dir='ltr'><strong>Augusta</strong></span> <span class='ocrx_word' id='word_1_50' title='bbox 982 384 1048 412; x_wconf 89' lang='lat' dir='ltr'><strong>mul-</strong></span> 
     </span>
    </p>
   </div>
   <div class='ocr_carea' id='block_1_9' title="bbox 258 431 1049 473">
    <p class='ocr_par' dir='ltr' id='par_1_9' title="bbox 258 431 1049 473">
     <span class='ocr_line' id='line_1_9' title="bbox 258 431 1049 473; baseline -0.011 -8"><span class='ocrx_word' id='word_1_51' title='bbox 258 443 300 465; x_wconf 91' lang='lat' dir='ltr'><strong>tas</strong></span> <span class='ocrx_word' id='word_1_52' title='bbox 317 437 450 473; x_wconf 80' lang='lat' dir='ltr'><strong>pecunias</strong></span> <span class='ocrx_word' id='word_1_53' title='bbox 459 436 633 463; x_wconf 82' lang='lat' dir='ltr'><strong>donaverunt</strong></span> <span class='ocrx_word' id='word_1_54' title='bbox 646 433 673 460; x_wconf 92' lang='lat' dir='ltr'><strong>in</strong></span> <span class='ocrx_word' id='word_1_55' title='bbox 690 432 926 467; x_wconf 82' lang='lat' dir='ltr'><strong>recuperationem</strong></span> <span class='ocrx_word' id='word_1_56' title='bbox 943 435 969 458; x_wconf 93' lang='lat' dir='ltr'><strong>et</strong></span> <span class='ocrx_word' id='word_1_57' title='bbox 982 431 1049 457; x_wconf 83' lang='lat' dir='ltr'><strong>aedi-</strong></span> 
     </span>
    </p>
   </div>
   <div class='ocr_carea' id='block_1_10' title="bbox 260 477 1050 510">
    <p class='ocr_par' dir='ltr' id='par_1_10' title="bbox 260 477 1050 510">
     <span class='ocr_line' id='line_1_10' title="bbox 260 477 1050 510; baseline -0.013 0"><span class='ocrx_word' id='word_1_58' title='bbox 260 483 416 510; x_wconf 89' lang='lat' dir='ltr'><strong>ticationem</strong></span> <span class='ocrx_word' id='word_1_59' title='bbox 445 479 675 508; x_wconf 79' lang='lat' dir='ltr'><strong>Antiochensium</strong></span> <span class='ocrx_word' id='word_1_60' title='bbox 696 477 826 509; x_wconf 83' lang='lat' dir='ltr'><strong>civitatis,</strong></span> <span class='ocrx_word' id='word_1_61' title='bbox 853 483 935 510; x_wconf 89' lang='lat' dir='ltr'><strong>quam</strong></span> <span class='ocrx_word' id='word_1_62' title='bbox 960 479 987 502; x_wconf 91' lang='lat' dir='ltr'><strong>et</strong></span> <span class='ocrx_word' id='word_1_63' title='bbox 1006 481 1050 502; x_wconf 87' lang='lat' dir='ltr'><strong>co-</strong></span> 
     </span>
    </p>
   </div>
   <div class='ocr_carea' id='block_1_11' title="bbox 260 521 1049 564">
    <p class='ocr_par' dir='ltr' id='par_1_11' title="bbox 260 521 1049 564">
     <span class='ocr_line' id='line_1_11' title="bbox 260 521 1049 564; baseline -0.013 -8"><span class='ocrx_word' id='word_1_64' title='bbox 260 527 431 564; x_wconf 79' lang='lat' dir='ltr'><strong>gnominavit</strong></span> <span class='ocrx_word' id='word_1_65' title='bbox 445 526 618 561; x_wconf 88' lang='lat' dir='ltr'><strong>Thcopolim.</strong></span> <span class='ocrx_word' id='word_1_66' title='bbox 634 523 720 551; x_wconf 81' lang='lat' dir='ltr'><strong>Porro</strong></span> <span class='ocrx_word' id='word_1_67' title='bbox 743 530 782 549; x_wconf 80' lang='lat' dir='ltr'><strong>xu</strong></span> <span class='ocrx_word' id='word_1_68' title='bbox 806 521 866 548; x_wconf 82' lang='lat' dir='ltr'><strong>Kal.</strong></span> <span class='ocrx_word' id='word_1_69' title='bbox 882 521 1049 556; x_wconf 86' lang='lat' dir='ltr'><strong>Apriliarum</strong></span> 
     </span>
    </p>
   </div>
   <div class='ocr_carea' id='block_1_12' title="bbox 261 565 1051 601">
    <p class='ocr_par' dir='ltr' id='par_1_12' title="bbox 261 565 1051 601">
     <span class='ocr_line' id='line_1_12' title="bbox 261 565 1051 601; baseline -0.013 0"><span class='ocrx_word' id='word_1_70' title='bbox 261 575 276 600; x_wconf 82' lang='lat'><strong>7</strong></span> <span class='ocrx_word' id='word_1_71' title='bbox 289 573 448 601; x_wconf 86' lang='lat' dir='ltr'><strong>indictiouis</strong></span> <span class='ocrx_word' id='word_1_72' title='bbox 485 572 568 598; x_wconf 90' lang='lat' dir='ltr'><strong>irruit</strong></span> <span class='ocrx_word' id='word_1_73' title='bbox 595 568 800 596; x_wconf 80' lang='lat' dir='ltr'><strong>Alamundarus</strong></span> <span class='ocrx_word' id='word_1_74' title='bbox 816 567 924 599; x_wconf 83' lang='lat' dir='ltr'><strong>Zecius,</strong></span> <span class='ocrx_word' id='word_1_75' title='bbox 939 565 1051 600; x_wconf 77' lang='lat' dir='ltr'><strong>regulus</strong></span> 
     </span>
    </p>
   </div>
   <div class='ocr_carea' id='block_1_13' title="bbox 262 611 1049 650">
    <p class='ocr_par' dir='ltr' id='par_1_13' title="bbox 262 611 1049 650">
     <span class='ocr_line' id='line_1_13' title="bbox 262 611 1049 650; baseline -0.013 -4"><span class='ocrx_word' id='word_1_76' title='bbox 262 620 475 649; x_wconf 85' lang='lat' dir='ltr'><strong>Saracenorum,</strong></span> <span class='ocrx_word' id='word_1_77' title='bbox 488 622 515 643; x_wconf 91' lang='lat' dir='ltr'><strong>ct</strong></span> <span class='ocrx_word' id='word_1_78' title='bbox 534 615 707 650; x_wconf 67' lang='lat' dir='ltr'><strong>deprredatus</strong></span> <span class='ocrx_word' id='word_1_79' title='bbox 729 617 771 640; x_wconf 79' lang='lat' dir='ltr'><strong>est</strong></span> <span class='ocrx_word' id='word_1_80' title='bbox 799 613 914 646; x_wconf 90' lang='lat' dir='ltr'><strong>primam</strong></span> <span class='ocrx_word' id='word_1_81' title='bbox 943 611 1049 646; x_wconf 82' lang='lat' dir='ltr'><strong>Syriam</strong></span> 
     </span>
    </p>
   </div>
   <div class='ocr_carea' id='block_1_14' title="bbox 263 650 1052 699">
    <p class='ocr_par' dir='ltr' id='par_1_14' title="bbox 263 650 1052 699">
     <span class='ocr_line' id='line_1_14' title="bbox 263 650 1052 699; baseline -0.01 -8"><span class='ocrx_word' id='word_1_82' title='bbox 263 672 351 699; x_wconf 86' lang='lat' dir='ltr'><strong>usque</strong></span> <span class='ocrx_word' id='word_1_83' title='bbox 368 663 401 690; x_wconf 92' lang='lat' dir='ltr'><strong>ad</strong></span> <span class='ocrx_word' id='word_1_84' title='bbox 420 663 552 690; x_wconf 85' lang='lat' dir='ltr'><strong>terminos</strong></span> <span class='ocrx_word' id='word_1_85' title='bbox 580 660 733 687; x_wconf 71' lang='lat' dir='ltr'><strong>Antiochize</strong></span> <span class='ocrx_word' id='word_1_86' title='bbox 747 659 774 685; x_wconf 92' lang='lat' dir='ltr'><strong>in</strong></span> <span class='ocrx_word' id='word_1_87' title='bbox 793 659 883 685; x_wconf 70' lang='lat' dir='ltr'><strong>locrnm</strong></span> <span class='ocrx_word' id='word_1_88' title='bbox 901 650 953 693; x_wconf 35' lang='lat' dir='ltr'><strong>qui.</strong></span> <span class='ocrx_word' id='word_1_89' title='bbox 976 657 1052 684; x_wconf 89' lang='lat' dir='ltr'><strong>dice-</strong></span> 
     </span>
    </p>
   </div>
   <div class='ocr_carea' id='block_1_15' title="bbox 262 703 1053 744">
    <p class='ocr_par' dir='ltr' id='par_1_15' title="bbox 262 703 1053 744">
     <span class='ocr_line' id='line_1_15' title="bbox 262 703 1053 744; baseline -0.011 -6"><span class='ocrx_word' id='word_1_90' title='bbox 262 711 344 738; x_wconf 86' lang='lat' dir='ltr'><strong>batur</strong></span> <span class='ocrx_word' id='word_1_91' title='bbox 359 709 512 744; x_wconf 86' lang='lat' dir='ltr'><strong>Litargum,</strong></span> <span class='ocrx_word' id='word_1_92' title='bbox 528 712 555 734; x_wconf 93' lang='lat' dir='ltr'><strong>ct</strong></span> <span class='ocrx_word' id='word_1_93' title='bbox 573 706 674 734; x_wconf 87' lang='lat' dir='ltr'><strong>occidit</strong></span> <span class='ocrx_word' id='word_1_94' title='bbox 694 706 808 737; x_wconf 85' lang='lat' dir='ltr'><strong>multos,</strong></span> <span class='ocrx_word' id='word_1_95' title='bbox 823 709 850 731; x_wconf 89' lang='lat' dir='ltr'><strong>et</strong></span> <span class='ocrx_word' id='word_1_96' title='bbox 870 703 991 731; x_wconf 86' lang='lat' dir='ltr'><strong>incendit</strong></span> <span class='ocrx_word' id='word_1_97' title='bbox 1005 710 1053 729; x_wconf 82' lang='lat' dir='ltr'><strong>ex-</strong></span> 
     </span>
    </p>
   </div>
   <div class='ocr_carea' id='block_1_16' title="bbox 263 748 1055 785">
    <p class='ocr_par' dir='ltr' id='par_1_16' title="bbox 263 748 1055 785">
     <span class='ocr_line' id='line_1_16' title="bbox 263 748 1055 785; baseline -0.011 -2"><span class='ocrx_word' id='word_1_98' title='bbox 263 756 366 783; x_wconf 86' lang='lat' dir='ltr'><strong>teriora</strong></span> <span class='ocrx_word' id='word_1_99' title='bbox 380 753 572 782; x_wconf 78' lang='lat' dir='ltr'><strong>Chalcedonis.</strong></span> <span class='ocrx_word' id='word_1_100' title='bbox 588 751 625 778; x_wconf 86' lang='lat' dir='ltr'><strong>Et</strong></span> <span class='ocrx_word' id='word_1_101' title='bbox 638 751 783 778; x_wconf 84' lang='lat' dir='ltr'><strong>audientes</strong></span> <span class='ocrx_word' id='word_1_102' title='bbox 797 749 933 785; x_wconf 91' lang='lat' dir='ltr'><strong>primores</strong></span> <span class='ocrx_word' id='word_1_103' title='bbox 954 748 1055 775; x_wconf 82' lang='lat' dir='ltr'><strong>Roma-</strong></span> 
     </span>
    </p>
   </div>
   <div class='ocr_carea' id='block_1_17' title="bbox 264 794 1054 833">
    <p class='ocr_par' dir='ltr' id='par_1_17' title="bbox 264 794 1054 833">
     <span class='ocr_line' id='line_1_17' title="bbox 264 794 1054 833; baseline -0.013 -4"><span class='ocrx_word' id='word_1_104' title='bbox 264 809 374 833; x_wconf 86' lang='lat' dir='ltr'><strong>norum,</strong></span> <span class='ocrx_word' id='word_1_105' title='bbox 389 800 514 828; x_wconf 89' lang='lat' dir='ltr'><strong>exierunt</strong></span> <span class='ocrx_word' id='word_1_106' title='bbox 526 798 660 825; x_wconf 87' lang='lat' dir='ltr'><strong>adversus</strong></span> <span class='ocrx_word' id='word_1_107' title='bbox 675 804 748 824; x_wconf 88' lang='lat' dir='ltr'><strong>eum.</strong></span> <span class='ocrx_word' id='word_1_108' title='bbox 768 796 828 829; x_wconf 77' lang='lat' dir='ltr'><strong>Quo</strong></span> <span class='ocrx_word' id='word_1_109' title='bbox 843 799 984 829; x_wconf 89' lang='lat' dir='ltr'><strong>comperto</strong></span> <span class='ocrx_word' id='word_1_110' title='bbox 1003 794 1054 821; x_wconf 86' lang='lat' dir='ltr'><strong>Sa—</strong></span> 
     </span>
    </p>
   </div>
   <div class='ocr_carea' id='block_1_18' title="bbox 264 841 1052 877">
    <p class='ocr_par' dir='ltr' id='par_1_18' title="bbox 264 841 1052 877">
     <span class='ocr_line' id='line_1_18' title="bbox 264 841 1052 877; baseline -0.013 -2"><span class='ocrx_word' id='word_1_111' title='bbox 264 848 357 875; x_wconf 82' lang='lat' dir='ltr'><strong>raceni</strong></span> <span class='ocrx_word' id='word_1_112' title='bbox 379 853 431 873; x_wconf 88' lang='lat' dir='ltr'><strong>una</strong></span> <span class='ocrx_word' id='word_1_113' title='bbox 460 853 522 873; x_wconf 90' lang='lat' dir='ltr'><strong>cum</strong></span> <span class='ocrx_word' id='word_1_114' title='bbox 542 844 646 876; x_wconf 78' lang='lat' dir='ltr'><strong>Persis,</strong></span> <span class='ocrx_word' id='word_1_115' title='bbox 669 846 778 877; x_wconf 83' lang='lat' dir='ltr'><strong>sumpta</strong></span> <span class='ocrx_word' id='word_1_116' title='bbox 797 841 890 877; x_wconf 66' lang='lat' dir='ltr'><strong>praeda</strong></span> <span class='ocrx_word' id='word_1_117' title='bbox 906 847 970 868; x_wconf 93' lang='lat' dir='ltr'><strong>cum</strong></span> <span class='ocrx_word' id='word_1_118' title='bbox 1005 846 1052 866; x_wconf 89' lang='lat' dir='ltr'><strong>ca-</strong></span> 
     </span>
    </p>
   </div>
   <div class='ocr_carea' id='block_1_19' title="bbox 266 881 1092 928">
    <p class='ocr_par' dir='ltr' id='par_1_19' title="bbox 266 881 1092 928">
     <span class='ocr_line' id='line_1_19' title="bbox 266 881 1092 928; baseline -0.012 -7"><span class='ocrx_word' id='word_1_119' title='bbox 266 894 360 928; x_wconf 85' lang='lat' dir='ltr'><strong>ptivis,</strong></span> <span class='ocrx_word' id='word_1_120' title='bbox 382 892 522 928; x_wconf 79' lang='lat' dir='ltr'><strong>fugerunt.</strong></span> <span class='ocrx_word' id='word_1_121' title='bbox 538 891 673 918; x_wconf 64' lang='lat' dir='ltr'><strong>Praeterea</strong></span> <span class='ocrx_word' id='word_1_122' title='bbox 707 888 849 916; x_wconf 53' lang='lat' dir='ltr'><strong>Samaritae.</strong></span> <span class='ocrx_word' id='word_1_123' title='bbox 866 891 895 914; x_wconf 89' lang='lat' dir='ltr'><strong>et</strong></span> <span class='ocrx_word' id='word_1_124' title='bbox 921 885 1007 914; x_wconf 68' lang='lat' dir='ltr'><strong>Judaei</strong></span> <span class='ocrx_word' id='word_1_125' title='bbox 1026 885 1054 912; x_wconf 92' lang='lat' dir='ltr'><strong>in</strong></span> <span class='ocrx_word' id='word_1_126' title='bbox 1070 881 1092 910; x_wconf 85' lang='grc' dir='ltr'><strong>Β</strong></span> 
     </span>
    </p>
   </div>
   <div class='ocr_carea' id='block_1_20' title="bbox 265 931 1056 971">
    <p class='ocr_par' dir='ltr' id='par_1_20' title="bbox 265 931 1056 971">
     <span class='ocr_line' id='line_1_20' title="bbox 265 931 1056 971; baseline -0.01 -6"><span class='ocrx_word' id='word_1_127' title='bbox 265 937 413 966; x_wconf 76' lang='lat' dir='ltr'><strong>Palaestina</strong></span> <span class='ocrx_word' id='word_1_128' title='bbox 438 937 630 971; x_wconf 80' lang='lat' dir='ltr'><strong>imperatorem</strong></span> <span class='ocrx_word' id='word_1_129' title='bbox 646 933 791 969; x_wconf 87' lang='lat' dir='ltr'><strong>quemdam</strong></span> <span class='ocrx_word' id='word_1_130' title='bbox 811 931 950 959; x_wconf 84' lang='lat' dir='ltr'><strong>Julianum</strong></span> <span class='ocrx_word' id='word_1_131' title='bbox 977 937 1056 958; x_wconf 88' lang='lat' dir='ltr'><strong>coro—</strong></span> 
     </span>
    </p>
   </div>
   <div class='ocr_carea' id='block_1_21' title="bbox 266 978 1057 1015">
    <p class='ocr_par' dir='ltr' id='par_1_21' title="bbox 266 978 1057 1015">
     <span class='ocr_line' id='line_1_21' title="bbox 266 978 1057 1015; baseline -0.011 -5"><span class='ocrx_word' id='word_1_132' title='bbox 266 988 376 1015; x_wconf 87' lang='lat' dir='ltr'><strong>nantes,</strong></span> <span class='ocrx_word' id='word_1_133' title='bbox 389 985 416 1010; x_wconf 91' lang='lat' dir='ltr'><strong>et</strong></span> <span class='ocrx_word' id='word_1_134' title='bbox 435 988 512 1008; x_wconf 89' lang='lat' dir='ltr'><strong>arma</strong></span> <span class='ocrx_word' id='word_1_135' title='bbox 529 985 626 1008; x_wconf 91' lang='lat' dir='ltr'><strong>contra</strong></span> <span class='ocrx_word' id='word_1_136' title='bbox 650 978 824 1006; x_wconf 83' lang='lat' dir='ltr'><strong>Christianos</strong></span> <span class='ocrx_word' id='word_1_137' title='bbox 845 979 996 1008; x_wconf 84' lang='lat' dir='ltr'><strong>moventes,</strong></span> <span class='ocrx_word' id='word_1_138' title='bbox 1012 982 1057 1002; x_wconf 89' lang='lat' dir='ltr'><strong>ra-</strong></span> 
     </span>
    </p>
   </div>
   <div class='ocr_carea' id='block_1_22' title="bbox 267 1023 1057 1064">
    <p class='ocr_par' dir='ltr' id='par_1_22' title="bbox 267 1023 1057 1064">
     <span class='ocr_line' id='line_1_22' title="bbox 267 1023 1057 1064; baseline -0.01 -8"><span class='ocrx_word' id='word_1_139' title='bbox 267 1029 348 1064; x_wconf 88' lang='lat' dir='ltr'><strong>pinas</strong></span> <span class='ocrx_word' id='word_1_140' title='bbox 360 1032 387 1055; x_wconf 88' lang='lat' dir='ltr'><strong>et</strong></span> <span class='ocrx_word' id='word_1_141' title='bbox 402 1026 552 1055; x_wconf 89' lang='lat' dir='ltr'><strong>homicidia</strong></span> <span class='ocrx_word' id='word_1_142' title='bbox 565 1029 592 1053; x_wconf 92' lang='lat' dir='ltr'><strong>et</strong></span> <span class='ocrx_word' id='word_1_143' title='bbox 608 1024 734 1052; x_wconf 85' lang='lat' dir='ltr'><strong>incendia</strong></span> <span class='ocrx_word' id='word_1_144' title='bbox 751 1023 856 1058; x_wconf 86' lang='lat' dir='ltr'><strong>operati</strong></span> <span class='ocrx_word' id='word_1_145' title='bbox 881 1024 966 1054; x_wconf 88' lang='lat' dir='ltr'><strong>sunt;</strong></span> <span class='ocrx_word' id='word_1_146' title='bbox 987 1028 1057 1056; x_wconf 90' lang='lat' dir='ltr'><strong>quos</strong></span> 
     </span>
    </p>
   </div>
   <div class='ocr_carea' id='block_1_23' title="bbox 267 1067 1059 1103">
    <p class='ocr_par' dir='ltr' id='par_1_23' title="bbox 267 1067 1059 1103">
     <span class='ocr_line' id='line_1_23' title="bbox 267 1067 1059 1103; baseline -0.011 0"><span class='ocrx_word' id='word_1_147' title='bbox 267 1075 341 1103; x_wconf 87' lang='lat' dir='ltr'><strong>Deus</strong></span> <span class='ocrx_word' id='word_1_148' title='bbox 367 1074 479 1101; x_wconf 87' lang='lat' dir='ltr'><strong>tradidit</strong></span> <span class='ocrx_word' id='word_1_149' title='bbox 499 1074 525 1100; x_wconf 89' lang='lat' dir='ltr'><strong>in</strong></span> <span class='ocrx_word' id='word_1_150' title='bbox 550 1079 649 1100; x_wconf 87' lang='lat' dir='ltr'><strong>manus</strong></span> <span class='ocrx_word' id='word_1_151' title='bbox 675 1069 835 1102; x_wconf 85' lang='lat' dir='ltr'><strong>Justiuiani,</strong></span> <span class='ocrx_word' id='word_1_152' title='bbox 864 1072 891 1096; x_wconf 90' lang='lat' dir='ltr'><strong>et</strong></span> <span class='ocrx_word' id='word_1_153' title='bbox 920 1067 1059 1096; x_wconf 86' lang='lat' dir='ltr'><strong>interemit</strong></span> 
     </span>
    </p>
   </div>
   <div class='ocr_carea' id='block_1_24' title="bbox 268 1114 1059 1152">
    <p class='ocr_par' dir='ltr' id='par_1_24' title="bbox 268 1114 1059 1152">
     <span class='ocr_line' id='line_1_24' title="bbox 268 1114 1059 1152; baseline -0.01 -5"><span class='ocrx_word' id='word_1_154' title='bbox 268 1127 377 1152; x_wconf 85' lang='lat' dir='ltr'><strong>omnes,</strong></span> <span class='ocrx_word' id='word_1_155' title='bbox 394 1123 421 1146; x_wconf 91' lang='lat' dir='ltr'><strong>et</strong></span> <span class='ocrx_word' id='word_1_156' title='bbox 433 1117 579 1146; x_wconf 87' lang='lat' dir='ltr'><strong>decollavit</strong></span> <span class='ocrx_word' id='word_1_157' title='bbox 602 1116 740 1144; x_wconf 80' lang='lat' dir='ltr'><strong>Julianum</strong></span> <span class='ocrx_word' id='word_1_158' title='bbox 768 1120 927 1151; x_wconf 79' lang='lat' dir='ltr'><strong>tyrannum.</strong></span> <span class='ocrx_word' id='word_1_159' title='bbox 951 1114 1059 1141; x_wconf 84' lang='lat' dir='ltr'><strong>Interea</strong></span> 
     </span>
    </p>
   </div>
   <div class='ocr_carea' id='block_1_25' title="bbox 269 1160 1058 1200">
    <p class='ocr_par' dir='ltr' id='par_1_25' title="bbox 269 1160 1058 1200">
     <span class='ocr_line' id='line_1_25' title="bbox 269 1160 1058 1200; baseline -0.009 -7"><span class='ocrx_word' id='word_1_160' title='bbox 269 1166 352 1194; x_wconf 90' lang='lat' dir='ltr'><strong>tertio</strong></span> <span class='ocrx_word' id='word_1_161' title='bbox 367 1164 473 1200; x_wconf 85' lang='lat' dir='ltr'><strong>imperii</strong></span> <span class='ocrx_word' id='word_1_162' title='bbox 491 1164 534 1191; x_wconf 87' lang='lat' dir='ltr'><strong>sui</strong></span> <span class='ocrx_word' id='word_1_163' title='bbox 547 1170 621 1190; x_wconf 91' lang='lat' dir='ltr'><strong>anno</strong></span> <span class='ocrx_word' id='word_1_164' title='bbox 632 1161 806 1189; x_wconf 86' lang='lat' dir='ltr'><strong>Justinianus</strong></span> <span class='ocrx_word' id='word_1_165' title='bbox 824 1160 973 1195; x_wconf 86' lang='lat' dir='ltr'><strong>imperator</strong></span> <span class='ocrx_word' id='word_1_166' title='bbox 994 1166 1058 1194; x_wconf 89' lang='lat' dir='ltr'><strong>pro-</strong></span> 
     </span>
    </p>
   </div>
   <div class='ocr_carea' id='block_1_26' title="bbox 270 1206 1059 1247">
    <p class='ocr_par' dir='ltr' id='par_1_26' title="bbox 270 1206 1059 1247">
     <span class='ocr_line' id='line_1_26' title="bbox 270 1206 1059 1247; baseline -0.008 -8"><span class='ocrx_word' id='word_1_167' title='bbox 270 1212 403 1247; x_wconf 82' lang='lat' dir='ltr'><strong>mulgavit</strong></span> <span class='ocrx_word' id='word_1_168' title='bbox 417 1219 451 1239; x_wconf 90' lang='lat' dir='ltr'><strong>ne</strong></span> <span class='ocrx_word' id='word_1_169' title='bbox 473 1211 624 1238; x_wconf 86' lang='lat' dir='ltr'><strong>militarent</strong></span> <span class='ocrx_word' id='word_1_170' title='bbox 650 1209 749 1245; x_wconf 86' lang='lat' dir='ltr'><strong>pagani</strong></span> <span class='ocrx_word' id='word_1_171' title='bbox 772 1215 824 1235; x_wconf 86' lang='lat' dir='ltr'><strong>nec</strong></span> <span class='ocrx_word' id='word_1_172' title='bbox 849 1207 982 1240; x_wconf 72' lang='lat' dir='ltr'><strong>haeretici,</strong></span> <span class='ocrx_word' id='word_1_173' title='bbox 1006 1206 1059 1234; x_wconf 90' lang='lat' dir='ltr'><strong>nisi</strong></span> 
     </span>
    </p>
   </div>
   <div class='ocr_carea' id='block_1_27' title="bbox 271 1252 1061 1289">
    <p class='ocr_par' dir='ltr' id='par_1_27' title="bbox 271 1252 1061 1289">
     <span class='ocr_line' id='line_1_27' title="bbox 271 1252 1061 1289; baseline -0.009 -3"><span class='ocrx_word' id='word_1_174' title='bbox 271 1259 323 1286; x_wconf 82' lang='lat' dir='ltr'><strong>soli</strong></span> <span class='ocrx_word' id='word_1_175' title='bbox 350 1257 498 1285; x_wconf 79' lang='lat' dir='ltr'><strong>orthodoxi</strong></span> <span class='ocrx_word' id='word_1_176' title='bbox 524 1256 685 1289; x_wconf 87' lang='lat' dir='ltr'><strong>Christiani,</strong></span> <span class='ocrx_word' id='word_1_177' title='bbox 706 1255 775 1282; x_wconf 85' lang='lat' dir='ltr'><strong>dans</strong></span> <span class='ocrx_word' id='word_1_178' title='bbox 803 1254 858 1281; x_wconf 88' lang='lat' dir='ltr'><strong>illis</strong></span> <span class='ocrx_word' id='word_1_179' title='bbox 881 1257 909 1281; x_wconf 89' lang='lat' dir='ltr'><strong>et</strong></span> <span class='ocrx_word' id='word_1_180' title='bbox 937 1252 1061 1280; x_wconf 84' lang='lat' dir='ltr'><strong>inducias</strong></span> 
     </span>
    </p>
   </div>
   <div class='ocr_carea' id='block_1_28' title="bbox 272 1301 901 1340">
    <p class='ocr_par' dir='ltr' id='par_1_28' title="bbox 272 1301 901 1340">
     <span class='ocr_line' id='line_1_28' title="bbox 272 1301 901 1340; baseline -0.01 -8"><span class='ocrx_word' id='word_1_181' title='bbox 272 1312 361 1340; x_wconf 91' lang='lat' dir='ltr'><strong>usque</strong></span> <span class='ocrx_word' id='word_1_182' title='bbox 379 1304 413 1332; x_wconf 87' lang='lat' dir='ltr'><strong>ad</strong></span> <span class='ocrx_word' id='word_1_183' title='bbox 429 1311 538 1331; x_wconf 87' lang='lat' dir='ltr'><strong>menses</strong></span> <span class='ocrx_word' id='word_1_184' title='bbox 554 1306 610 1329; x_wconf 88' lang='lat' dir='ltr'><strong>tres</strong></span> <span class='ocrx_word' id='word_1_185' title='bbox 630 1301 662 1328; x_wconf 90' lang='lat' dir='ltr'><strong>ad</strong></span> <span class='ocrx_word' id='word_1_186' title='bbox 683 1301 901 1328; x_wconf 83' lang='lat' dir='ltr'><strong>conversionem.</strong></span> 
     </span>
    </p>
   </div>
   <div class='ocr_carea' id='block_1_29' title="bbox 310 1344 1063 1385">
    <p class='ocr_par' dir='ltr' id='par_1_29' title="bbox 310 1344 1063 1385">
     <span class='ocr_line' id='line_1_29' title="bbox 310 1344 1063 1385; baseline -0.009 -7"><span class='ocrx_word' id='word_1_187' title='bbox 310 1350 432 1385; x_wconf 83' lang='lat' dir='ltr'><strong>Septimo</strong></span> <span class='ocrx_word' id='word_1_188' title='bbox 449 1349 558 1384; x_wconf 87' lang='lat' dir='ltr'><strong>imperii</strong></span> <span class='ocrx_word' id='word_1_189' title='bbox 569 1347 720 1376; x_wconf 70' lang='lat' dir='ltr'><strong>Iustiniani</strong></span> <span class='ocrx_word' id='word_1_190' title='bbox 735 1354 807 1374; x_wconf 90' lang='lat' dir='ltr'><strong>anno</strong></span> <span class='ocrx_word' id='word_1_191' title='bbox 823 1345 896 1373; x_wconf 72' lang='lat' dir='ltr'><strong>facta</strong></span> <span class='ocrx_word' id='word_1_192' title='bbox 914 1344 1063 1372; x_wconf 84' lang='lat' dir='ltr'><strong>suntVau-</strong></span> 
     </span>
    </p>
   </div>
   <div class='ocr_carea' id='block_1_30' title="bbox 272 1391 1063 1430">
    <p class='ocr_par' dir='ltr' id='par_1_30' title="bbox 272 1391 1063 1430">
     <span class='ocr_line' id='line_1_30' title="bbox 272 1391 1063 1430; baseline -0.01 -5"><span class='ocrx_word' id='word_1_193' title='bbox 272 1397 363 1425; x_wconf 87' lang='lat' dir='ltr'><strong>dalica</strong></span> <span class='ocrx_word' id='word_1_194' title='bbox 380 1397 464 1428; x_wconf 90' lang='lat' dir='ltr'><strong>bella,</strong></span> <span class='ocrx_word' id='word_1_195' title='bbox 490 1401 518 1423; x_wconf 86' lang='lat' dir='ltr'><strong>et</strong></span> <span class='ocrx_word' id='word_1_196' title='bbox 537 1395 641 1430; x_wconf 85' lang='lat' dir='ltr'><strong>recepit</strong></span> <span class='ocrx_word' id='word_1_197' title='bbox 659 1394 812 1421; x_wconf 85' lang='lat' dir='ltr'><strong>Belisarius</strong></span> <span class='ocrx_word' id='word_1_198' title='bbox 829 1392 964 1419; x_wconf 78' lang='lat' dir='ltr'><strong>Africam.</strong></span> <span class='ocrx_word' id='word_1_199' title='bbox 979 1391 1063 1419; x_wconf 83' lang='lat' dir='ltr'><strong>Deni-</strong></span> 
     </span>
    </p>
   </div>
   <div class='ocr_carea' id='block_1_31' title="bbox 272 1438 1061 1479">
    <p class='ocr_par' dir='ltr' id='par_1_31' title="bbox 272 1438 1061 1479">
     <span class='ocr_line' id='line_1_31' title="bbox 272 1438 1061 1479; baseline -0.008 -9"><span class='ocrx_word' id='word_1_200' title='bbox 272 1452 326 1479; x_wconf 86' lang='lat' dir='ltr'><strong>que</strong></span> <span class='ocrx_word' id='word_1_201' title='bbox 339 1443 456 1470; x_wconf 84' lang='lat' dir='ltr'><strong>Vandali</strong></span> <span class='ocrx_word' id='word_1_202' title='bbox 474 1442 526 1470; x_wconf 87' lang='lat' dir='ltr'><strong>sub</strong></span> <span class='ocrx_word' id='word_1_203' title='bbox 543 1441 661 1468; x_wconf 81' lang='lat' dir='ltr'><strong>Arcadio</strong></span> <span class='ocrx_word' id='word_1_204' title='bbox 675 1445 702 1468; x_wconf 89' lang='lat' dir='ltr'><strong>et</strong></span> <span class='ocrx_word' id='word_1_205' title='bbox 716 1439 837 1468; x_wconf 86' lang='lat' dir='ltr'><strong>llonorio</strong></span> <span class='ocrx_word' id='word_1_206' title='bbox 852 1438 885 1466; x_wconf 89' lang='lat' dir='ltr'><strong>ad</strong></span> <span class='ocrx_word' id='word_1_207' title='bbox 900 1438 1061 1473; x_wconf 85' lang='lat' dir='ltr'><strong>Hispaniam</strong></span> 
     </span>
    </p>
   </div>
   <div class='ocr_carea' id='block_1_32' title="bbox 273 1484 1062 1523">
    <p class='ocr_par' dir='ltr' id='par_1_32' title="bbox 273 1484 1062 1523">
     <span class='ocr_line' id='line_1_32' title="bbox 273 1484 1062 1523; baseline -0.009 -6"><span class='ocrx_word' id='word_1_208' title='bbox 273 1491 417 1518; x_wconf 85' lang='lat' dir='ltr'><strong>venientes</strong></span> <span class='ocrx_word' id='word_1_209' title='bbox 446 1497 508 1516; x_wconf 91' lang='lat' dir='ltr'><strong>cum</strong></span> <span class='ocrx_word' id='word_1_210' title='bbox 526 1488 686 1523; x_wconf 79' lang='lat' dir='ltr'><strong>Godigisclo</strong></span> <span class='ocrx_word' id='word_1_211' title='bbox 705 1494 770 1522; x_wconf 79' lang='lat' dir='ltr'><strong>rege</strong></span> <span class='ocrx_word' id='word_1_212' title='bbox 799 1493 861 1518; x_wconf 86' lang='lat' dir='ltr'><strong>suo,</strong></span> <span class='ocrx_word' id='word_1_213' title='bbox 883 1489 912 1512; x_wconf 88' lang='lat' dir='ltr'><strong>et</strong></span> <span class='ocrx_word' id='word_1_214' title='bbox 926 1492 959 1511; x_wconf 89' lang='lat' dir='ltr'><strong>ex</strong></span> <span class='ocrx_word' id='word_1_215' title='bbox 979 1491 1010 1511; x_wconf 88' lang='lat' dir='ltr'><strong>ea</strong></span> <span class='ocrx_word' id='word_1_216' title='bbox 1034 1484 1062 1511; x_wconf 93' lang='lat' dir='ltr'><strong>in</strong></span> 
     </span>
    </p>
   </div>
   <div class='ocr_carea' id='block_1_33' title="bbox 1096 234 1889 274">
    <p class='ocr_par' dir='ltr' id='par_1_33' title="bbox 1096 234 1889 274">
     <span class='ocr_line' id='line_1_33' title="bbox 1096 234 1889 274; baseline -0.019 -1"><span class='ocrx_word' id='word_1_217' title='bbox 1096 245 1194 274; x_wconf 87' lang='lat' dir='ltr'><strong>stadiis</strong></span> <span class='ocrx_word' id='word_1_218' title='bbox 1217 243 1399 272; x_wconf 81' lang='lat' dir='ltr'><strong>dilIerentem.</strong></span> <span class='ocrx_word' id='word_1_219' title='bbox 1428 241 1580 274; x_wconf 80' lang='lat' dir='ltr'><strong>Procopius</strong></span> <span class='ocrx_word' id='word_1_220' title='bbox 1616 243 1682 271; x_wconf 86' lang='lat' dir='ltr'><strong>ergo</strong></span> <span class='ocrx_word' id='word_1_221' title='bbox 1718 234 1889 270; x_wconf 71' lang='lat' dir='ltr'><strong>Syracusana</strong></span> 
     </span>
    </p>
   </div>
   <div class='ocr_carea' id='block_1_34' title="bbox 1097 282 1890 328">
    <p class='ocr_par' dir='ltr' id='par_1_34' title="bbox 1097 282 1890 328">
     <span class='ocr_line' id='line_1_34' title="bbox 1097 282 1890 328; baseline -0.019 -7"><span class='ocrx_word' id='word_1_222' title='bbox 1097 294 1240 328; x_wconf 83' lang='lat' dir='ltr'><strong>ingressus</strong></span> <span class='ocrx_word' id='word_1_223' title='bbox 1257 298 1337 319; x_wconf 85' lang='lat' dir='ltr'><strong>escas</strong></span> <span class='ocrx_word' id='word_1_224' title='bbox 1350 289 1414 317; x_wconf 90' lang='lat' dir='ltr'><strong>emit</strong></span> <span class='ocrx_word' id='word_1_225' title='bbox 1428 287 1501 323; x_wconf 88' lang='lat' dir='ltr'><strong>apud</strong></span> <span class='ocrx_word' id='word_1_226' title='bbox 1516 282 1758 314; x_wconf 72' lang='lat' dir='ltr'><strong>Amalasuntham,</strong></span> <span class='ocrx_word' id='word_1_227' title='bbox 1773 286 1890 308; x_wconf 82' lang='lat' dir='ltr'><strong>uxorem</strong></span> 
     </span>
    </p>
   </div>
   <div class='ocr_carea' id='block_1_35' title="bbox 1098 326 1890 370">
    <p class='ocr_par' dir='ltr' id='par_1_35' title="bbox 1098 326 1890 370">
     <span class='ocr_line' id='line_1_35' title="bbox 1098 326 1890 370; baseline -0.016 -5"><span class='ocrx_word' id='word_1_228' title='bbox 1098 326 1293 370; x_wconf 66' lang='lat' dir='ltr'><strong>Tlieuderichi,</strong></span> <span class='ocrx_word' id='word_1_229' title='bbox 1309 340 1425 364; x_wconf 87' lang='lat' dir='ltr'><strong>matrem</strong></span> <span class='ocrx_word' id='word_1_230' title='bbox 1444 337 1537 361; x_wconf 85' lang='lat' dir='ltr'><strong>autem</strong></span> <span class='ocrx_word' id='word_1_231' title='bbox 1561 329 1716 358; x_wconf 80' lang='lat' dir='ltr'><strong>Malarichi</strong></span> <span class='ocrx_word' id='word_1_232' title='bbox 1731 327 1808 362; x_wconf 83' lang='lat' dir='ltr'><strong>regis</strong></span> <span class='ocrx_word' id='word_1_233' title='bbox 1834 326 1890 353; x_wconf 61' lang='grc' dir='ltr'>ιιι.</span> 
     </span>
    </p>
   </div>
   <div class='ocr_carea' id='block_1_36' title="bbox 1099 372 1891 418">
    <p class='ocr_par' dir='ltr' id='par_1_36' title="bbox 1099 372 1891 418">
     <span class='ocr_line' id='line_1_36' title="bbox 1099 372 1891 418; baseline -0.018 -5"><span class='ocrx_word' id='word_1_234' title='bbox 1099 386 1153 418; x_wconf 75' lang='lat' dir='ltr'><strong>lize,</strong></span> <span class='ocrx_word' id='word_1_235' title='bbox 1182 383 1333 412; x_wconf 83' lang='lat' dir='ltr'><strong>amicitiam</strong></span> <span class='ocrx_word' id='word_1_236' title='bbox 1350 388 1414 417; x_wconf 85' lang='lat' dir='ltr'><strong>erga</strong></span> <span class='ocrx_word' id='word_1_237' title='bbox 1425 378 1615 407; x_wconf 81' lang='lat' dir='ltr'><strong>Justinianum</strong></span> <span class='ocrx_word' id='word_1_238' title='bbox 1638 375 1800 403; x_wconf 84' lang='lat' dir='ltr'><strong>habentem.</strong></span> <span class='ocrx_word' id='word_1_239' title='bbox 1814 372 1891 400; x_wconf 91' lang='lat' dir='ltr'><strong>Con-</strong></span> 
     </span>
    </p>
   </div>
   <div class='ocr_carea' id='block_1_37' title="bbox 1100 418 1892 464">
    <p class='ocr_par' dir='ltr' id='par_1_37' title="bbox 1100 418 1892 464">
     <span class='ocr_line' id='line_1_37' title="bbox 1100 418 1892 464; baseline -0.016 -5"><span class='ocrx_word' id='word_1_240' title='bbox 1100 435 1214 459; x_wconf 86' lang='lat' dir='ltr'><strong>secutus</strong></span> <span class='ocrx_word' id='word_1_241' title='bbox 1223 437 1334 464; x_wconf 87' lang='lat' dir='ltr'><strong>qu0quc</strong></span> <span class='ocrx_word' id='word_1_242' title='bbox 1348 432 1392 456; x_wconf 87' lang='lat' dir='ltr'><strong>est</strong></span> <span class='ocrx_word' id='word_1_243' title='bbox 1403 426 1544 462; x_wconf 84' lang='lat' dir='ltr'><strong>inopinate</strong></span> <span class='ocrx_word' id='word_1_244' title='bbox 1559 424 1650 452; x_wconf 91' lang='lat' dir='ltr'><strong>virum</strong></span> <span class='ocrx_word' id='word_1_245' title='bbox 1667 422 1715 457; x_wconf 91' lang='lat' dir='ltr'><strong>qui</strong></span> <span class='ocrx_word' id='word_1_246' title='bbox 1730 421 1786 449; x_wconf 88' lang='lat' dir='ltr'><strong>sibi</strong></span> <span class='ocrx_word' id='word_1_247' title='bbox 1800 418 1892 447; x_wconf 77' lang='lat' dir='ltr'><strong>fuerat</strong></span> 
     </span>
    </p>
   </div>
   <div class='ocr_carea' id='block_1_38' title="bbox 1101 468 1894 511">
    <p class='ocr_par' dir='ltr' id='par_1_38' title="bbox 1101 468 1894 511">
     <span class='ocr_line' id='line_1_38' title="bbox 1101 468 1894 511; baseline -0.014 -6"><span class='ocrx_word' id='word_1_248' title='bbox 1101 477 1208 505; x_wconf 85' lang='lat' dir='ltr'><strong>amicus</strong></span> <span class='ocrx_word' id='word_1_249' title='bbox 1234 484 1249 503; x_wconf 90' lang='lat' dir='ltr'><strong>a</strong></span> <span class='ocrx_word' id='word_1_250' title='bbox 1265 483 1373 511; x_wconf 80' lang='lat' dir='ltr'><strong>puero,</strong></span> <span class='ocrx_word' id='word_1_251' title='bbox 1399 475 1505 509; x_wconf 84' lang='lat' dir='ltr'><strong>quiquo</strong></span> <span class='ocrx_word' id='word_1_252' title='bbox 1532 470 1754 506; x_wconf 85' lang='lat' dir='ltr'><strong>experimentum</strong></span> <span class='ocrx_word' id='word_1_253' title='bbox 1782 468 1894 496; x_wconf 82' lang='lat' dir='ltr'><strong>habens</strong></span> 
     </span>
    </p>
   </div>
   <div class='ocr_carea' id='block_1_39' title="bbox 1101 516 1896 558">
    <p class='ocr_par' dir='ltr' id='par_1_39' title="bbox 1101 516 1896 558">
     <span class='ocr_line' id='line_1_39' title="bbox 1101 516 1896 558; baseline -0.011 -8"><span class='ocrx_word' id='word_1_254' title='bbox 1101 523 1193 558; x_wconf 72' lang='lat' dir='ltr'><strong>Libya:</strong></span> <span class='ocrx_word' id='word_1_255' title='bbox 1203 523 1327 550; x_wconf 89' lang='lat' dir='ltr'><strong>locorum</strong></span> <span class='ocrx_word' id='word_1_256' title='bbox 1341 526 1370 550; x_wconf 88' lang='lat' dir='ltr'><strong>et</strong></span> <span class='ocrx_word' id='word_1_257' title='bbox 1386 521 1481 553; x_wconf 84' lang='lat' dir='ltr'><strong>maris.</strong></span> <span class='ocrx_word' id='word_1_258' title='bbox 1496 523 1550 547; x_wconf 88' lang='lat' dir='ltr'><strong>tres</strong></span> <span class='ocrx_word' id='word_1_259' title='bbox 1579 521 1686 545; x_wconf 84' lang='lat' dir='ltr'><strong>tantum</strong></span> <span class='ocrx_word' id='word_1_260' title='bbox 1711 516 1771 544; x_wconf 82' lang='lat' dir='ltr'><strong>dies</strong></span> <span class='ocrx_word' id='word_1_261' title='bbox 1801 520 1896 542; x_wconf 87' lang='lat' dir='ltr'><strong>trans-</strong></span> 
     </span>
    </p>
   </div>
   <div class='ocr_carea' id='block_1_40' title="bbox 1102 562 1898 604">
    <p class='ocr_par' dir='ltr' id='par_1_40' title="bbox 1102 562 1898 604">
     <span class='ocr_line' id='line_1_40' title="bbox 1102 562 1898 604; baseline -0.013 -7"><span class='ocrx_word' id='word_1_262' title='bbox 1102 570 1193 597; x_wconf 84' lang='lat' dir='ltr'><strong>ierant</strong></span> <span class='ocrx_word' id='word_1_263' title='bbox 1207 577 1240 596; x_wconf 86' lang='lat' dir='ltr'><strong>ex</strong></span> <span class='ocrx_word' id='word_1_264' title='bbox 1254 576 1310 604; x_wconf 90' lang='lat' dir='ltr'><strong>quo</strong></span> <span class='ocrx_word' id='word_1_265' title='bbox 1337 567 1505 602; x_wconf 73' lang='lat' dir='ltr'><strong>Carthagine</strong></span> <span class='ocrx_word' id='word_1_266' title='bbox 1517 568 1641 593; x_wconf 81' lang='lat' dir='ltr'><strong>verterat.</strong></span> <span class='ocrx_word' id='word_1_267' title='bbox 1664 562 1698 590; x_wconf 84' lang='lat' dir='ltr'><strong>Et</strong></span> <span class='ocrx_word' id='word_1_268' title='bbox 1714 562 1898 590; x_wconf 77' lang='lat' dir='ltr'><strong>asseverabat</strong></span> 
     </span>
    </p>
   </div>
   <div class='ocr_carea' id='block_1_41' title="bbox 1102 609 1897 644">
    <p class='ocr_par' dir='ltr' id='par_1_41' title="bbox 1102 609 1897 644">
     <span class='ocr_line' id='line_1_41' title="bbox 1102 609 1897 644; baseline -0.013 0"><span class='ocrx_word' id='word_1_269' title='bbox 1102 623 1214 644; x_wconf 89' lang='lat' dir='ltr'><strong>omnem</strong></span> <span class='ocrx_word' id='word_1_270' title='bbox 1229 615 1406 643; x_wconf 81' lang='lat' dir='ltr'><strong>securitatem</strong></span> <span class='ocrx_word' id='word_1_271' title='bbox 1422 613 1523 640; x_wconf 86' lang='lat' dir='ltr'><strong>habere</strong></span> <span class='ocrx_word' id='word_1_272' title='bbox 1542 612 1616 643; x_wconf 87' lang='lat' dir='ltr'><strong>illos,</strong></span> <span class='ocrx_word' id='word_1_273' title='bbox 1632 615 1660 638; x_wconf 87' lang='lat' dir='ltr'><strong>et</strong></span> <span class='ocrx_word' id='word_1_274' title='bbox 1675 609 1749 637; x_wconf 92' lang='lat' dir='ltr'><strong>haud</strong></span> <span class='ocrx_word' id='word_1_275' title='bbox 1771 612 1897 636; x_wconf 83' lang='lat' dir='ltr'><strong>metuere</strong></span> 
     </span>
    </p>
   </div>
   <div class='ocr_carea' id='block_1_42' title="bbox 1103 657 1897 698">
    <p class='ocr_par' dir='ltr' id='par_1_42' title="bbox 1103 657 1897 698">
     <span class='ocr_line' id='line_1_42' title="bbox 1103 657 1897 698; baseline -0.011 -10"><span class='ocrx_word' id='word_1_276' title='bbox 1103 669 1271 698; x_wconf 88' lang='lat' dir='ltr'><strong>quentquam</strong></span> <span class='ocrx_word' id='word_1_277' title='bbox 1295 661 1404 688; x_wconf 92' lang='lat' dir='ltr'><strong>illorum</strong></span> <span class='ocrx_word' id='word_1_278' title='bbox 1425 658 1499 693; x_wconf 86' lang='lat' dir='ltr'><strong>quod</strong></span> <span class='ocrx_word' id='word_1_279' title='bbox 1519 657 1653 684; x_wconf 89' lang='lat' dir='ltr'><strong>adversus</strong></span> <span class='ocrx_word' id='word_1_280' title='bbox 1681 662 1712 682; x_wconf 88' lang='lat' dir='ltr'><strong>se</strong></span> <span class='ocrx_word' id='word_1_281' title='bbox 1739 657 1897 682; x_wconf 88' lang='lat' dir='ltr'><strong>moveretur</strong></span> 
     </span>
    </p>
   </div>
   <div class='ocr_carea' id='block_1_43' title="bbox 1103 700 1895 741">
    <p class='ocr_par' dir='ltr' id='par_1_43' title="bbox 1103 700 1895 741">
     <span class='ocr_line' id='line_1_43' title="bbox 1103 700 1895 741; baseline -0.013 -6"><span class='ocrx_word' id='word_1_282' title='bbox 1103 707 1253 739; x_wconf 84' lang='lat' dir='ltr'><strong>exercitus,</strong></span> <span class='ocrx_word' id='word_1_283' title='bbox 1271 707 1308 733; x_wconf 83' lang='lat' dir='ltr'><strong>ita</strong></span> <span class='ocrx_word' id='word_1_284' title='bbox 1326 710 1382 733; x_wconf 91' lang='lat' dir='ltr'><strong>uta</strong></span> <span class='ocrx_word' id='word_1_285' title='bbox 1395 708 1515 741; x_wconf 86' lang='lat' dir='ltr'><strong>quatuor</strong></span> <span class='ocrx_word' id='word_1_286' title='bbox 1530 702 1724 730; x_wconf 87' lang='lat' dir='ltr'><strong>mansionibus</strong></span> <span class='ocrx_word' id='word_1_287' title='bbox 1737 701 1793 736; x_wconf 69' lang='lat'><strong>(27)</strong></span> <span class='ocrx_word' id='word_1_288' title='bbox 1807 700 1895 726; x_wconf 86' lang='lat' dir='ltr'><strong>maris</strong></span> 
     </span>
    </p>
   </div>
   <div class='ocr_carea' id='block_1_44' title="bbox 1105 744 1899 785">
    <p class='ocr_par' dir='ltr' id='par_1_44' title="bbox 1105 744 1899 785">
     <span class='ocr_line' id='line_1_44' title="bbox 1105 744 1899 785; baseline -0.014 -3"><span class='ocrx_word' id='word_1_289' title='bbox 1105 754 1223 783; x_wconf 85' lang='lat' dir='ltr'><strong>Geliuter</strong></span> <span class='ocrx_word' id='word_1_290' title='bbox 1251 756 1416 780; x_wconf 78' lang='lat' dir='ltr'><strong>moraretur.</strong></span> <span class='ocrx_word' id='word_1_291' title='bbox 1439 751 1517 778; x_wconf 84' lang='lat' dir='ltr'><strong>llunc</strong></span> <span class='ocrx_word' id='word_1_292' title='bbox 1541 756 1608 785; x_wconf 89' lang='lat' dir='ltr'><strong>ergo</strong></span> <span class='ocrx_word' id='word_1_293' title='bbox 1630 751 1808 782; x_wconf 86' lang='lat' dir='ltr'><strong>assumptum</strong></span> <span class='ocrx_word' id='word_1_294' title='bbox 1825 744 1899 772; x_wconf 86' lang='lat' dir='ltr'><strong>Pro-</strong></span> 
     </span>
    </p>
   </div>
   <div class='ocr_carea' id='block_1_45' title="bbox 1105 793 1897 834">
    <p class='ocr_par' dir='ltr' id='par_1_45' title="bbox 1105 793 1897 834">
     <span class='ocr_line' id='line_1_45' title="bbox 1105 793 1897 834; baseline -0.011 -7"><span class='ocrx_word' id='word_1_295' title='bbox 1105 800 1202 834; x_wconf 87' lang='lat' dir='ltr'><strong>copius</strong></span> <span class='ocrx_word' id='word_1_296' title='bbox 1219 799 1253 826; x_wconf 89' lang='lat' dir='ltr'><strong>ad</strong></span> <span class='ocrx_word' id='word_1_297' title='bbox 1278 798 1408 826; x_wconf 84' lang='lat' dir='ltr'><strong>Caucana</strong></span> <span class='ocrx_word' id='word_1_298' title='bbox 1422 796 1588 832; x_wconf 87' lang='lat' dir='ltr'><strong>perveniens</strong></span> <span class='ocrx_word' id='word_1_299' title='bbox 1607 793 1743 822; x_wconf 84' lang='lat' dir='ltr'><strong>Belisario</strong></span> <span class='ocrx_word' id='word_1_300' title='bbox 1769 799 1897 827; x_wconf 68' lang='lat' dir='ltr'><strong>praesen-</strong></span> 
     </span>
    </p>
   </div>
   <div class='ocr_carea' id='block_1_46' title="bbox 1107 837 1899 877">
    <p class='ocr_par' dir='ltr' id='par_1_46' title="bbox 1107 837 1899 877">
     <span class='ocr_line' id='line_1_46' title="bbox 1107 837 1899 877; baseline -0.011 -5"><span class='ocrx_word' id='word_1_301' title='bbox 1107 845 1186 872; x_wconf 81' lang='lat' dir='ltr'><strong>tavit.</strong></span> <span class='ocrx_word' id='word_1_302' title='bbox 1213 843 1319 877; x_wconf 86' lang='lat' dir='ltr'><strong>Quibus</strong></span> <span class='ocrx_word' id='word_1_303' title='bbox 1344 841 1494 877; x_wconf 86' lang='lat' dir='ltr'><strong>compertis</strong></span> <span class='ocrx_word' id='word_1_304' title='bbox 1520 839 1672 868; x_wconf 85' lang='lat' dir='ltr'><strong>Belisarius</strong></span> <span class='ocrx_word' id='word_1_305' title='bbox 1699 837 1899 869; x_wconf 84' lang='lat' dir='ltr'><strong>trausmeavit,</strong></span> 
     </span>
    </p>
   </div>
   <div class='ocr_carea' id='block_1_47' title="bbox 1107 886 1901 924">
    <p class='ocr_par' dir='ltr' id='par_1_47' title="bbox 1107 886 1901 924">
     <span class='ocr_line' id='line_1_47' title="bbox 1107 886 1901 924; baseline -0.011 -6"><span class='ocrx_word' id='word_1_306' title='bbox 1107 896 1135 918; x_wconf 92' lang='lat' dir='ltr'><strong>et</strong></span> <span class='ocrx_word' id='word_1_307' title='bbox 1159 890 1226 918; x_wconf 90' lang='lat' dir='ltr'><strong>exiit</strong></span> <span class='ocrx_word' id='word_1_308' title='bbox 1255 889 1282 916; x_wconf 91' lang='lat' dir='ltr'><strong>in</strong></span> <span class='ocrx_word' id='word_1_309' title='bbox 1314 888 1454 924; x_wconf 87' lang='lat' dir='ltr'><strong>quoddam</strong></span> <span class='ocrx_word' id='word_1_310' title='bbox 1480 886 1635 922; x_wconf 67' lang='lat' dir='ltr'><strong>praedium;</strong></span> <span class='ocrx_word' id='word_1_311' title='bbox 1656 890 1841 919; x_wconf 76' lang='lat' dir='ltr'><strong>aggeremque</strong></span> <span class='ocrx_word' id='word_1_312' title='bbox 1865 889 1901 909; x_wconf 87' lang='lat' dir='ltr'><strong>ac</strong></span> 
     </span>
    </p>
   </div>
   <div class='ocr_carea' id='block_1_48' title="bbox 1107 928 1901 971">
    <p class='ocr_par' dir='ltr' id='par_1_48' title="bbox 1107 928 1901 971">
     <span class='ocr_line' id='line_1_48' title="bbox 1107 928 1901 971; baseline -0.01 -7"><span class='ocrx_word' id='word_1_313' title='bbox 1107 936 1208 964; x_wconf 77' lang='lat' dir='ltr'><strong>vallum</strong></span> <span class='ocrx_word' id='word_1_314' title='bbox 1223 935 1389 971; x_wconf 79' lang='lat' dir='ltr'><strong>profundum</strong></span> <span class='ocrx_word' id='word_1_315' title='bbox 1401 934 1534 961; x_wconf 78' lang='lat' dir='ltr'><strong>facientes</strong></span> <span class='ocrx_word' id='word_1_316' title='bbox 1549 930 1737 960; x_wconf 82' lang='lat' dir='ltr'><strong>castrametati</strong></span> <span class='ocrx_word' id='word_1_317' title='bbox 1752 934 1827 958; x_wconf 86' lang='lat' dir='ltr'><strong>sunt.</strong></span> <span class='ocrx_word' id='word_1_318' title='bbox 1844 928 1901 957; x_wconf 84' lang='lat' dir='ltr'><strong>Ubi</strong></span> 
     </span>
    </p>
   </div>
   <div class='ocr_carea' id='block_1_49' title="bbox 1107 977 1903 1017">
    <p class='ocr_par' dir='ltr' id='par_1_49' title="bbox 1107 977 1903 1017">
     <span class='ocr_line' id='line_1_49' title="bbox 1107 977 1903 1017; baseline -0.013 -4"><span class='ocrx_word' id='word_1_319' title='bbox 1107 989 1135 1013; x_wconf 88' lang='lat' dir='ltr'><strong>et</strong></span> <span class='ocrx_word' id='word_1_320' title='bbox 1152 991 1214 1012; x_wconf 92' lang='lat' dir='ltr'><strong>cum</strong></span> <span class='ocrx_word' id='word_1_321' title='bbox 1242 984 1321 1011; x_wconf 85' lang='lat' dir='ltr'><strong>locus</strong></span> <span class='ocrx_word' id='word_1_322' title='bbox 1352 983 1503 1017; x_wconf 84' lang='lat' dir='ltr'><strong>inaqnosus</strong></span> <span class='ocrx_word' id='word_1_323' title='bbox 1514 984 1606 1013; x_wconf 84' lang='lat' dir='ltr'><strong>esset,</strong></span> <span class='ocrx_word' id='word_1_324' title='bbox 1622 979 1694 1007; x_wconf 90' lang='lat' dir='ltr'><strong>vallo</strong></span> <span class='ocrx_word' id='word_1_325' title='bbox 1710 977 1811 1006; x_wconf 77' lang='lat' dir='ltr'><strong>ell’osso</strong></span> <span class='ocrx_word' id='word_1_326' title='bbox 1824 980 1903 1004; x_wconf 76' lang='lat' dir='ltr'><strong>terra</strong></span> 
     </span>
    </p>
   </div>
   <div class='ocr_carea' id='block_1_50' title="bbox 1108 1024 1904 1066">
    <p class='ocr_par' dir='ltr' id='par_1_50' title="bbox 1108 1024 1904 1066">
     <span class='ocr_line' id='line_1_50' title="bbox 1108 1024 1904 1066; baseline -0.011 -8"><span class='ocrx_word' id='word_1_327' title='bbox 1108 1030 1222 1066; x_wconf 87' lang='lat' dir='ltr'><strong>protulit</strong></span> <span class='ocrx_word' id='word_1_328' title='bbox 1237 1037 1337 1065; x_wconf 85' lang='lat' dir='ltr'><strong>aquam</strong></span> <span class='ocrx_word' id='word_1_329' title='bbox 1353 1029 1387 1056; x_wconf 88' lang='lat' dir='ltr'><strong>ad</strong></span> <span class='ocrx_word' id='word_1_330' title='bbox 1397 1035 1507 1056; x_wconf 91' lang='lat' dir='ltr'><strong>omnem</strong></span> <span class='ocrx_word' id='word_1_331' title='bbox 1520 1027 1680 1059; x_wconf 85' lang='lat' dir='ltr'><strong>utilitatem,</strong></span> <span class='ocrx_word' id='word_1_332' title='bbox 1700 1029 1755 1052; x_wconf 85' lang='lat' dir='ltr'><strong>tam</strong></span> <span class='ocrx_word' id='word_1_333' title='bbox 1771 1024 1904 1051; x_wconf 83' lang='lat' dir='ltr'><strong>animan-</strong></span> 
     </span>
    </p>
   </div>
   <div class='ocr_carea' id='block_1_51' title="bbox 1110 1070 1902 1111">
    <p class='ocr_par' dir='ltr' id='par_1_51' title="bbox 1110 1070 1902 1111">
     <span class='ocr_line' id='line_1_51' title="bbox 1110 1070 1902 1111; baseline -0.01 -7"><span class='ocrx_word' id='word_1_334' title='bbox 1110 1077 1184 1104; x_wconf 91' lang='lat' dir='ltr'><strong>tibus</strong></span> <span class='ocrx_word' id='word_1_335' title='bbox 1198 1083 1281 1111; x_wconf 91' lang='lat' dir='ltr'><strong>quam</strong></span> <span class='ocrx_word' id='word_1_336' title='bbox 1297 1075 1475 1103; x_wconf 83' lang='lat' dir='ltr'><strong>exercitibus.</strong></span> <span class='ocrx_word' id='word_1_337' title='bbox 1494 1072 1628 1108; x_wconf 75' lang='lat' dir='ltr'><strong>Sequenti</strong></span> <span class='ocrx_word' id='word_1_338' title='bbox 1653 1078 1718 1098; x_wconf 87' lang='lat' dir='ltr'><strong>vero</strong></span> <span class='ocrx_word' id='word_1_339' title='bbox 1745 1070 1790 1097; x_wconf 89' lang='lat' dir='ltr'><strong>die</strong></span> <span class='ocrx_word' id='word_1_340' title='bbox 1811 1076 1902 1104; x_wconf 80' lang='lat' dir='ltr'><strong>popu-</strong></span> 
     </span>
    </p>
   </div>
   <div class='ocr_carea' id='block_1_52' title="bbox 1110 1116 1900 1158">
    <p class='ocr_par' dir='ltr' id='par_1_52' title="bbox 1110 1116 1900 1158">
     <span class='ocr_line' id='line_1_52' title="bbox 1110 1116 1900 1158; baseline -0.011 -7"><span class='ocrx_word' id='word_1_341' title='bbox 1110 1123 1154 1151; x_wconf 88' lang='lat' dir='ltr'><strong>lus</strong></span> <span class='ocrx_word' id='word_1_342' title='bbox 1168 1123 1202 1151; x_wconf 89' lang='lat' dir='ltr'><strong>ad</strong></span> <span class='ocrx_word' id='word_1_343' title='bbox 1217 1122 1337 1158; x_wconf 73' lang='lat' dir='ltr'><strong>praedam</strong></span> <span class='ocrx_word' id='word_1_344' title='bbox 1364 1121 1498 1157; x_wconf 89' lang='lat' dir='ltr'><strong>prorupit.</strong></span> <span class='ocrx_word' id='word_1_345' title='bbox 1515 1119 1621 1147; x_wconf 69' lang='lat' dir='ltr'><strong>Praetor</strong></span> <span class='ocrx_word' id='word_1_346' title='bbox 1637 1121 1730 1145; x_wconf 87' lang='lat' dir='ltr'><strong>autem</strong></span> <span class='ocrx_word' id='word_1_347' title='bbox 1744 1116 1789 1144; x_wconf 90' lang='lat' dir='ltr'><strong>his</strong></span> <span class='ocrx_word' id='word_1_348' title='bbox 1804 1123 1900 1143; x_wconf 86' lang='lat' dir='ltr'><strong>accer-</strong></span> 
     </span>
    </p>
   </div>
   <div class='ocr_carea' id='block_1_53' title="bbox 1111 1162 1903 1197">
    <p class='ocr_par' dir='ltr' id='par_1_53' title="bbox 1111 1162 1903 1197">
     <span class='ocr_line' id='line_1_53' title="bbox 1111 1162 1903 1197; baseline -0.01 -1"><span class='ocrx_word' id='word_1_349' title='bbox 1111 1169 1173 1197; x_wconf 84' lang='lat' dir='ltr'><strong>sitis</strong></span> <span class='ocrx_word' id='word_1_350' title='bbox 1189 1168 1247 1196; x_wconf 65' lang='lat' dir='ltr'><strong>haac</strong></span> <span class='ocrx_word' id='word_1_351' title='bbox 1273 1168 1306 1195; x_wconf 90' lang='lat' dir='ltr'><strong>ad</strong></span> <span class='ocrx_word' id='word_1_352' title='bbox 1336 1175 1384 1195; x_wconf 84' lang='lat' dir='ltr'><strong>eos</strong></span> <span class='ocrx_word' id='word_1_353' title='bbox 1404 1167 1512 1194; x_wconf 88' lang='lat' dir='ltr'><strong>locutus</strong></span> <span class='ocrx_word' id='word_1_354' title='bbox 1525 1169 1569 1193; x_wconf 86' lang='lat' dir='ltr'><strong>est</strong></span> <span class='ocrx_word' id='word_1_355' title='bbox 1586 1173 1593 1191; x_wconf 88' lang='lat'><strong>:</strong></span> <span class='ocrx_word' id='word_1_356' title='bbox 1620 1163 1779 1191; x_wconf 82' lang='lat' dir='ltr'><strong>Violentiam</strong></span> <span class='ocrx_word' id='word_1_357' title='bbox 1793 1162 1903 1197; x_wconf 75' lang='lat' dir='ltr'><strong>quidem</strong></span> 
     </span>
    </p>
   </div>
   <div class='ocr_carea' id='block_1_54' title="bbox 1111 1208 1904 1250">
    <p class='ocr_par' dir='ltr' id='par_1_54' title="bbox 1111 1208 1904 1250">
     <span class='ocr_line' id='line_1_54' title="bbox 1111 1208 1904 1250; baseline -0.011 -8"><span class='ocrx_word' id='word_1_358' title='bbox 1111 1215 1209 1250; x_wconf 76' lang='lat' dir='ltr'><strong>inferre</strong></span> <span class='ocrx_word' id='word_1_359' title='bbox 1220 1214 1367 1248; x_wconf 75' lang='lat' dir='ltr'><strong>alienisque</strong></span> <span class='ocrx_word' id='word_1_360' title='bbox 1392 1212 1467 1246; x_wconf 82' lang='lat' dir='ltr'><strong>pasci</strong></span> <span class='ocrx_word' id='word_1_361' title='bbox 1482 1210 1618 1246; x_wconf 66' lang='lat' dir='ltr'><strong>iniustitia</strong></span> <span class='ocrx_word' id='word_1_362' title='bbox 1634 1214 1673 1236; x_wconf 84' lang='lat' dir='ltr'><strong>est</strong></span> <span class='ocrx_word' id='word_1_363' title='bbox 1688 1209 1715 1235; x_wconf 85' lang='lat' dir='ltr'><strong>in</strong></span> <span class='ocrx_word' id='word_1_364' title='bbox 1744 1208 1816 1235; x_wconf 80' lang='grc' dir='ltr'>οιιιιιί</span> <span class='ocrx_word' id='word_1_365' title='bbox 1834 1212 1904 1234; x_wconf 50' lang='lat' dir='ltr'><strong>temp</strong></span> 
     </span>
    </p>
   </div>
   <div class='ocr_carea' id='block_1_55' title="bbox 1110 1253 1903 1296">
    <p class='ocr_par' dir='ltr' id='par_1_55' title="bbox 1110 1253 1903 1296">
     <span class='ocr_line' id='line_1_55' title="bbox 1110 1253 1903 1296; baseline -0.011 -8"><span class='ocrx_word' id='word_1_366' title='bbox 1110 1269 1183 1296; x_wconf 84' lang='lat' dir='ltr'><strong>pore,</strong></span> <span class='ocrx_word' id='word_1_367' title='bbox 1204 1260 1367 1294; x_wconf 69' lang='lat' dir='ltr'><strong>maximaque</strong></span> <span class='ocrx_word' id='word_1_368' title='bbox 1382 1258 1497 1286; x_wconf 80' lang='lat' dir='ltr'><strong>nobisin</strong></span> <span class='ocrx_word' id='word_1_369' title='bbox 1511 1255 1636 1291; x_wconf 80' lang='lat' dir='ltr'><strong>periculis</strong></span> <span class='ocrx_word' id='word_1_370' title='bbox 1661 1254 1826 1282; x_wconf 73' lang='lat' dir='ltr'><strong>constitutis.</strong></span> <span class='ocrx_word' id='word_1_371' title='bbox 1840 1253 1903 1288; x_wconf 78' lang='lat' dir='ltr'><strong>Ego</strong></span> 
     </span>
    </p>
   </div>
   <div class='ocr_carea' id='block_1_56' title="bbox 1111 1300 1904 1340">
    <p class='ocr_par' dir='ltr' id='par_1_56' title="bbox 1111 1300 1904 1340">
     <span class='ocr_line' id='line_1_56' title="bbox 1111 1300 1904 1340; baseline -0.013 -6"><span class='ocrx_word' id='word_1_372' title='bbox 1111 1307 1181 1334; x_wconf 84' lang='lat' dir='ltr'><strong>enim</strong></span> <span class='ocrx_word' id='word_1_373' title='bbox 1202 1306 1229 1333; x_wconf 82' lang='lat' dir='ltr'><strong>in</strong></span> <span class='ocrx_word' id='word_1_374' title='bbox 1243 1305 1291 1332; x_wconf 81' lang='lat' dir='ltr'><strong>hoc</strong></span> <span class='ocrx_word' id='word_1_375' title='bbox 1305 1305 1409 1340; x_wconf 80' lang='lat' dir='ltr'><strong>ﬁsusin</strong></span> <span class='ocrx_word' id='word_1_376' title='bbox 1430 1305 1500 1331; x_wconf 79' lang='lat' dir='ltr'><strong>hanc</strong></span> <span class='ocrx_word' id='word_1_377' title='bbox 1524 1311 1569 1330; x_wconf 82' lang='lat' dir='ltr'><strong>vos</strong></span> <span class='ocrx_word' id='word_1_378' title='bbox 1582 1307 1682 1329; x_wconf 86' lang='lat' dir='ltr'><strong>terram</strong></span> <span class='ocrx_word' id='word_1_379' title='bbox 1705 1300 1851 1331; x_wconf 71' lang='lat' dir='ltr'><strong>transuexi,</strong></span> <span class='ocrx_word' id='word_1_380' title='bbox 1874 1304 1904 1325; x_wconf 83' lang='lat' dir='ltr'><strong>ut</strong></span> 
     </span>
    </p>
   </div>
   <div class='ocr_carea' id='block_1_57' title="bbox 1109 1347 1904 1387">
    <p class='ocr_par' dir='ltr' id='par_1_57' title="bbox 1109 1347 1904 1387">
     <span class='ocr_line' id='line_1_57' title="bbox 1109 1347 1904 1387; baseline -0.011 -8"><span class='ocrx_word' id='word_1_381' title='bbox 1109 1352 1214 1387; x_wconf 76' lang='lat' dir='ltr'><strong>justitia</strong></span> <span class='ocrx_word' id='word_1_382' title='bbox 1243 1356 1268 1379; x_wconf 91' lang='lat' dir='ltr'><strong>et</strong></span> <span class='ocrx_word' id='word_1_383' title='bbox 1292 1358 1366 1385; x_wconf 78' lang='lat' dir='ltr'><strong>apere</strong></span> <span class='ocrx_word' id='word_1_384' title='bbox 1384 1351 1450 1377; x_wconf 81' lang='lat' dir='ltr'><strong>bona</strong></span> <span class='ocrx_word' id='word_1_385' title='bbox 1466 1354 1522 1376; x_wconf 90' lang='lat' dir='ltr'><strong>tam</strong></span> <span class='ocrx_word' id='word_1_386' title='bbox 1552 1348 1638 1376; x_wconf 82' lang='lat' dir='ltr'><strong>Deum</strong></span> <span class='ocrx_word' id='word_1_387' title='bbox 1667 1347 1802 1381; x_wconf 76' lang='lat' dir='ltr'><strong>placemus</strong></span> <span class='ocrx_word' id='word_1_388' title='bbox 1822 1353 1904 1380; x_wconf 81' lang='lat' dir='ltr'><strong>quam</strong></span> 
     </span>
    </p>
   </div>
   <div class='ocr_carea' id='block_1_58' title="bbox 1112 1391 1906 1433">
    <p class='ocr_par' dir='ltr' id='par_1_58' title="bbox 1112 1391 1906 1433">
     <span class='ocr_line' id='line_1_58' title="bbox 1112 1391 1906 1433; baseline -0.01 -8"><span class='ocrx_word' id='word_1_389' title='bbox 1112 1398 1191 1433; x_wconf 78' lang='lat' dir='ltr'><strong>Afros</strong></span> <span class='ocrx_word' id='word_1_390' title='bbox 1213 1398 1248 1424; x_wconf 89' lang='lat' dir='ltr'><strong>ad</strong></span> <span class='ocrx_word' id='word_1_391' title='bbox 1264 1401 1364 1425; x_wconf 70' lang='lat' dir='ltr'><strong>uosmet</strong></span> <span class='ocrx_word' id='word_1_392' title='bbox 1379 1395 1513 1423; x_wconf 81' lang='lat' dir='ltr'><strong>attrahere</strong></span> <span class='ocrx_word' id='word_1_393' title='bbox 1526 1401 1707 1429; x_wconf 78' lang='lat' dir='ltr'><strong>precaremur.</strong></span> <span class='ocrx_word' id='word_1_394' title='bbox 1727 1391 1791 1420; x_wconf 66' lang='lat' dir='ltr'><strong>Hec</strong></span> <span class='ocrx_word' id='word_1_395' title='bbox 1815 1396 1906 1418; x_wconf 70' lang='lat' dir='ltr'><strong>autem</strong></span> 
     </span>
    </p>
   </div>
   <div class='ocr_carea' id='block_1_59' title="bbox 1114 1437 1905 1478">
    <p class='ocr_par' dir='ltr' id='par_1_59' title="bbox 1114 1437 1905 1478">
     <span class='ocr_line' id='line_1_59' title="bbox 1114 1437 1905 1478; baseline -0.01 -7"><span class='ocrx_word' id='word_1_396' title='bbox 1114 1449 1199 1472; x_wconf 76' lang='lat' dir='ltr'><strong>uestra</strong></span> <span class='ocrx_word' id='word_1_397' title='bbox 1212 1443 1417 1478; x_wconf 76' lang='lat' dir='ltr'><strong>intemperantia</strong></span> <span class='ocrx_word' id='word_1_398' title='bbox 1436 1443 1462 1469; x_wconf 84' lang='lat' dir='ltr'><strong>in</strong></span> <span class='ocrx_word' id='word_1_399' title='bbox 1474 1441 1638 1468; x_wconf 83' lang='lat' dir='ltr'><strong>contrarium</strong></span> <span class='ocrx_word' id='word_1_400' title='bbox 1666 1439 1739 1466; x_wconf 77' lang='lat' dir='ltr'><strong>vobis</strong></span> <span class='ocrx_word' id='word_1_401' title='bbox 1759 1437 1905 1472; x_wconf 73' lang='lat' dir='ltr'><strong>proveniet,</strong></span> 
     </span>
    </p>
   </div>
   <div class='ocr_carea' id='block_1_60' title="bbox 1113 1484 1908 1525">
    <p class='ocr_par' dir='ltr' id='par_1_60' title="bbox 1113 1484 1908 1525">
     <span class='ocr_line' id='line_1_60' title="bbox 1113 1484 1908 1525; baseline -0.009 -8"><span class='ocrx_word' id='word_1_402' title='bbox 1113 1495 1139 1518; x_wconf 89' lang='lat' dir='ltr'><strong>et</strong></span> <span class='ocrx_word' id='word_1_403' title='bbox 1166 1495 1224 1525; x_wconf 83' lang='lat' dir='ltr'><strong>aget</strong></span> <span class='ocrx_word' id='word_1_404' title='bbox 1241 1495 1269 1516; x_wconf 87' lang='lat' dir='ltr'><strong>ut</strong></span> <span class='ocrx_word' id='word_1_405' title='bbox 1289 1489 1348 1524; x_wconf 78' lang='lat' dir='ltr'><strong>Afri</strong></span> <span class='ocrx_word' id='word_1_406' title='bbox 1370 1488 1497 1516; x_wconf 81' lang='lat' dir='ltr'><strong>Vandalis</strong></span> <span class='ocrx_word' id='word_1_407' title='bbox 1525 1486 1701 1514; x_wconf 71' lang='lat' dir='ltr'><strong>auxilieutur.</strong></span> <span class='ocrx_word' id='word_1_408' title='bbox 1731 1484 1784 1512; x_wconf 82' lang='lat' dir='ltr'><strong>Sed</strong></span> <span class='ocrx_word' id='word_1_409' title='bbox 1800 1484 1908 1519; x_wconf 73' lang='lat' dir='ltr'><strong>acquie-</strong></span> 
     </span>
    </p>
   </div>
   <div class='ocr_carea' id='block_1_61' title="bbox 275 1529 1063 1575">
    <p class='ocr_par' dir='ltr' id='par_1_61' title="bbox 275 1529 1063 1571">
     <span class='ocr_line' id='line_1_61' title="bbox 275 1529 1063 1571; baseline -0.009 -8"><span class='ocrx_word' id='word_1_410' title='bbox 275 1537 387 1571; x_wconf 84' lang='lat' dir='ltr'><strong>Libyam</strong></span> <span class='ocrx_word' id='word_1_411' title='bbox 402 1540 588 1566; x_wconf 82' lang='lat' dir='ltr'><strong>transeuntes,</strong></span> <span class='ocrx_word' id='word_1_412' title='bbox 617 1534 688 1560; x_wconf 88' lang='lat' dir='ltr'><strong>hanc</strong></span> <span class='ocrx_word' id='word_1_413' title='bbox 703 1531 984 1567; x_wconf 87' lang='lat' dir='ltr'><strong>comprehenderunt.</strong></span> <span class='ocrx_word' id='word_1_414' title='bbox 1010 1529 1063 1556; x_wconf 87' lang='lat' dir='ltr'><strong>Go-</strong></span> 
     </span>
    </p>
   </div>
   <div class='ocr_carea' id='block_1_62' title="bbox 1113 1529 1909 1575">
    <p class='ocr_par' dir='ltr' id='par_1_62' title="bbox 1115 1536 1909 1567">
     <span class='ocr_line' id='line_1_62' title="bbox 1115 1536 1909 1567; baseline -0.01 -2"><span class='ocrx_word' id='word_1_415' title='bbox 1115 1543 1215 1565; x_wconf 70' lang='lat' dir='ltr'><strong>secutas</strong></span> <span class='ocrx_word' id='word_1_416' title='bbox 1228 1537 1305 1564; x_wconf 77' lang='lat' dir='ltr'><strong>verbo</strong></span> <span class='ocrx_word' id='word_1_417' title='bbox 1327 1544 1394 1567; x_wconf 82' lang='lat' dir='ltr'><strong>meo,</strong></span> <span class='ocrx_word' id='word_1_418' title='bbox 1410 1538 1523 1562; x_wconf 80' lang='lat' dir='ltr'><strong>ementes</strong></span> <span class='ocrx_word' id='word_1_419' title='bbox 1535 1541 1609 1560; x_wconf 72' lang='grc' dir='ltr'><em>ιεοαε</em></span> <span class='ocrx_word' id='word_1_420' title='bbox 1626 1537 1774 1567; x_wconf 75' lang='lat' dir='ltr'><strong>asportate.</strong></span> <span class='ocrx_word' id='word_1_421' title='bbox 1788 1536 1814 1558; x_wconf 88' lang='lat' dir='ltr'><strong>et</strong></span> <span class='ocrx_word' id='word_1_422' title='bbox 1825 1538 1909 1566; x_wconf 75' lang='lat' dir='ltr'><strong>neque</strong></span> 
     </span>
    </p>
   </div>
   <div class='ocr_carea' id='block_1_63' title="bbox 274 1576 1065 1616">
    <p class='ocr_par' dir='ltr' id='par_1_63' title="bbox 274 1576 1065 1616">
     <span class='ocr_line' id='line_1_63' title="bbox 274 1576 1065 1616; baseline -0.01 -7"><span class='ocrx_word' id='word_1_423' title='bbox 274 1581 391 1616; x_wconf 77' lang='lat' dir='ltr'><strong>digisclo</strong></span> <span class='ocrx_word' id='word_1_424' title='bbox 408 1588 474 1608; x_wconf 92' lang='lat' dir='ltr'><strong>vero</strong></span> <span class='ocrx_word' id='word_1_425' title='bbox 489 1584 600 1606; x_wconf 91' lang='lat' dir='ltr'><strong>mortuo</strong></span> <span class='ocrx_word' id='word_1_426' title='bbox 613 1578 777 1605; x_wconf 84' lang='lat' dir='ltr'><strong>Gizerichus</strong></span> <span class='ocrx_word' id='word_1_427' title='bbox 804 1577 865 1612; x_wconf 86' lang='lat' dir='ltr'><strong>ejus</strong></span> <span class='ocrx_word' id='word_1_428' title='bbox 881 1576 1065 1611; x_wconf 84' lang='lat' dir='ltr'><strong>principatum</strong></span> 
     </span>
    </p>
   </div>
   <div class='ocr_carea' id='block_1_64' title="bbox 275 1622 1067 1665">
    <p class='ocr_par' dir='ltr' id='par_1_64' title="bbox 275 1622 1067 1665">
     <span class='ocr_line' id='line_1_64' title="bbox 275 1622 1067 1665; baseline -0.011 -8"><span class='ocrx_word' id='word_1_429' title='bbox 275 1630 408 1665; x_wconf 88' lang='lat' dir='ltr'><strong>suscepit.</strong></span> <span class='ocrx_word' id='word_1_430' title='bbox 424 1628 473 1655; x_wconf 91' lang='lat' dir='ltr'><strong>Cui</strong></span> <span class='ocrx_word' id='word_1_431' title='bbox 489 1625 625 1654; x_wconf 86' lang='lat' dir='ltr'><strong>successit</strong></span> <span class='ocrx_word' id='word_1_432' title='bbox 639 1624 814 1651; x_wconf 88' lang='lat' dir='ltr'><strong>llonoriebus</strong></span> <span class='ocrx_word' id='word_1_433' title='bbox 823 1622 897 1650; x_wconf 84' lang='lat' dir='ltr'><strong>ﬁlius</strong></span> <span class='ocrx_word' id='word_1_434' title='bbox 913 1622 975 1657; x_wconf 87' lang='lat' dir='ltr'><strong>ejus</strong></span> <span class='ocrx_word' id='word_1_435' title='bbox 985 1641 993 1653; x_wconf 88' lang='lat'><strong>,</strong></span> <span class='ocrx_word' id='word_1_436' title='bbox 1021 1628 1067 1648; x_wconf 86' lang='lat' dir='ltr'><strong>re-</strong></span> 
     </span>
    </p>
   </div>
   <div class='ocr_carea' id='block_1_65' title="bbox 278 1667 1067 1713">
    <p class='ocr_par' dir='ltr' id='par_1_65' title="bbox 278 1667 1067 1713">
     <span class='ocr_line' id='line_1_65' title="bbox 278 1667 1067 1713; baseline -0.013 -10"><span class='ocrx_word' id='word_1_437' title='bbox 278 1684 362 1713; x_wconf 74' lang='lat' dir='ltr'><strong>gnum</strong></span> <span class='ocrx_word' id='word_1_438' title='bbox 383 1675 500 1710; x_wconf 77' lang='lat' dir='ltr'><strong>adeptus</strong></span> <span class='ocrx_word' id='word_1_439' title='bbox 515 1681 523 1705; x_wconf 88' lang='lat'>;</span> <span class='ocrx_word' id='word_1_440' title='bbox 540 1671 586 1707; x_wconf 90' lang='lat' dir='ltr'><strong>qui</strong></span> <span class='ocrx_word' id='word_1_441' title='bbox 607 1671 693 1698; x_wconf 90' lang='lat' dir='ltr'><strong>multa</strong></span> <span class='ocrx_word' id='word_1_442' title='bbox 707 1670 777 1696; x_wconf 90' lang='lat' dir='ltr'><strong>mala</strong></span> <span class='ocrx_word' id='word_1_443' title='bbox 793 1667 961 1696; x_wconf 88' lang='lat' dir='ltr'><strong>Christianis</strong></span> <span class='ocrx_word' id='word_1_444' title='bbox 976 1667 1023 1702; x_wconf 91' lang='lat' dir='ltr'><strong>qui</strong></span> <span class='ocrx_word' id='word_1_445' title='bbox 1040 1667 1067 1694; x_wconf 94' lang='lat' dir='ltr'><strong>in</strong></span> 
     </span>
    </p>
   </div>
   <div class='ocr_carea' id='block_1_66' title="bbox 277 1714 1066 1758">
    <p class='ocr_par' dir='ltr' id='par_1_66' title="bbox 277 1714 1066 1758">
     <span class='ocr_line' id='line_1_66' title="bbox 277 1714 1066 1758; baseline -0.013 -8"><span class='ocrx_word' id='word_1_446' title='bbox 277 1723 362 1758; x_wconf 81' lang='lat' dir='ltr'><strong>Libya</strong></span> <span class='ocrx_word' id='word_1_447' title='bbox 377 1726 456 1749; x_wconf 90' lang='lat' dir='ltr'><strong>erant</strong></span> <span class='ocrx_word' id='word_1_448' title='bbox 470 1719 604 1751; x_wconf 89' lang='lat' dir='ltr'><strong>ostendit,</strong></span> <span class='ocrx_word' id='word_1_449' title='bbox 616 1722 644 1745; x_wconf 89' lang='lat' dir='ltr'><strong>et</strong></span> <span class='ocrx_word' id='word_1_450' title='bbox 659 1717 815 1744; x_wconf 82' lang='lat' dir='ltr'><strong>arianizare</strong></span> <span class='ocrx_word' id='word_1_451' title='bbox 829 1715 930 1750; x_wconf 85' lang='lat' dir='ltr'><strong>coegit,</strong></span> <span class='ocrx_word' id='word_1_452' title='bbox 943 1719 971 1742; x_wconf 87' lang='lat' dir='ltr'><strong>et</strong></span> <span class='ocrx_word' id='word_1_453' title='bbox 994 1714 1066 1742; x_wconf 85' lang='lat' dir='ltr'><strong>mul~</strong></span> 
     </span>
    </p>
   </div>
   <div class='ocr_carea' id='block_1_67' title="bbox 278 1760 1069 1799">
    <p class='ocr_par' dir='ltr' id='par_1_67' title="bbox 278 1760 1069 1799">
     <span class='ocr_line' id='line_1_67' title="bbox 278 1760 1069 1799; baseline -0.011 -3"><span class='ocrx_word' id='word_1_454' title='bbox 278 1775 320 1797; x_wconf 89' lang='lat' dir='ltr'><strong>tos</strong></span> <span class='ocrx_word' id='word_1_455' title='bbox 337 1767 450 1799; x_wconf 88' lang='lat' dir='ltr'><strong>occidit,</strong></span> <span class='ocrx_word' id='word_1_456' title='bbox 472 1771 499 1794; x_wconf 91' lang='lat' dir='ltr'><strong>et</strong></span> <span class='ocrx_word' id='word_1_457' title='bbox 514 1767 664 1799; x_wconf 78' lang='lat' dir='ltr'><strong>linguam-a</strong></span> <span class='ocrx_word' id='word_1_458' title='bbox 678 1767 787 1799; x_wconf 80' lang='lat' dir='ltr'><strong>gutture</strong></span> <span class='ocrx_word' id='word_1_459' title='bbox 807 1761 991 1797; x_wconf 89' lang='lat' dir='ltr'><strong>quorumdam</strong></span> <span class='ocrx_word' id='word_1_460' title='bbox 1005 1760 1069 1788; x_wconf 78' lang='lat' dir='ltr'><strong>abs~</strong></span> 
     </span>
    </p>
   </div>
   <div class='ocr_carea' id='block_1_68' title="bbox 279 1807 1068 1848">
    <p class='ocr_par' dir='ltr' id='par_1_68' title="bbox 279 1807 1068 1848">
     <span class='ocr_line' id='line_1_68' title="bbox 279 1807 1068 1848; baseline -0.011 -6"><span class='ocrx_word' id='word_1_461' title='bbox 279 1814 365 1847; x_wconf 86' lang='lat' dir='ltr'><strong>cidit,</strong></span> <span class='ocrx_word' id='word_1_462' title='bbox 383 1814 431 1848; x_wconf 89' lang='lat' dir='ltr'><strong>qui</strong></span> <span class='ocrx_word' id='word_1_463' title='bbox 461 1812 545 1839; x_wconf 88' lang='lat' dir='ltr'><strong>etiam</strong></span> <span class='ocrx_word' id='word_1_464' title='bbox 566 1810 614 1838; x_wconf 91' lang='lat' dir='ltr'><strong>Dei</strong></span> <span class='ocrx_word' id='word_1_465' title='bbox 635 1809 725 1845; x_wconf 81' lang='lat' dir='ltr'><strong>gratia</strong></span> <span class='ocrx_word' id='word_1_466' title='bbox 760 1812 853 1844; x_wconf 86' lang='lat' dir='ltr'><strong>postea</strong></span> <span class='ocrx_word' id='word_1_467' title='bbox 872 1807 1068 1843; x_wconf 89' lang='lat' dir='ltr'><strong>loquebantur.</strong></span> 
     </span>
    </p>
   </div>
   <div class='ocr_carea' id='block_1_69' title="bbox 279 1854 1069 1895">
    <p class='ocr_par' dir='ltr' id='par_1_69' title="bbox 279 1854 1069 1895">
     <span class='ocr_line' id='line_1_69' title="bbox 279 1854 1069 1895; baseline -0.011 -7"><span class='ocrx_word' id='word_1_468' title='bbox 279 1860 434 1895; x_wconf 85' lang='lat' dir='ltr'><strong>Episcopus</strong></span> <span class='ocrx_word' id='word_1_469' title='bbox 453 1863 544 1885; x_wconf 86' lang='lat' dir='ltr'><strong>autem</strong></span> <span class='ocrx_word' id='word_1_470' title='bbox 561 1856 672 1892; x_wconf 82' lang='lat' dir='ltr'><strong>quidam</strong></span> <span class='ocrx_word' id='word_1_471' title='bbox 687 1854 837 1882; x_wconf 84' lang='lat' dir='ltr'><strong>Orientalis</strong></span> <span class='ocrx_word' id='word_1_472' title='bbox 847 1855 934 1889; x_wconf 87' lang='lat' dir='ltr'><strong>partis</strong></span> <span class='ocrx_word' id='word_1_473' title='bbox 949 1854 1069 1888; x_wconf 89' lang='lat' dir='ltr'><strong>impera-</strong></span> 
     </span>
    </p>
   </div>
   <div class='ocr_carea' id='block_1_70' title="bbox 279 1899 1070 1934">
    <p class='ocr_par' dir='ltr' id='par_1_70' title="bbox 279 1899 1070 1934">
     <span class='ocr_line' id='line_1_70' title="bbox 279 1899 1070 1934; baseline -0.01 0"><span class='ocrx_word' id='word_1_474' title='bbox 279 1913 365 1934; x_wconf 82' lang='lat' dir='ltr'><strong>toreui</strong></span> <span class='ocrx_word' id='word_1_475' title='bbox 381 1905 568 1932; x_wconf 85' lang='lat' dir='ltr'><strong>Justinianum</strong></span> <span class='ocrx_word' id='word_1_476' title='bbox 593 1901 738 1933; x_wconf 87' lang='lat' dir='ltr'><strong>deterruit,</strong></span> <span class='ocrx_word' id='word_1_477' title='bbox 753 1901 851 1928; x_wconf 88' lang='lat' dir='ltr'><strong>dicens</strong></span> <span class='ocrx_word' id='word_1_478' title='bbox 878 1908 912 1928; x_wconf 81' lang='lat' dir='ltr'><strong>ex</strong></span> <span class='ocrx_word' id='word_1_479' title='bbox 937 1899 992 1927; x_wconf 90' lang='lat' dir='ltr'><strong>Deo</strong></span> <span class='ocrx_word' id='word_1_480' title='bbox 1016 1899 1070 1927; x_wconf 89' lang='lat' dir='ltr'><strong>sibi</strong></span> 
     </span>
    </p>
   </div>
   <div class='ocr_carea' id='block_1_71' title="bbox 279 1946 1067 1984">
    <p class='ocr_par' dir='ltr' id='par_1_71' title="bbox 279 1946 1067 1984">
     <span class='ocr_line' id='line_1_71' title="bbox 279 1946 1067 1984; baseline -0.013 -3"><span class='ocrx_word' id='word_1_481' title='bbox 279 1953 416 1981; x_wconf 88' lang='lat' dir='ltr'><strong>visionem</strong></span> <span class='ocrx_word' id='word_1_482' title='bbox 439 1951 553 1981; x_wconf 76' lang='lat' dir='ltr'><strong>factam.</strong></span> <span class='ocrx_word' id='word_1_483' title='bbox 581 1949 722 1984; x_wconf 88' lang='lat' dir='ltr'><strong>jubcnlem</strong></span> <span class='ocrx_word' id='word_1_484' title='bbox 740 1947 793 1974; x_wconf 84' lang='lat' dir='ltr'><strong>sibi</strong></span> <span class='ocrx_word' id='word_1_485' title='bbox 821 1946 855 1974; x_wconf 87' lang='lat' dir='ltr'><strong>ad</strong></span> <span class='ocrx_word' id='word_1_486' title='bbox 873 1947 1067 1981; x_wconf 87' lang='lat' dir='ltr'><strong>imperatorem</strong></span> 
     </span>
    </p>
   </div>
   <div class='ocr_carea' id='block_1_72' title="bbox 280 1992 1071 2031">
    <p class='ocr_par' dir='ltr' id='par_1_72' title="bbox 280 1992 1071 2031">
     <span class='ocr_line' id='line_1_72' title="bbox 280 1992 1071 2031; baseline -0.011 -4"><span class='ocrx_word' id='word_1_487' title='bbox 280 1999 423 2031; x_wconf 83' lang='lat' dir='ltr'><strong>accedere,</strong></span> <span class='ocrx_word' id='word_1_488' title='bbox 441 2001 469 2024; x_wconf 88' lang='lat' dir='ltr'><strong>ct</strong></span> <span class='ocrx_word' id='word_1_489' title='bbox 501 1995 641 2031; x_wconf 84' lang='lat' dir='ltr'><strong>postulare</strong></span> <span class='ocrx_word' id='word_1_490' title='bbox 669 1998 700 2020; x_wconf 91' lang='lat' dir='ltr'><strong>ut</strong></span> <span class='ocrx_word' id='word_1_491' title='bbox 727 1993 902 2020; x_wconf 83' lang='lat' dir='ltr'><strong>Christianos</strong></span> <span class='ocrx_word' id='word_1_492' title='bbox 926 1992 973 2026; x_wconf 89' lang='lat' dir='ltr'><strong>qui</strong></span> <span class='ocrx_word' id='word_1_493' title='bbox 992 1996 1071 2019; x_wconf 85' lang='lat' dir='ltr'><strong>erant</strong></span> 
     </span>
    </p>
   </div>
   <div class='ocr_carea' id='block_1_73' title="bbox 281 2038 1069 2081">
    <p class='ocr_par' dir='ltr' id='par_1_73' title="bbox 281 2038 1069 2081">
     <span class='ocr_line' id='line_1_73' title="bbox 281 2038 1069 2081; baseline -0.01 -8"><span class='ocrx_word' id='word_1_494' title='bbox 281 2047 308 2073; x_wconf 93' lang='lat' dir='ltr'><strong>in</strong></span> <span class='ocrx_word' id='word_1_495' title='bbox 326 2046 411 2081; x_wconf 82' lang='lat' dir='ltr'><strong>Libya</strong></span> <span class='ocrx_word' id='word_1_496' title='bbox 425 2044 554 2071; x_wconf 89' lang='lat' dir='ltr'><strong>liberaret</strong></span> <span class='ocrx_word' id='word_1_497' title='bbox 579 2049 594 2069; x_wconf 90' lang='lat' dir='ltr'><strong>a</strong></span> <span class='ocrx_word' id='word_1_498' title='bbox 609 2042 745 2076; x_wconf 88' lang='lat' dir='ltr'><strong>tyrannis.</strong></span> <span class='ocrx_word' id='word_1_499' title='bbox 781 2039 888 2073; x_wconf 79' lang='lat' dir='ltr'><strong>Quibus</strong></span> <span class='ocrx_word' id='word_1_500' title='bbox 918 2038 1069 2073; x_wconf 87' lang='lat' dir='ltr'><strong>imperator</strong></span> 
     </span>
    </p>
   </div>
   <div class='ocr_carea' id='block_1_74' title="bbox 281 2085 1069 2120">
    <p class='ocr_par' dir='ltr' id='par_1_74' title="bbox 281 2085 1069 2120">
     <span class='ocr_line' id='line_1_74' title="bbox 281 2085 1069 2120; baseline -0.01 -1"><span class='ocrx_word' id='word_1_501' title='bbox 281 2092 385 2120; x_wconf 85' lang='lat' dir='ltr'><strong>auditis</strong></span> <span class='ocrx_word' id='word_1_502' title='bbox 406 2091 526 2118; x_wconf 87' lang='lat' dir='ltr'><strong>retinere</strong></span> <span class='ocrx_word' id='word_1_503' title='bbox 537 2093 657 2116; x_wconf 90' lang='lat' dir='ltr'><strong>mentem</strong></span> <span class='ocrx_word' id='word_1_504' title='bbox 673 2087 746 2114; x_wconf 87' lang='lat' dir='ltr'><strong>ultra</strong></span> <span class='ocrx_word' id='word_1_505' title='bbox 762 2094 818 2113; x_wconf 77' lang='lat' dir='ltr'><strong>non</strong></span> <span class='ocrx_word' id='word_1_506' title='bbox 831 2085 934 2120; x_wconf 87' lang='lat' dir='ltr'><strong>potuit,</strong></span> <span class='ocrx_word' id='word_1_507' title='bbox 951 2085 998 2112; x_wconf 91' lang='lat' dir='ltr'><strong>sed</strong></span> <span class='ocrx_word' id='word_1_508' title='bbox 1014 2089 1069 2111; x_wconf 89' lang='lat' dir='ltr'><strong>tam</strong></span> 
     </span>
    </p>
   </div>
   <div class='ocr_carea' id='block_1_75' title="bbox 282 2131 1071 2165">
    <p class='ocr_par' dir='ltr' id='par_1_75' title="bbox 282 2131 1071 2165">
     <span class='ocr_line' id='line_1_75' title="bbox 282 2131 1071 2165; baseline -0.009 -1"><span class='ocrx_word' id='word_1_509' title='bbox 282 2137 434 2165; x_wconf 77' lang='lat' dir='ltr'><strong>exercitum</strong></span> <span class='ocrx_word' id='word_1_510' title='bbox 461 2139 489 2162; x_wconf 89' lang='lat' dir='ltr'><strong>ct</strong></span> <span class='ocrx_word' id='word_1_511' title='bbox 505 2142 589 2161; x_wconf 82' lang='lat' dir='ltr'><strong>naves</strong></span> <span class='ocrx_word' id='word_1_512' title='bbox 607 2134 695 2161; x_wconf 88' lang='lat' dir='ltr'><strong>armis</strong></span> <span class='ocrx_word' id='word_1_513' title='bbox 719 2131 950 2165; x_wconf 88' lang='lat' dir='ltr'><strong>circumdedit_et</strong></span> <span class='ocrx_word' id='word_1_514' title='bbox 964 2131 1071 2158; x_wconf 86' lang='lat' dir='ltr'><strong>victua-</strong></span> 
     </span>
    </p>
   </div>
   <div class='ocr_carea' id='block_1_76' title="bbox 282 2177 1071 2218">
    <p class='ocr_par' dir='ltr' id='par_1_76' title="bbox 282 2177 1071 2218">
     <span class='ocr_line' id='line_1_76' title="bbox 282 2177 1071 2218; baseline -0.008 -8"><span class='ocrx_word' id='word_1_515' title='bbox 282 2184 319 2210; x_wconf 87' lang='lat' dir='ltr'><strong>lia</strong></span> <span class='ocrx_word' id='word_1_516' title='bbox 336 2181 394 2218; x_wconf 68' lang='lat'><strong>(9.6)</strong></span> <span class='ocrx_word' id='word_1_517' title='bbox 410 2181 576 2215; x_wconf 67' lang='lat' dir='ltr'><strong>praeparavit</strong></span> <span class='ocrx_word' id='word_1_518' title='bbox 593 2200 601 2212; x_wconf 88' lang='lat'><strong>,</strong></span> <span class='ocrx_word' id='word_1_519' title='bbox 624 2178 846 2213; x_wconf 85' lang='lat' dir='ltr'><strong>Belisariumque</strong></span> <span class='ocrx_word' id='word_1_520' title='bbox 874 2177 902 2205; x_wconf 89' lang='lat' dir='ltr'><strong>in</strong></span> <span class='ocrx_word' id='word_1_521' title='bbox 927 2177 1071 2212; x_wconf 87' lang='lat' dir='ltr'><strong>procinctu</strong></span> 
     </span>
    </p>
   </div>
   <div class='ocr_carea' id='block_1_77' title="bbox 283 2223 1074 2263">
    <p class='ocr_par' dir='ltr' id='par_1_77' title="bbox 283 2223 1074 2263">
     <span class='ocr_line' id='line_1_77' title="bbox 283 2223 1074 2263; baseline -0.009 -6"><span class='ocrx_word' id='word_1_522' title='bbox 283 2237 345 2257; x_wconf 85' lang='lat' dir='ltr'><strong>esse</strong></span> <span class='ocrx_word' id='word_1_523' title='bbox 371 2227 503 2263; x_wconf 72' lang='lat' dir='ltr'><strong>prmcepit</strong></span> <span class='ocrx_word' id='word_1_524' title='bbox 528 2226 556 2253; x_wconf 90' lang='lat' dir='ltr'><strong>in</strong></span> <span class='ocrx_word' id='word_1_525' title='bbox 580 2225 695 2261; x_wconf 87' lang='lat' dir='ltr'><strong>Libyam</strong></span> <span class='ocrx_word' id='word_1_526' title='bbox 727 2229 872 2260; x_wconf 66' lang='lat' dir='ltr'><strong>praetorem</strong></span> <span class='ocrx_word' id='word_1_527' title='bbox 897 2223 1074 2256; x_wconf 88' lang='lat' dir='ltr'><strong>mittendum,</strong></span> 
     </span>
    </p>
   </div>
   <div class='ocr_carea' id='block_1_78' title="bbox 283 2269 1075 2310">
    <p class='ocr_par' dir='ltr' id='par_1_78' title="bbox 283 2269 1075 2310">
     <span class='ocr_line' id='line_1_78' title="bbox 283 2269 1075 2310; baseline -0.006 -9"><span class='ocrx_word' id='word_1_528' title='bbox 283 2282 365 2310; x_wconf 87' lang='lat' dir='ltr'><strong>quem</strong></span> <span class='ocrx_word' id='word_1_529' title='bbox 382 2278 410 2301; x_wconf 92' lang='lat' dir='ltr'><strong>et</strong></span> <span class='ocrx_word' id='word_1_530' title='bbox 428 2277 574 2309; x_wconf 70' lang='lat' dir='ltr'><strong>praetorem</strong></span> <span class='ocrx_word' id='word_1_531' title='bbox 608 2272 760 2307; x_wconf 84' lang='lat' dir='ltr'><strong>imperator</strong></span> <span class='ocrx_word' id='word_1_532' title='bbox 785 2269 987 2305; x_wconf 88' lang='lat' dir='ltr'><strong>principaliter,</strong></span> <span class='ocrx_word' id='word_1_533' title='bbox 1007 2269 1075 2297; x_wconf 90' lang='lat' dir='ltr'><strong>etin</strong></span> 
     </span>
    </p>
   </div>
   <div class='ocr_carea' id='block_1_79' title="bbox 283 2315 1075 2352">
    <p class='ocr_par' dir='ltr' id='par_1_79' title="bbox 283 2315 1075 2352">
     <span class='ocr_line' id='line_1_79' title="bbox 283 2315 1075 2352; baseline -0.009 -3"><span class='ocrx_word' id='word_1_534' title='bbox 283 2321 414 2350; x_wconf 93' lang='lat' dir='ltr'><strong>omnibus</strong></span> <span class='ocrx_word' id='word_1_535' title='bbox 428 2319 535 2348; x_wconf 89' lang='lat' dir='ltr'><strong>statuit.</strong></span> <span class='ocrx_word' id='word_1_536' title='bbox 547 2318 613 2346; x_wconf 87' lang='lat' dir='ltr'><strong>Erat</strong></span> <span class='ocrx_word' id='word_1_537' title='bbox 633 2322 725 2346; x_wconf 90' lang='lat' dir='ltr'><strong>autem</strong></span> <span class='ocrx_word' id='word_1_538' title='bbox 742 2324 806 2344; x_wconf 91' lang='lat' dir='ltr'><strong>cum</strong></span> <span class='ocrx_word' id='word_1_539' title='bbox 820 2324 853 2344; x_wconf 87' lang='lat' dir='ltr'><strong>eo</strong></span> <span class='ocrx_word' id='word_1_540' title='bbox 866 2322 894 2343; x_wconf 92' lang='lat' dir='ltr'><strong>et</strong></span> <span class='ocrx_word' id='word_1_541' title='bbox 912 2315 1075 2352; x_wconf 87' lang='lat' dir='ltr'><strong>Proc0pius,</strong></span> 
     </span>
    </p>
   </div>
   <div class='ocr_carea' id='block_1_80' title="bbox 285 2362 1076 2399">
    <p class='ocr_par' dir='ltr' id='par_1_80' title="bbox 285 2362 1076 2399">
     <span class='ocr_line' id='line_1_80' title="bbox 285 2362 1076 2399; baseline -0.009 -3"><span class='ocrx_word' id='word_1_542' title='bbox 285 2368 383 2397; x_wconf 88' lang='lat' dir='ltr'><strong>barum</strong></span> <span class='ocrx_word' id='word_1_543' title='bbox 404 2374 497 2394; x_wconf 89' lang='lat' dir='ltr'><strong>rerum</strong></span> <span class='ocrx_word' id='word_1_544' title='bbox 510 2365 683 2399; x_wconf 86' lang='lat' dir='ltr'><strong>conscriptor</strong></span> <span class='ocrx_word' id='word_1_545' title='bbox 699 2372 706 2397; x_wconf 82' lang='lat'>;</span> <span class='ocrx_word' id='word_1_546' title='bbox 725 2362 934 2398; x_wconf 82' lang='lat' dir='ltr'><strong>proﬁciscentes</strong></span> <span class='ocrx_word' id='word_1_547' title='bbox 949 2365 1041 2390; x_wconf 80' lang='lat' dir='ltr'><strong>autem</strong></span> <span class='ocrx_word' id='word_1_548' title='bbox 1061 2369 1076 2389; x_wconf 90' lang='lat' dir='ltr'><strong>a</strong></span> 
     </span>
    </p>
   </div>
   <div class='ocr_carea' id='block_1_81' title="bbox 287 2409 1077 2448">
    <p class='ocr_par' dir='ltr' id='par_1_81' title="bbox 287 2409 1077 2448">
     <span class='ocr_line' id='line_1_81' title="bbox 287 2409 1077 2448; baseline -0.008 -7"><span class='ocrx_word' id='word_1_549' title='bbox 287 2414 363 2448; x_wconf 79' lang='lat' dir='ltr'><strong>regia</strong></span> <span class='ocrx_word' id='word_1_550' title='bbox 379 2412 449 2439; x_wconf 83' lang='lat' dir='ltr'><strong>urbe</strong></span> <span class='ocrx_word' id='word_1_551' title='bbox 462 2411 592 2438; x_wconf 87' lang='lat' dir='ltr'><strong>adierunt</strong></span> <span class='ocrx_word' id='word_1_552' title='bbox 605 2409 745 2445; x_wconf 80' lang='lat' dir='ltr'><strong>Abydum.</strong></span> <span class='ocrx_word' id='word_1_553' title='bbox 767 2409 919 2436; x_wconf 86' lang='lat' dir='ltr'><strong>Belisarius</strong></span> <span class='ocrx_word' id='word_1_554' title='bbox 935 2415 1002 2436; x_wconf 89' lang='lat' dir='ltr'><strong>vero</strong></span> <span class='ocrx_word' id='word_1_555' title='bbox 1028 2415 1077 2435; x_wconf 86' lang='lat' dir='ltr'><strong>cu-</strong></span> 
     </span>
    </p>
   </div>
   <div class='ocr_carea' id='block_1_82' title="bbox 285 2453 1077 2494">
    <p class='ocr_par' dir='ltr' id='par_1_82' title="bbox 285 2453 1077 2494">
     <span class='ocr_line' id='line_1_82' title="bbox 285 2453 1077 2494; baseline -0.01 -6"><span class='ocrx_word' id='word_1_556' title='bbox 285 2461 366 2488; x_wconf 88' lang='lat' dir='ltr'><strong>rabat</strong></span> <span class='ocrx_word' id='word_1_557' title='bbox 389 2463 528 2494; x_wconf 82' lang='lat' dir='ltr'><strong>quatenus</strong></span> <span class='ocrx_word' id='word_1_558' title='bbox 542 2457 692 2485; x_wconf 91' lang='lat' dir='ltr'><strong>universus</strong></span> <span class='ocrx_word' id='word_1_559' title='bbox 708 2455 798 2483; x_wconf 88' lang='lat' dir='ltr'><strong>stolus</strong></span> <span class='ocrx_word' id='word_1_560' title='bbox 825 2455 908 2482; x_wconf 88' lang='lat' dir='ltr'><strong>simul</strong></span> <span class='ocrx_word' id='word_1_561' title='bbox 933 2453 1077 2489; x_wconf 71' lang='lat' dir='ltr'><strong>navigaret</strong></span> 
     </span>
    </p>
   </div>
   <div class='ocr_carea' id='block_1_83' title="bbox 285 2499 1076 2540">
    <p class='ocr_par' dir='ltr' id='par_1_83' title="bbox 285 2499 1076 2540">
     <span class='ocr_line' id='line_1_83' title="bbox 285 2499 1076 2540; baseline -0.009 -7"><span class='ocrx_word' id='word_1_562' title='bbox 285 2512 313 2534; x_wconf 90' lang='lat' dir='ltr'><strong>et</strong></span> <span class='ocrx_word' id='word_1_563' title='bbox 330 2506 358 2533; x_wconf 92' lang='lat' dir='ltr'><strong>in</strong></span> <span class='ocrx_word' id='word_1_564' title='bbox 372 2504 504 2540; x_wconf 70' lang='lat' dir='ltr'><strong>prtedium</strong></span> <span class='ocrx_word' id='word_1_565' title='bbox 519 2502 591 2530; x_wconf 91' lang='lat' dir='ltr'><strong>idem</strong></span> <span class='ocrx_word' id='word_1_566' title='bbox 605 2502 695 2537; x_wconf 88' lang='lat' dir='ltr'><strong>ipsum</strong></span> <span class='ocrx_word' id='word_1_567' title='bbox 712 2501 878 2533; x_wconf 86' lang='lat' dir='ltr'><strong>diverteret;</strong></span> <span class='ocrx_word' id='word_1_568' title='bbox 897 2506 1015 2534; x_wconf 89' lang='lat' dir='ltr'><strong>cumque</strong></span> <span class='ocrx_word' id='word_1_569' title='bbox 1041 2499 1076 2526; x_wconf 82' lang='lat' dir='ltr'><strong>ad</strong></span> 
     </span>
    </p>
   </div>
   <div class='ocr_carea' id='block_1_84' title="bbox 287 2544 1078 2584">
    <p class='ocr_par' dir='ltr' id='par_1_84' title="bbox 287 2544 1078 2584">
     <span class='ocr_line' id='line_1_84' title="bbox 287 2544 1078 2584; baseline -0.01 -6"><span class='ocrx_word' id='word_1_570' title='bbox 287 2549 413 2579; x_wconf 86' lang='lat' dir='ltr'><strong>Siciliam</strong></span> <span class='ocrx_word' id='word_1_571' title='bbox 431 2547 614 2584; x_wconf 83' lang='lat' dir='ltr'><strong>pervenisset.</strong></span> <span class='ocrx_word' id='word_1_572' title='bbox 632 2546 707 2573; x_wconf 85' lang='lat' dir='ltr'><strong>misit</strong></span> <span class='ocrx_word' id='word_1_573' title='bbox 718 2545 884 2580; x_wconf 89' lang='lat' dir='ltr'><strong>Procopium</strong></span> <span class='ocrx_word' id='word_1_574' title='bbox 905 2544 1078 2579; x_wconf 85' lang='lat' dir='ltr'><strong>conscripto-</strong></span> 
     </span>
    </p>
   </div>
   <div class='ocr_carea' id='block_1_85' title="bbox 287 2591 1077 2632">
    <p class='ocr_par' dir='ltr' id='par_1_85' title="bbox 287 2591 1077 2632">
     <span class='ocr_line' id='line_1_85' title="bbox 287 2591 1077 2632; baseline -0.009 -7"><span class='ocrx_word' id='word_1_575' title='bbox 287 2604 346 2625; x_wconf 90' lang='lat' dir='ltr'><strong>rem</strong></span> <span class='ocrx_word' id='word_1_576' title='bbox 367 2595 551 2632; x_wconf 79' lang='lat' dir='ltr'><strong>Syracusani,</strong></span> <span class='ocrx_word' id='word_1_577' title='bbox 584 2594 607 2621; x_wconf 81' lang='lat' dir='ltr'><strong>si</strong></span> <span class='ocrx_word' id='word_1_578' title='bbox 627 2594 698 2620; x_wconf 81' lang='lat' dir='ltr'><strong>forte</strong></span> <span class='ocrx_word' id='word_1_579' title='bbox 713 2593 851 2620; x_wconf 88' lang='lat' dir='ltr'><strong>inveniret</strong></span> <span class='ocrx_word' id='word_1_580' title='bbox 876 2591 1011 2626; x_wconf 85' lang='lat' dir='ltr'><strong>quosdam</strong></span> <span class='ocrx_word' id='word_1_581' title='bbox 1030 2591 1077 2626; x_wconf 90' lang='lat' dir='ltr'><strong>qui</strong></span> 
     </span>
    </p>
   </div>
   <div class='ocr_carea' id='block_1_86' title="bbox 287 2638 1080 2679">
    <p class='ocr_par' dir='ltr' id='par_1_86' title="bbox 287 2638 1080 2679">
     <span class='ocr_line' id='line_1_86' title="bbox 287 2638 1080 2679; baseline -0.009 -7"><span class='ocrx_word' id='word_1_582' title='bbox 287 2652 318 2672; x_wconf 90' lang='lat' dir='ltr'><strong>se</strong></span> <span class='ocrx_word' id='word_1_583' title='bbox 339 2644 368 2672; x_wconf 92' lang='lat' dir='ltr'><strong>in</strong></span> <span class='ocrx_word' id='word_1_584' title='bbox 383 2642 497 2679; x_wconf 81' lang='lat' dir='ltr'><strong>Libyam</strong></span> <span class='ocrx_word' id='word_1_585' title='bbox 514 2641 661 2669; x_wconf 87' lang='lat' dir='ltr'><strong>ducerent.</strong></span> <span class='ocrx_word' id='word_1_586' title='bbox 683 2640 745 2675; x_wconf 84' lang='lat' dir='ltr'><strong>ipse</strong></span> <span class='ocrx_word' id='word_1_587' title='bbox 775 2646 841 2667; x_wconf 87' lang='lat' dir='ltr'><strong>vero</strong></span> <span class='ocrx_word' id='word_1_588' title='bbox 870 2638 941 2666; x_wconf 88' lang='lat' dir='ltr'><strong>stolo</strong></span> <span class='ocrx_word' id='word_1_589' title='bbox 966 2641 1080 2673; x_wconf 85' lang='lat' dir='ltr'><strong>accepto</strong></span> 
     </span>
    </p>
   </div>
   <div class='ocr_carea' id='block_1_87' title="bbox 1118 1577 1910 1615">
    <p class='ocr_par' dir='ltr' id='par_1_87' title="bbox 1118 1577 1910 1615">
     <span class='ocr_line' id='line_1_87' title="bbox 1118 1577 1910 1615; baseline -0.009 -6"><span class='ocrx_word' id='word_1_590' title='bbox 1118 1582 1212 1613; x_wconf 76' lang='lat' dir='ltr'><strong>iniusti</strong></span> <span class='ocrx_word' id='word_1_591' title='bbox 1225 1589 1283 1609; x_wconf 80' lang='lat' dir='ltr'><strong>esse</strong></span> <span class='ocrx_word' id='word_1_592' title='bbox 1299 1580 1442 1609; x_wconf 78' lang='lat' dir='ltr'><strong>videamini</strong></span> <span class='ocrx_word' id='word_1_593' title='bbox 1466 1587 1547 1615; x_wconf 81' lang='lat' dir='ltr'><strong>neque</strong></span> <span class='ocrx_word' id='word_1_594' title='bbox 1565 1579 1712 1606; x_wconf 78' lang='lat' dir='ltr'><strong>amicitiam</strong></span> <span class='ocrx_word' id='word_1_595' title='bbox 1737 1577 1867 1611; x_wconf 79' lang='lat' dir='ltr'><strong>Afrorum</strong></span> <span class='ocrx_word' id='word_1_596' title='bbox 1881 1577 1910 1603; x_wconf 81' lang='lat' dir='ltr'><strong>in</strong></span> 
     </span>
    </p>
   </div>
   <div class='ocr_carea' id='block_1_88' title="bbox 1118 1623 1912 1661">
    <p class='ocr_par' dir='ltr' id='par_1_88' title="bbox 1118 1623 1912 1661">
     <span class='ocr_line' id='line_1_88' title="bbox 1118 1623 1912 1661; baseline -0.008 -7"><span class='ocrx_word' id='word_1_597' title='bbox 1118 1627 1287 1654; x_wconf 80' lang='lat' dir='ltr'><strong>inimicitiam</strong></span> <span class='ocrx_word' id='word_1_598' title='bbox 1299 1625 1477 1661; x_wconf 49' lang='lat' dir='ltr'><strong>Iconvertatis,</strong></span> <span class='ocrx_word' id='word_1_599' title='bbox 1507 1624 1554 1652; x_wconf 74' lang='lat' dir='ltr'><strong>sed</strong></span> <span class='ocrx_word' id='word_1_600' title='bbox 1580 1623 1666 1651; x_wconf 79' lang='lat' dir='ltr'><strong>Deum</strong></span> <span class='ocrx_word' id='word_1_601' title='bbox 1684 1623 1772 1658; x_wconf 79' lang='lat' dir='ltr'><strong>potius</strong></span> <span class='ocrx_word' id='word_1_602' title='bbox 1800 1624 1912 1656; x_wconf 75' lang='lat' dir='ltr'><strong>ptacare</strong></span> 
     </span>
    </p>
   </div>
   <div class='ocr_carea' id='block_1_89' title="bbox 1119 1670 1911 1702">
    <p class='ocr_par' dir='ltr' id='par_1_89' title="bbox 1119 1670 1911 1702">
     <span class='ocr_line' id='line_1_89' title="bbox 1119 1670 1911 1702; baseline -0.008 -1"><span class='ocrx_word' id='word_1_603' title='bbox 1119 1672 1493 1701; x_wconf 80' lang='lat' dir='ltr'><strong>studete.Cessateinsilirein</strong></span> <span class='ocrx_word' id='word_1_604' title='bbox 1512 1671 1640 1702; x_wconf 80' lang='lat' dir='ltr'><strong>alienum,</strong></span> <span class='ocrx_word' id='word_1_605' title='bbox 1657 1674 1683 1697; x_wconf 84' lang='lat' dir='ltr'><strong>et</strong></span> <span class='ocrx_word' id='word_1_606' title='bbox 1698 1670 1804 1696; x_wconf 86' lang='lat' dir='ltr'><strong>lucrum</strong></span> <span class='ocrx_word' id='word_1_607' title='bbox 1827 1676 1911 1695; x_wconf 73' lang='lat' dir='ltr'><strong>mtt-</strong></span> 
     </span>
    </p>
   </div>
   <div class='ocr_carea' id='block_1_90' title="bbox 1121 1715 1912 1753">
    <p class='ocr_par' dir='ltr' id='par_1_90' title="bbox 1121 1715 1912 1753">
     <span class='ocr_line' id='line_1_90' title="bbox 1121 1715 1912 1753; baseline -0.008 -6"><span class='ocrx_word' id='word_1_608' title='bbox 1121 1720 1167 1747; x_wconf 85' lang='lat' dir='ltr'><strong>tite</strong></span> <span class='ocrx_word' id='word_1_609' title='bbox 1192 1719 1315 1753; x_wconf 78' lang='lat' dir='ltr'><strong>periculis</strong></span> <span class='ocrx_word' id='word_1_610' title='bbox 1342 1719 1458 1753; x_wconf 79' lang='lat' dir='ltr'><strong>plenum.</strong></span> <span class='ocrx_word' id='word_1_611' title='bbox 1487 1717 1598 1745; x_wconf 85' lang='lat' dir='ltr'><strong>Mittens</strong></span> <span class='ocrx_word' id='word_1_612' title='bbox 1633 1720 1726 1744; x_wconf 81' lang='lat' dir='ltr'><strong>autem</strong></span> <span class='ocrx_word' id='word_1_613' title='bbox 1757 1715 1912 1743; x_wconf 81' lang='lat' dir='ltr'><strong>Belisarins</strong></span> 
     </span>
    </p>
   </div>
   <div class='ocr_carea' id='block_1_91' title="bbox 1120 1761 1912 1796">
    <p class='ocr_par' dir='ltr' id='par_1_91' title="bbox 1120 1761 1912 1796">
     <span class='ocr_line' id='line_1_91' title="bbox 1120 1761 1912 1796; baseline -0.008 -2"><span class='ocrx_word' id='word_1_614' title='bbox 1120 1767 1237 1794; x_wconf 88' lang='lat' dir='ltr'><strong>electum</strong></span> <span class='ocrx_word' id='word_1_615' title='bbox 1255 1765 1407 1793; x_wconf 88' lang='lat' dir='ltr'><strong>exercitum</strong></span> <span class='ocrx_word' id='word_1_616' title='bbox 1430 1763 1526 1791; x_wconf 88' lang='lat' dir='ltr'><strong>urbem</strong></span> <span class='ocrx_word' id='word_1_617' title='bbox 1543 1763 1603 1790; x_wconf 83' lang='lat' dir='ltr'><strong>sine</strong></span> <span class='ocrx_word' id='word_1_618' title='bbox 1617 1762 1712 1790; x_wconf 83' lang='lat' dir='ltr'><strong>labore</strong></span> <span class='ocrx_word' id='word_1_619' title='bbox 1725 1761 1912 1796; x_wconf 86' lang='lat' dir='ltr'><strong>comprehen-</strong></span> 
     </span>
    </p>
   </div>
   <div class='ocr_carea' id='block_1_92' title="bbox 1121 1808 1913 1847">
    <p class='ocr_par' dir='ltr' id='par_1_92' title="bbox 1121 1808 1913 1847">
     <span class='ocr_line' id='line_1_92' title="bbox 1121 1808 1913 1847; baseline -0.009 -7"><span class='ocrx_word' id='word_1_620' title='bbox 1121 1812 1179 1847; x_wconf 55' lang='lat' dir='ltr'><strong>di;t;</strong></span> <span class='ocrx_word' id='word_1_621' title='bbox 1194 1816 1276 1839; x_wconf 89' lang='lat' dir='ltr'><strong>noctu</strong></span> <span class='ocrx_word' id='word_1_622' title='bbox 1293 1811 1367 1839; x_wconf 87' lang='lat' dir='ltr'><strong>enim</strong></span> <span class='ocrx_word' id='word_1_623' title='bbox 1378 1811 1410 1837; x_wconf 89' lang='lat' dir='ltr'><strong>ad</strong></span> <span class='ocrx_word' id='word_1_624' title='bbox 1428 1817 1488 1838; x_wconf 89' lang='lat' dir='ltr'><strong>eam</strong></span> <span class='ocrx_word' id='word_1_625' title='bbox 1505 1809 1716 1841; x_wconf 88' lang='lat' dir='ltr'><strong>accedentes,et</strong></span> <span class='ocrx_word' id='word_1_626' title='bbox 1728 1815 1782 1834; x_wconf 91' lang='lat' dir='ltr'><strong>una</strong></span> <span class='ocrx_word' id='word_1_627' title='bbox 1792 1815 1854 1834; x_wconf 89' lang='lat' dir='ltr'><strong>cum</strong></span> <span class='ocrx_word' id='word_1_628' title='bbox 1871 1808 1913 1834; x_wconf 82' lang='lat' dir='ltr'><strong>in-</strong></span> 
     </span>
    </p>
   </div>
   <div class='ocr_carea' id='block_1_93' title="bbox 1120 1854 1912 1892">
    <p class='ocr_par' dir='ltr' id='par_1_93' title="bbox 1120 1854 1912 1892">
     <span class='ocr_line' id='line_1_93' title="bbox 1120 1854 1912 1892; baseline -0.005 -7"><span class='ocrx_word' id='word_1_629' title='bbox 1120 1857 1297 1886; x_wconf 86' lang='lat' dir='ltr'><strong>troeuntibus</strong></span> <span class='ocrx_word' id='word_1_630' title='bbox 1331 1856 1463 1892; x_wconf 86' lang='lat' dir='ltr'><strong>plaustris</strong></span> <span class='ocrx_word' id='word_1_631' title='bbox 1500 1855 1670 1883; x_wconf 89' lang='lat' dir='ltr'><strong>rusticorum</strong></span> <span class='ocrx_word' id='word_1_632' title='bbox 1710 1854 1912 1889; x_wconf 80' lang='lat' dir='ltr'><strong>ingredientes.</strong></span> 
     </span>
    </p>
   </div>
   <div class='ocr_carea' id='block_1_94' title="bbox 1121 1900 1913 1935">
    <p class='ocr_par' dir='ltr' id='par_1_94' title="bbox 1121 1900 1913 1935">
     <span class='ocr_line' id='line_1_94' title="bbox 1121 1900 1913 1935; baseline -0.005 -5"><span class='ocrx_word' id='word_1_633' title='bbox 1121 1903 1194 1931; x_wconf 88' lang='lat' dir='ltr'><strong>hanc</strong></span> <span class='ocrx_word' id='word_1_634' title='bbox 1207 1903 1388 1930; x_wconf 87' lang='lat' dir='ltr'><strong>obtinuerunt</strong></span> <span class='ocrx_word' id='word_1_635' title='bbox 1400 1911 1407 1935; x_wconf 87' lang='lat'><strong>;</strong></span> <span class='ocrx_word' id='word_1_636' title='bbox 1424 1906 1452 1930; x_wconf 89' lang='lat' dir='ltr'><strong>et</strong></span> <span class='ocrx_word' id='word_1_637' title='bbox 1467 1909 1529 1929; x_wconf 89' lang='lat' dir='ltr'><strong>cum</strong></span> <span class='ocrx_word' id='word_1_638' title='bbox 1543 1901 1603 1928; x_wconf 86' lang='lat' dir='ltr'><strong>dies</strong></span> <span class='ocrx_word' id='word_1_639' title='bbox 1616 1901 1708 1928; x_wconf 84' lang='lat' dir='ltr'><strong>factus</strong></span> <span class='ocrx_word' id='word_1_640' title='bbox 1721 1900 1830 1930; x_wconf 84' lang='lat' dir='ltr'><strong>fuisset.</strong></span> <span class='ocrx_word' id='word_1_641' title='bbox 1856 1903 1913 1927; x_wconf 86' lang='lat' dir='ltr'><strong>tam</strong></span> 
     </span>
    </p>
   </div>
   <div class='ocr_carea' id='block_1_95' title="bbox 1121 1945 1916 1983">
    <p class='ocr_par' dir='ltr' id='par_1_95' title="bbox 1121 1945 1916 1983">
     <span class='ocr_line' id='line_1_95' title="bbox 1121 1945 1916 1983; baseline -0.008 -6"><span class='ocrx_word' id='word_1_642' title='bbox 1121 1949 1291 1977; x_wconf 85' lang='lat' dir='ltr'><strong>sacerdotem</strong></span> <span class='ocrx_word' id='word_1_643' title='bbox 1313 1956 1396 1983; x_wconf 89' lang='lat' dir='ltr'><strong>quam</strong></span> <span class='ocrx_word' id='word_1_644' title='bbox 1412 1947 1495 1982; x_wconf 84' lang='lat' dir='ltr'><strong>hujus</strong></span> <span class='ocrx_word' id='word_1_645' title='bbox 1515 1947 1619 1982; x_wconf 88' lang='lat' dir='ltr'><strong>primos</strong></span> <span class='ocrx_word' id='word_1_646' title='bbox 1629 1950 1785 1981; x_wconf 86' lang='lat' dir='ltr'><strong>captantes,</strong></span> <span class='ocrx_word' id='word_1_647' title='bbox 1797 1945 1830 1972; x_wconf 88' lang='lat' dir='ltr'><strong>ad</strong></span> <span class='ocrx_word' id='word_1_648' title='bbox 1845 1952 1916 1979; x_wconf 66' lang='lat' dir='ltr'><strong>pra-</strong></span> 
     </span>
    </p>
   </div>
   <div class='ocr_carea' id='block_1_96' title="bbox 1124 1994 1449 2023">
    <p class='ocr_par' dir='ltr' id='par_1_96' title="bbox 1124 1994 1449 2023">
     <span class='ocr_line' id='line_1_96' title="bbox 1124 1994 1449 2023; baseline -0.009 0"><span class='ocrx_word' id='word_1_649' title='bbox 1124 2000 1211 2023; x_wconf 88' lang='lat' dir='ltr'><strong>torem</strong></span> <span class='ocrx_word' id='word_1_650' title='bbox 1226 1994 1449 2022; x_wconf 86' lang='lat' dir='ltr'><strong>destinaverunt.</strong></span> 
     </span>
    </p>
   </div>
   <div class='ocr_carea' id='block_1_97' title="bbox 1158 2035 1918 2074">
    <p class='ocr_par' dir='ltr' id='par_1_97' title="bbox 1158 2035 1918 2074">
     <span class='ocr_line' id='line_1_97' title="bbox 1158 2035 1918 2074; baseline -0.005 -8"><span class='ocrx_word' id='word_1_651' title='bbox 1158 2040 1310 2067; x_wconf 87' lang='lat' dir='ltr'><strong>Belisarius</strong></span> <span class='ocrx_word' id='word_1_652' title='bbox 1324 2040 1419 2074; x_wconf 85' lang='lat' dir='ltr'><strong>itaque</strong></span> <span class='ocrx_word' id='word_1_653' title='bbox 1445 2038 1614 2073; x_wconf 75' lang='lat' dir='ltr'><strong>Carthagine</strong></span> <span class='ocrx_word' id='word_1_654' title='bbox 1628 2042 1708 2072; x_wconf 89' lang='lat' dir='ltr'><strong>capta</strong></span> <span class='ocrx_word' id='word_1_655' title='bbox 1722 2035 1918 2065; x_wconf 79' lang='lat' dir='ltr'><strong>cummonebat</strong></span> 
     </span>
    </p>
   </div>
   <div class='ocr_carea' id='block_1_98' title="bbox 1124 2082 1919 2118">
    <p class='ocr_par' dir='ltr' id='par_1_98' title="bbox 1124 2082 1919 2118">
     <span class='ocr_line' id='line_1_98' title="bbox 1124 2082 1919 2118; baseline -0.006 -6"><span class='ocrx_word' id='word_1_656' title='bbox 1124 2085 1236 2118; x_wconf 84' lang='lat' dir='ltr'><strong>milites,</strong></span> <span class='ocrx_word' id='word_1_657' title='bbox 1247 2084 1343 2112; x_wconf 90' lang='lat' dir='ltr'><strong>dicens</strong></span> <span class='ocrx_word' id='word_1_658' title='bbox 1360 2093 1367 2111; x_wconf 90' lang='lat'><strong>:</strong></span> <span class='ocrx_word' id='word_1_659' title='bbox 1385 2084 1474 2112; x_wconf 79' lang='lat' dir='ltr'><strong>Videte</strong></span> <span class='ocrx_word' id='word_1_660' title='bbox 1488 2088 1590 2118; x_wconf 86' lang='lat' dir='ltr'><strong>quanta</strong></span> <span class='ocrx_word' id='word_1_661' title='bbox 1612 2091 1740 2118; x_wconf 80' lang='lat' dir='ltr'><strong>prospera</strong></span> <span class='ocrx_word' id='word_1_662' title='bbox 1766 2082 1839 2117; x_wconf 79' lang='lat' dir='ltr'><strong>facta</strong></span> <span class='ocrx_word' id='word_1_663' title='bbox 1855 2087 1919 2108; x_wconf 83' lang='lat' dir='ltr'><strong>sunt</strong></span> 
     </span>
    </p>
   </div>
   <div class='ocr_carea' id='block_1_99' title="bbox 1124 2127 1917 2165">
    <p class='ocr_par' dir='ltr' id='par_1_99' title="bbox 1124 2127 1917 2165">
     <span class='ocr_line' id='line_1_99' title="bbox 1124 2127 1917 2165; baseline -0.003 -8"><span class='ocrx_word' id='word_1_664' title='bbox 1124 2130 1211 2162; x_wconf 79' lang='lat' dir='ltr'><strong>nobis,</strong></span> <span class='ocrx_word' id='word_1_665' title='bbox 1233 2130 1359 2165; x_wconf 83' lang='lat' dir='ltr'><strong>quoniam</strong></span> <span class='ocrx_word' id='word_1_666' title='bbox 1386 2129 1555 2157; x_wconf 80' lang='lat' dir='ltr'><strong>sobrietatem</strong></span> <span class='ocrx_word' id='word_1_667' title='bbox 1567 2137 1630 2164; x_wconf 79' lang='lat' dir='ltr'><strong>erga</strong></span> <span class='ocrx_word' id='word_1_668' title='bbox 1645 2129 1726 2164; x_wconf 76' lang='lat' dir='ltr'><strong>Afros</strong></span> <span class='ocrx_word' id='word_1_669' title='bbox 1740 2127 1917 2155; x_wconf 80' lang='lat' dir='ltr'><strong>ostendimus.</strong></span> 
     </span>
    </p>
   </div>
   <div class='ocr_carea' id='block_1_100' title="bbox 1129 2174 1919 2210">
    <p class='ocr_par' dir='ltr' id='par_1_100' title="bbox 1129 2174 1919 2210">
     <span class='ocr_line' id='line_1_100' title="bbox 1129 2174 1919 2210; baseline -0.004 -7"><span class='ocrx_word' id='word_1_670' title='bbox 1129 2176 1222 2204; x_wconf 76' lang='lat' dir='ltr'><strong>Videte</strong></span> <span class='ocrx_word' id='word_1_671' title='bbox 1240 2176 1405 2202; x_wconf 76' lang='lat' dir='ltr'><strong>honestatem</strong></span> <span class='ocrx_word' id='word_1_672' title='bbox 1419 2177 1448 2202; x_wconf 80' lang='lat' dir='ltr'><strong>tn</strong></span> <span class='ocrx_word' id='word_1_673' title='bbox 1467 2174 1627 2210; x_wconf 82' lang='lat' dir='ltr'><strong>Carthagine</strong></span> <span class='ocrx_word' id='word_1_674' title='bbox 1653 2182 1811 2201; x_wconf 75' lang='lat' dir='ltr'><strong>conservare</strong></span> <span class='ocrx_word' id='word_1_675' title='bbox 1842 2178 1868 2201; x_wconf 81' lang='lat' dir='ltr'><strong>et</strong></span> <span class='ocrx_word' id='word_1_676' title='bbox 1886 2182 1919 2200; x_wconf 79' lang='lat' dir='ltr'><strong>ne</strong></span> 
     </span>
    </p>
   </div>
   <div class='ocr_carea' id='block_1_101' title="bbox 1089 2215 1921 2258">
    <p class='ocr_par' dir='ltr' id='par_1_101' title="bbox 1089 2215 1921 2258">
     <span class='ocr_line' id='line_1_101' title="bbox 1089 2215 1921 2258; baseline -0.005 -9"><span class='ocrx_word' id='word_1_677' title='bbox 1089 2215 1112 2243; x_wconf 76' lang='grc' dir='ltr'>Ῑ)</span> <span class='ocrx_word' id='word_1_678' title='bbox 1126 2222 1186 2258; x_wconf 82' lang='lat' dir='ltr'><strong>quis</strong></span> <span class='ocrx_word' id='word_1_679' title='bbox 1205 2229 1361 2257; x_wconf 83' lang='lat' dir='ltr'><strong>quemquam</strong></span> <span class='ocrx_word' id='word_1_680' title='bbox 1376 2221 1517 2255; x_wconf 77' lang='lat' dir='ltr'><strong>opprimat,</strong></span> <span class='ocrx_word' id='word_1_681' title='bbox 1531 2228 1577 2247; x_wconf 85' lang='lat' dir='ltr'><strong>nec</strong></span> <span class='ocrx_word' id='word_1_682' title='bbox 1592 2220 1736 2255; x_wconf 83' lang='lat' dir='ltr'><strong>quidquam</strong></span> <span class='ocrx_word' id='word_1_683' title='bbox 1751 2220 1836 2254; x_wconf 74' lang='lat' dir='ltr'><strong>ipsius</strong></span> <span class='ocrx_word' id='word_1_684' title='bbox 1858 2221 1921 2246; x_wconf 78' lang='lat' dir='ltr'><strong>sub-</strong></span> 
     </span>
    </p>
   </div>
   <div class='ocr_carea' id='block_1_102' title="bbox 1124 2264 1921 2302">
    <p class='ocr_par' dir='ltr' id='par_1_102' title="bbox 1124 2264 1921 2302">
     <span class='ocr_line' id='line_1_102' title="bbox 1124 2264 1921 2302; baseline -0.006 -6"><span class='ocrx_word' id='word_1_685' title='bbox 1124 2269 1217 2302; x_wconf 79' lang='lat' dir='ltr'><strong>ripiat.</strong></span> <span class='ocrx_word' id='word_1_686' title='bbox 1237 2267 1306 2295; x_wconf 84' lang='lat' dir='ltr'><strong>Cum</strong></span> <span class='ocrx_word' id='word_1_687' title='bbox 1319 2267 1389 2295; x_wconf 82' lang='lat' dir='ltr'><strong>enim</strong></span> <span class='ocrx_word' id='word_1_688' title='bbox 1404 2267 1489 2293; x_wconf 85' lang='lat' dir='ltr'><strong>multa</strong></span> <span class='ocrx_word' id='word_1_689' title='bbox 1513 2265 1587 2292; x_wconf 87' lang='lat' dir='ltr'><strong>mala</strong></span> <span class='ocrx_word' id='word_1_690' title='bbox 1609 2266 1723 2299; x_wconf 80' lang='lat' dir='ltr'><strong>fuissent</strong></span> <span class='ocrx_word' id='word_1_691' title='bbox 1736 2273 1752 2292; x_wconf 82' lang='lat' dir='ltr'><strong>a</strong></span> <span class='ocrx_word' id='word_1_692' title='bbox 1787 2264 1921 2292; x_wconf 70' lang='lat' dir='ltr'><strong>Vandali:</strong></span> 
     </span>
    </p>
   </div>
   <div class='ocr_carea' id='block_1_103' title="bbox 1125 2310 1923 2348">
    <p class='ocr_par' dir='ltr' id='par_1_103' title="bbox 1125 2310 1923 2348">
     <span class='ocr_line' id='line_1_103' title="bbox 1125 2310 1923 2348; baseline -0.005 -7"><span class='ocrx_word' id='word_1_693' title='bbox 1125 2314 1249 2342; x_wconf 84' lang='lat' dir='ltr'><strong>barbaris</strong></span> <span class='ocrx_word' id='word_1_694' title='bbox 1265 2313 1328 2340; x_wconf 77' lang='lat' dir='ltr'><strong>uiris</strong></span> <span class='ocrx_word' id='word_1_695' title='bbox 1352 2312 1477 2348; x_wconf 81' lang='lat' dir='ltr'><strong>perpessi,</strong></span> <span class='ocrx_word' id='word_1_696' title='bbox 1498 2312 1644 2347; x_wconf 85' lang='lat' dir='ltr'><strong>imperator</strong></span> <span class='ocrx_word' id='word_1_697' title='bbox 1669 2315 1757 2338; x_wconf 85' lang='lat' dir='ltr'><strong>noster</strong></span> <span class='ocrx_word' id='word_1_698' title='bbox 1773 2310 1809 2337; x_wconf 85' lang='lat' dir='ltr'><strong>ad</strong></span> <span class='ocrx_word' id='word_1_699' title='bbox 1839 2311 1923 2337; x_wconf 68' lang='lat' dir='ltr'><strong>auxi-</strong></span> 
     </span>
    </p>
   </div>
   <div class='ocr_carea' id='block_1_104' title="bbox 1127 2357 1924 2388">
    <p class='ocr_par' dir='ltr' id='par_1_104' title="bbox 1127 2357 1924 2388">
     <span class='ocr_line' id='line_1_104' title="bbox 1127 2357 1924 2388; baseline -0.006 0"><span class='ocrx_word' id='word_1_700' title='bbox 1127 2360 1248 2388; x_wconf 84' lang='lat' dir='ltr'><strong>liandum</strong></span> <span class='ocrx_word' id='word_1_701' title='bbox 1263 2361 1301 2387; x_wconf 79' lang='lat' dir='ltr'><strong>eis</strong></span> <span class='ocrx_word' id='word_1_702' title='bbox 1315 2367 1363 2387; x_wconf 84' lang='lat' dir='ltr'><strong>nos</strong></span> <span class='ocrx_word' id='word_1_703' title='bbox 1390 2359 1463 2386; x_wconf 80' lang='lat' dir='ltr'><strong>misit</strong></span> <span class='ocrx_word' id='word_1_704' title='bbox 1475 2362 1501 2385; x_wconf 86' lang='lat' dir='ltr'><strong>et</strong></span> <span class='ocrx_word' id='word_1_705' title='bbox 1516 2358 1551 2384; x_wconf 89' lang='lat' dir='ltr'><strong>ad</strong></span> <span class='ocrx_word' id='word_1_706' title='bbox 1578 2358 1727 2385; x_wconf 78' lang='lat' dir='ltr'><strong>libertatem</strong></span> <span class='ocrx_word' id='word_1_707' title='bbox 1753 2357 1924 2384; x_wconf 66' lang='lat' dir='ltr'><strong>donandum.</strong></span> 
     </span>
    </p>
   </div>
   <div class='ocr_carea' id='block_1_105' title="bbox 1128 2404 1925 2440">
    <p class='ocr_par' dir='ltr' id='par_1_105' title="bbox 1128 2404 1925 2440">
     <span class='ocr_line' id='line_1_105' title="bbox 1128 2404 1925 2440; baseline -0.006 -5"><span class='ocrx_word' id='word_1_708' title='bbox 1128 2407 1191 2434; x_wconf 69' lang='lat' dir='ltr'><strong>“me</strong></span> <span class='ocrx_word' id='word_1_709' title='bbox 1207 2413 1387 2435; x_wconf 85' lang='lat' dir='ltr'><strong>commonens</strong></span> <span class='ocrx_word' id='word_1_710' title='bbox 1405 2404 1600 2440; x_wconf 77' lang='lat' dir='ltr'><strong>Carthaginem</strong></span> <span class='ocrx_word' id='word_1_711' title='bbox 1618 2404 1753 2436; x_wconf 79' lang='lat' dir='ltr'><strong>introivit,</strong></span> <span class='ocrx_word' id='word_1_712' title='bbox 1778 2407 1806 2431; x_wconf 88' lang='lat' dir='ltr'><strong>et</strong></span> <span class='ocrx_word' id='word_1_713' title='bbox 1822 2411 1925 2431; x_wconf 85' lang='lat' dir='ltr'><strong>ascen-</strong></span> 
     </span>
    </p>
   </div>
   <div class='ocr_carea' id='block_1_106' title="bbox 1104 2448 1924 2487">
    <p class='ocr_par' dir='ltr' id='par_1_106' title="bbox 1104 2448 1924 2487">
     <span class='ocr_line' id='line_1_106' title="bbox 1104 2448 1924 2487; baseline -0.007 -6"><span class='ocrx_word' id='word_1_714' title='bbox 1104 2452 1199 2487; x_wconf 41' lang='lat' dir='ltr'><strong>;dens</strong></span> <span class='ocrx_word' id='word_1_715' title='bbox 1216 2452 1346 2487; x_wconf 88' lang='lat' dir='ltr'><strong>palatium</strong></span> <span class='ocrx_word' id='word_1_716' title='bbox 1362 2451 1391 2478; x_wconf 90' lang='lat' dir='ltr'><strong>in</strong></span> <span class='ocrx_word' id='word_1_717' title='bbox 1415 2450 1562 2478; x_wconf 87' lang='lat' dir='ltr'><strong>Gelimcris</strong></span> <span class='ocrx_word' id='word_1_718' title='bbox 1580 2449 1654 2477; x_wconf 90' lang='lat' dir='ltr'><strong>solio</strong></span> <span class='ocrx_word' id='word_1_719' title='bbox 1672 2449 1754 2476; x_wconf 84' lang='lat' dir='ltr'><strong>sedit.</strong></span> <span class='ocrx_word' id='word_1_720' title='bbox 1769 2448 1812 2476; x_wconf 78' lang='lat' dir='ltr'><strong>Ad</strong></span> <span class='ocrx_word' id='word_1_721' title='bbox 1841 2456 1924 2484; x_wconf 89' lang='lat' dir='ltr'><strong>quem</strong></span> 
     </span>
    </p>
   </div>
   <div class='ocr_carea' id='block_1_107' title="bbox 1132 2494 1926 2532">
    <p class='ocr_par' dir='ltr' id='par_1_107' title="bbox 1132 2494 1926 2532">
     <span class='ocr_line' id='line_1_107' title="bbox 1132 2494 1926 2532; baseline -0.004 -7"><span class='ocrx_word' id='word_1_722' title='bbox 1132 2501 1310 2525; x_wconf 82' lang='lat' dir='ltr'><strong>accesserunt</strong></span> <span class='ocrx_word' id='word_1_723' title='bbox 1328 2495 1516 2532; x_wconf 84' lang='lat' dir='ltr'><strong>negotiatores</strong></span> <span class='ocrx_word' id='word_1_724' title='bbox 1529 2494 1719 2530; x_wconf 86' lang='lat' dir='ltr'><strong>Carthaginis.</strong></span> <span class='ocrx_word' id='word_1_725' title='bbox 1736 2498 1763 2522; x_wconf 89' lang='lat' dir='ltr'><strong>et</strong></span> <span class='ocrx_word' id='word_1_726' title='bbox 1785 2498 1926 2530; x_wconf 83' lang='lat' dir='ltr'><strong>quotquot</strong></span> 
     </span>
    </p>
   </div>
   <div class='ocr_carea' id='block_1_108' title="bbox 1127 2541 1925 2579">
    <p class='ocr_par' dir='ltr' id='par_1_108' title="bbox 1127 2541 1925 2579">
     <span class='ocr_line' id='line_1_108' title="bbox 1127 2541 1925 2579; baseline -0.005 -8"><span class='ocrx_word' id='word_1_727' title='bbox 1127 2544 1207 2579; x_wconf 82' lang='lat' dir='ltr'><strong>juxta</strong></span> <span class='ocrx_word' id='word_1_728' title='bbox 1223 2550 1300 2571; x_wconf 88' lang='lat' dir='ltr'><strong>mare</strong></span> <span class='ocrx_word' id='word_1_729' title='bbox 1325 2543 1484 2574; x_wconf 84' lang='lat' dir='ltr'><strong>manebant,</strong></span> <span class='ocrx_word' id='word_1_730' title='bbox 1509 2541 1682 2577; x_wconf 78' lang='lat' dir='ltr'><strong>queritantes</strong></span> <span class='ocrx_word' id='word_1_731' title='bbox 1708 2548 1738 2569; x_wconf 91' lang='lat' dir='ltr'><strong>se</strong></span> <span class='ocrx_word' id='word_1_732' title='bbox 1758 2541 1886 2575; x_wconf 82' lang='lat' dir='ltr'><strong>rapinam</strong></span> <span class='ocrx_word' id='word_1_733' title='bbox 1909 2547 1925 2567; x_wconf 73' lang='grc' dir='ltr'><strong>ι</strong></span> 
     </span>
    </p>
   </div>
   <div class='ocr_carea' id='block_1_109' title="bbox 1132 2588 1925 2626">
    <p class='ocr_par' dir='ltr' id='par_1_109' title="bbox 1132 2588 1925 2626">
     <span class='ocr_line' id='line_1_109' title="bbox 1132 2588 1925 2626; baseline -0.006 -7"><span class='ocrx_word' id='word_1_734' title='bbox 1132 2591 1272 2619; x_wconf 87' lang='lat' dir='ltr'><strong>classibus</strong></span> <span class='ocrx_word' id='word_1_735' title='bbox 1289 2590 1451 2626; x_wconf 86' lang='lat' dir='ltr'><strong>pertulisse.</strong></span> <span class='ocrx_word' id='word_1_736' title='bbox 1477 2590 1514 2616; x_wconf 82' lang='lat' dir='ltr'><strong>At</strong></span> <span class='ocrx_word' id='word_1_737' title='bbox 1523 2597 1589 2617; x_wconf 83' lang='lat' dir='ltr'><strong>vero</strong></span> <span class='ocrx_word' id='word_1_738' title='bbox 1603 2588 1799 2624; x_wconf 80' lang='lat' dir='ltr'><strong>Calonymum.</strong></span> <span class='ocrx_word' id='word_1_739' title='bbox 1814 2589 1925 2615; x_wconf 77' lang='lat' dir='ltr'><strong>navium</strong></span> 
     </span>
    </p>
   </div>
   <div class='ocr_carea' id='block_1_110' title="bbox 1132 2635 1928 2673">
    <p class='ocr_par' dir='ltr' id='par_1_110' title="bbox 1132 2635 1928 2673">
     <span class='ocr_line' id='line_1_110' title="bbox 1132 2635 1928 2673; baseline -0.005 -9"><span class='ocrx_word' id='word_1_740' title='bbox 1132 2637 1300 2673; x_wconf 83' lang='lat' dir='ltr'><strong>principem,</strong></span> <span class='ocrx_word' id='word_1_741' title='bbox 1324 2635 1484 2671; x_wconf 77' lang='lat' dir='ltr'><strong>iuramento</strong></span> <span class='ocrx_word' id='word_1_742' title='bbox 1504 2635 1674 2663; x_wconf 82' lang='lat' dir='ltr'><strong>constrinxit</strong></span> <span class='ocrx_word' id='word_1_743' title='bbox 1700 2640 1840 2670; x_wconf 82' lang='lat' dir='ltr'><strong>quatenus</strong></span> <span class='ocrx_word' id='word_1_744' title='bbox 1866 2642 1928 2661; x_wconf 90' lang='lat' dir='ltr'><strong>om-</strong></span> 
     </span>
    </p>
   </div>
   <div class='ocr_carea' id='block_1_111' title="bbox 1047 2704 1167 2733">
    <p class='ocr_par' dir='ltr' id='par_1_111' title="bbox 1047 2704 1167 2733">
     <span class='ocr_line' id='line_1_111' title="bbox 1047 2704 1167 2733; baseline 0 0"><span class='ocrx_word' id='word_1_745' title='bbox 1047 2704 1167 2733; x_wconf 65' lang='lat' dir='ltr'><strong>NOTAE.</strong></span> 
     </span>
    </p>
   </div>
   <div class='ocr_carea' id='block_1_112' title="bbox 327 2764 1076 2807">
    <p class='ocr_par' dir='ltr' id='par_1_112' title="bbox 327 2764 1076 2807">
     <span class='ocr_line' id='line_1_112' title="bbox 327 2764 1076 2807; baseline -0.008 -9"><span class='ocrx_word' id='word_1_746' title='bbox 327 2770 385 2807; x_wconf 65' lang='grc' dir='ltr'><strong>(ΞΘ)</strong></span> <span class='ocrx_word' id='word_1_747' title='bbox 416 2769 781 2807; x_wconf 71' lang='lat' dir='ltr'><strong>Yictuatia.Co_mmeatum,_</strong></span> <span class='ocrx_word' id='word_1_748' title='bbox 798 2766 883 2807; x_wconf 75' lang='lat' dir='ltr'><strong>victui</strong></span> <span class='ocrx_word' id='word_1_749' title='bbox 906 2764 1076 2807; x_wconf 54' lang='lat' dir='ltr'><strong>negessaria.</strong></span> 
     </span>
    </p>
   </div>
   <div class='ocr_carea' id='block_1_113' title="bbox 289 2800 1075 2835">
    <p class='ocr_par' dir='ltr' id='par_1_113' title="bbox 289 2800 1075 2835">
     <span class='ocr_line' id='line_1_113' title="bbox 289 2800 1075 2835; baseline -0.011 0"><span class='ocrx_word' id='word_1_750' title='bbox 289 2800 393 2835; x_wconf 64' lang='lat' dir='ltr'><strong>Glossa‘.</strong></span> <span class='ocrx_word' id='word_1_751' title='bbox 413 2806 556 2834; x_wconf 85' lang='lat' dir='ltr'><strong>Dosithei:</strong></span> <span class='ocrx_word' id='word_1_752' title='bbox 577 2814 585 2832; x_wconf 80' lang='grc' dir='ltr'><strong>ι</strong></span> <span class='ocrx_word' id='word_1_753' title='bbox 601 2804 740 2835; x_wconf 80' lang='lat' dir='ltr'><strong>alimonia,</strong></span> <span class='ocrx_word' id='word_1_754' title='bbox 757 2803 897 2831; x_wconf 81' lang='lat' dir='ltr'><strong>victnalia.</strong></span> <span class='ocrx_word' id='word_1_755' title='bbox 915 2811 924 2826; x_wconf 81' lang='grc' dir='ltr'><strong>ι</strong></span> <span class='ocrx_word' id='word_1_756' title='bbox 942 2800 1075 2828; x_wconf 80' lang='lat' dir='ltr'><strong>Flodoar-</strong></span> 
     </span>
    </p>
   </div>
   <div class='ocr_carea' id='block_1_114' title="bbox 289 2836 1076 2875">
    <p class='ocr_par' dir='ltr' id='par_1_114' title="bbox 289 2836 1076 2875">
     <span class='ocr_line' id='line_1_114' title="bbox 289 2836 1076 2875; baseline -0.008 -7"><span class='ocrx_word' id='word_1_757' title='bbox 289 2845 351 2875; x_wconf 84' lang='lat' dir='ltr'><strong>dus,</strong></span> <span class='ocrx_word' id='word_1_758' title='bbox 365 2841 438 2868; x_wconf 80' lang='lat' dir='ltr'><strong>Hist.</strong></span> <span class='ocrx_word' id='word_1_759' title='bbox 458 2841 522 2868; x_wconf 83' lang='lat' dir='ltr'><strong>eccl.</strong></span> <span class='ocrx_word' id='word_1_760' title='bbox 535 2840 610 2867; x_wconf 86' lang='lat' dir='ltr'><strong>Rem.</strong></span> <span class='ocrx_word' id='word_1_761' title='bbox 625 2860 632 2871; x_wconf 91' lang='lat'><strong>,</strong></span> <span class='ocrx_word' id='word_1_762' title='bbox 644 2847 674 2872; x_wconf 87' lang='grc' dir='ltr'>ιι,</span> <span class='ocrx_word' id='word_1_763' title='bbox 687 2839 717 2866; x_wconf 74' lang='lat' dir='ltr'><strong>il</strong></span> <span class='ocrx_word' id='word_1_764' title='bbox 735 2848 741 2865; x_wconf 91' lang='lat'>:</span> <span class='ocrx_word' id='word_1_765' title='bbox 761 2848 770 2864; x_wconf 78' lang='grc' dir='ltr'><strong>ι</strong></span> <span class='ocrx_word' id='word_1_766' title='bbox 784 2836 952 2867; x_wconf 77' lang='lat' dir='ltr'><strong>Suﬂicientia</strong></span> <span class='ocrx_word' id='word_1_767' title='bbox 967 2836 1076 2864; x_wconf 85' lang='lat' dir='ltr'><strong>victua-</strong></span> 
     </span>
    </p>
   </div>
   <div class='ocr_carea' id='block_1_115' title="bbox 289 2874 619 2911">
    <p class='ocr_par' dir='ltr' id='par_1_115' title="bbox 289 2874 619 2911">
     <span class='ocr_line' id='line_1_115' title="bbox 289 2874 619 2911; baseline 0 -8"><span class='ocrx_word' id='word_1_768' title='bbox 289 2878 327 2904; x_wconf 87' lang='lat' dir='ltr'><strong>tia</strong></span> <span class='ocrx_word' id='word_1_769' title='bbox 342 2877 494 2905; x_wconf 86' lang='lat' dir='ltr'><strong>constituit.</strong></span> <span class='ocrx_word' id='word_1_770' title='bbox 511 2886 520 2902; x_wconf 79' lang='grc' dir='ltr'><strong>ι</strong></span> <span class='ocrx_word' id='word_1_771' title='bbox 538 2874 619 2911; x_wconf 66' lang='lat' dir='ltr'><strong>Fatur.</strong></span> 
     </span>
    </p>
   </div>
   <div class='ocr_carea' id='block_1_116' title="bbox 1168 2761 1924 2800">
    <p class='ocr_par' dir='ltr' id='par_1_116' title="bbox 1168 2761 1924 2800">
     <span class='ocr_line' id='line_1_116' title="bbox 1168 2761 1924 2800; baseline -0.005 -8"><span class='ocrx_word' id='word_1_772' title='bbox 1168 2765 1224 2800; x_wconf 76' lang='lat'><strong>(‘27)</strong></span> <span class='ocrx_word' id='word_1_773' title='bbox 1235 2764 1429 2792; x_wconf 76' lang='lat' dir='ltr'><strong>Mansiouibus.</strong></span> <span class='ocrx_word' id='word_1_774' title='bbox 1445 2763 1585 2800; x_wconf 86' lang='lat' dir='ltr'><strong>Sulpicius</strong></span> <span class='ocrx_word' id='word_1_775' title='bbox 1602 2761 1723 2800; x_wconf 65' lang='lat' dir='ltr'><strong>Severus</strong></span> <span class='ocrx_word' id='word_1_776' title='bbox 1739 2762 1767 2800; x_wconf 77' lang='lat' dir='ltr'><strong>in</strong></span> <span class='ocrx_word' id='word_1_777' title='bbox 1783 2761 1903 2800; x_wconf 67' lang='lat' dir='ltr'><strong>Martiae</strong></span> <span class='ocrx_word' id='word_1_778' title='bbox 1918 2771 1924 2788; x_wconf 90' lang='lat'>:</span> 
     </span>
    </p>
   </div>
   <div class='ocr_carea' id='block_1_117' title="bbox 1134 2797 1929 2828">
    <p class='ocr_par' dir='ltr' id='par_1_117' title="bbox 1134 2797 1929 2828">
     <span class='ocr_line' id='line_1_117' title="bbox 1134 2797 1929 2828; baseline -0.004 -1"><span class='ocrx_word' id='word_1_779' title='bbox 1134 2811 1143 2827; x_wconf 82' lang='grc'><strong>1</strong></span> <span class='ocrx_word' id='word_1_780' title='bbox 1162 2797 1288 2828; x_wconf 78' lang='lat' dir='ltr'><strong>Sedecim</strong></span> <span class='ocrx_word' id='word_1_781' title='bbox 1305 2797 1505 2828; x_wconf 73' lang='lat' dir='ltr'><strong>mansionibus</strong></span> <span class='ocrx_word' id='word_1_782' title='bbox 1518 2799 1607 2826; x_wconf 86' lang='lat' dir='ltr'><strong>abest.</strong></span> <span class='ocrx_word' id='word_1_783' title='bbox 1621 2807 1630 2823; x_wconf 77' lang='grc' dir='ltr'><strong>ι</strong></span> <span class='ocrx_word' id='word_1_784' title='bbox 1650 2797 1731 2825; x_wconf 85' lang='lat' dir='ltr'><strong>Plura</strong></span> <span class='ocrx_word' id='word_1_785' title='bbox 1743 2798 1778 2824; x_wconf 91' lang='lat' dir='ltr'><strong>de</strong></span> <span class='ocrx_word' id='word_1_786' title='bbox 1803 2797 1929 2825; x_wconf 77' lang='lat' dir='ltr'><strong>mansio-</strong></span> 
     </span>
    </p>
   </div>
   <div class='ocr_carea' id='block_1_118' title="bbox 1132 2832 1810 2865">
    <p class='ocr_par' dir='ltr' id='par_1_118' title="bbox 1132 2832 1810 2865">
     <span class='ocr_line' id='line_1_118' title="bbox 1132 2832 1810 2865; baseline -0.006 -2"><span class='ocrx_word' id='word_1_787' title='bbox 1132 2837 1215 2865; x_wconf 84' lang='lat' dir='ltr'><strong>nibus</strong></span> <span class='ocrx_word' id='word_1_788' title='bbox 1229 2836 1292 2865; x_wconf 84' lang='lat' dir='ltr'><strong>dico</strong></span> <span class='ocrx_word' id='word_1_789' title='bbox 1310 2835 1343 2863; x_wconf 85' lang='lat' dir='ltr'><strong>ad</strong></span> <span class='ocrx_word' id='word_1_790' title='bbox 1357 2835 1399 2863; x_wconf 88' lang='lat' dir='ltr'><strong>tit.</strong></span> <span class='ocrx_word' id='word_1_791' title='bbox 1419 2843 1448 2862; x_wconf 92' lang='lat' dir='ltr'><strong>Ill</strong></span> <span class='ocrx_word' id='word_1_792' title='bbox 1463 2835 1543 2863; x_wconf 77' lang='lat' dir='ltr'><strong>dicta:</strong></span> <span class='ocrx_word' id='word_1_793' title='bbox 1553 2833 1742 2862; x_wconf 84' lang='lat' dir='ltr'><strong>Collcclionis.</strong></span> <span class='ocrx_word' id='word_1_794' title='bbox 1771 2832 1810 2860; x_wconf 77' lang='lat' dir='ltr'><strong>lo.</strong></span> 
     </span>
    </p>
   </div>
  </div>
