2035 3153
132 149 199 182 1257

547 142 731 174 HISTORIA
748 140 1036 171 ECCLESIASTICA
1059 140 1107 169 ΕΧ
1131 138 1371 169 THEOPIIANE.

1689 137 1756 169 1958

132 206 176 232 uia
192 211 253 240 qua:
269 207 346 238 rapta
370 202 477 229 fuerant
494 205 648 235 asportaret
663 204 688 227 et
701 199 820 234 propriis
831 197 919 224 domi-
937 201 958 229 Α
978 198 1092 231 spongia
1110 196 1215 227 reddat,
1231 202 1313 229 porro
1334 194 1477 226 citharam,
1495 199 1523 220 ut
1537 194 1718 221 calamitatem
1730 199 1758 222 et

130 252 176 279 nis
187 250 313 277 redderet
328 258 335 282 ;
353 248 399 284 qui
417 247 584 275 defraudans
605 254 636 273 cx
662 245 702 273 eis
733 250 758 272 ct
773 244 918 280 perjuraus

131 305 187 324 non
207 300 267 332 post
288 296 402 322 multum
425 293 574 321 vindictam
588 292 725 320 exsolvit:
752 298 814 317 nam
843 293 921 316 extra

131 352 243 373 sensum
261 343 376 370 citi-ctus
401 349 478 369 suam
510 340 596 374 ipsius
627 339 748 373 linguam
774 336 922 363 cotuedens

131 391 210 420 obiit.
224 391 263 417 lta
282 397 346 416 vero
363 394 463 423 praeter
483 387 544 414 sine
573 385 692 412 tumultu
713 383 812 411 urbem
832 382 923 417 possi-

132 438 227 468 debat,
246 440 275 463 ut
291 443 341 463 nec
358 434 485 468 injuriam
498 432 655 468 quampiam
672 431 790 458 inferret
802 427 921 460 hotuiui,

134 492 185 512 nec
201 483 229 510 in
249 481 309 509 foro
327 480 470 516 quospiam
494 479 623 506 obserere
640 477 752 504 domum
779 475 925 509 continge-

133 535 188 560 ret.
206 529 252 556 sed
267 531 389 555 ementes
416 525 517 552 milites
532 523 735 551 manducabant
749 526 777 549 ct
794 521 926 548 laetaban-

135 583 190 603 tur.
202 574 258 602 Eos
274 581 338 601 vero
352 572 491 599 Vandalus
506 572 553 606 qui
582 571 616 597 ad
630 577 710 597 sacra
727 568 923 603 confugerant,

136 623 189 650 Iide
215 621 336 656 praestita
349 619 492 648 educebat.
517 617 656 644 Murorum
682 620 773 642 autem
801 613 925 640 civitatis

135 668 307 703 diligentiam
321 666 478 696 exhibebat.
495 672 557 691 cum
573 668 654 690 antea
667 660 833 697 negligentia
863 667 926 686 rue-

135 720 208 742 rent.
222 714 307 741 Porro
317 713 480 740 dicebantet
490 716 568 738 vetus
577 710 690 737 verbum
704 707 869 742 Carthagine
885 706 928 732 di-

136 765 224 791 ctum.
234 759 362 787 videliCet
373 758 486 785 Gamma
497 761 677 792 persequetur
686 755 763 786 Bcta,
778 761 853 781 nunc
867 760 929 780 esse

143 807 294 843 perfectum
307 814 314 832 :
326 805 403 841 prius
411 804 483 832 enim
495 802 662 832 Gezericbus
675 800 845 828 Bonifacium
855 800 930 826 inse-

137 859 218 882 cutus
232 858 283 886 est,
294 859 365 879 nunc
375 859 441 879 vero
449 850 597 877 Belisarius
609 848 782 876 Gelimerem.
798 846 931 874 Praeterea

974 244 1138 270 lamenteiur
1154 247 1181 269 et
1193 242 1300 268 defleat.
1324 240 1372 268 llis
1384 241 1484 268 auditis
1501 240 1585 268 Faras
1595 241 1757 271 condoleus.

972 292 999 314 ct
1017 286 1154 313 fortunam
1170 286 1317 312 humanam
1333 285 1493 320 deplorans,
1522 285 1674 312 secundum
1698 285 1759 320 ejus
1772 315 1789 326 η

975 333 1078 367 scripta
1094 332 1222 362 faciebat,
1232 337 1259 358 ct
1272 332 1365 358 omnia
1382 331 1509 358 mittebat
1520 331 1758 367 quaecunquetQS)

974 378 1093 405 Gclitnct'
1108 377 1213 411 egebat.
1231 376 1367 404 l’ra-terea
1396 384 1458 403 cum
1482 376 1569 403 hiems
1591 376 1759 407 trausiisset.

975 427 1100 450 metuens
1114 423 1233 450 Gelimer
1250 423 1421 450 obsidionem
1454 422 1654 454 Romanorum,
1672 426 1699 449 et
1712 430 1759 450 co-

975 472 1118 503 gnatorum
1144 469 1274 496 misertus
1293 468 1419 500 filiorum,
1434 468 1481 503 qui
1498 476 1605 495 vermes
1618 468 1644 495 iu
1668 468 1762 495 eadem

977 514 1086 542 miseria
1108 514 1241 546 fecerant.
1257 515 1410 542 dissolutus
1427 520 1468 541 est
1489 518 1591 546 mente,
1607 518 1635 541 et
1650 514 1684 540 ad
1706 507 1764 541 'Fa-

977 568 1026 587 rau
1051 561 1195 595 rescripsit
1227 560 1297 594 quod
1329 560 1391 587 fidei
1416 560 1499 587 verbo
1522 565 1632 594 recepto
1650 560 1765 594 ipse,et

977 606 1025 641 qui
1057 613 1149 633 secum
1188 609 1284 638 erant,
1314 606 1347 631 ad
1376 605 1539 632 Belisarium
1572 608 1764 640 properarent.

979 652 1038 685 Quo
1054 652 1126 679 hunc
1139 657 1243 679 certum
1259 651 1440 686 jurejurando
1451 651 1591 682 reddente,
1613 651 1765 686 assumptis

979 699 1108 726 omnibus
1119 698 1310 733 Carthaginem
1327 699 1413 726 venit.
1425 697 1577 725 Belisarius
1589 701 1680 724 autem
1692 698 1767 724 hunc

981 749 1121 781 gratanter
1135 745 1248 778 recepit.
1267 745 1301 772 At
1315 752 1380 772 vero
1394 744 1514 772 Gelimer
1530 743 1645 771 ridendo
1663 744 1695 771 ad
1717 745 1766 770 Be-

982 792 1106 819 lisarium
1124 791 1257 818 introivit.
1274 791 1359 824 Quem
1388 790 1434 817 alii
1447 791 1557 825 quidem
1578 790 1768 825 superfluitate

983 838 1122 873 passionis
1138 838 1293 865 excessisse
1303 845 1363 872 quae
1379 841 1444 864 sunt
1456 841 1562 864 naturai,
1573 857 1580 869 ,
1595 837 1769 872 delirumque

137 898 178 926 tot
199 882 332 933 pecunias
353 895 500 924 multitudo
524 895 625 929 reperit
644 897 712 928 quot
734 893 762 920 in
778 892 854 919 nullo
872 891 933 918 loco
949 891 970 918 Β
984 882 1198 917 suspicabamur
1212 882 1340 910 εσθειυω
1359 891 1365 910 ε
1385 882 1466 910 animi
1489 890 1555 909 νεΓο
1577 882 1659 917 huius
1683 888 1769 910 8183‘

138 951 258 978 unquam
265 950 326 970 esse
333 941 494 976 contigerat.
507 939 626 974 Denique
635 937 821 964 Romanorum
832 935 935 971 princi-

139 994 231 1025 patum
239 988 437 1024 depopulantes
447 986 576 1022 pecunias
586 982 834 1018 multasiuLibyam
844 988 934 1009 trans-

139 1036 272 1066 tulerunt.
304 1033 335 1060 Et
360 1041 421 1060 cum
438 1033 497 1067 ipsa
513 1031 587 1066 regio
598 1030 701 1066 optima
718 1034 745 1056 et
757 1028 876 1056 fecunda
888 1035 933 1056 εε-

140 1087 191 1114 set,
202 1081 381 1117 pecuniarum
392 1079 497 1106 reditus
511 1077 552 1106 eis
564 1076 652 1104 eﬂ‘ecti
667 1080 731 1103 sunt
744 1075 833 1102 ntulti.
843 1074 935 1101 Nona-

139 1128 214 1164 ginta
239 1127 339 1162 quippe
365 1130 392 1153 et
423 1125 546 1160 quinque
573 1123 654 1150 annis
680 1121 796 1149 Vandali
822 1120 934 1156 Libyam

140 1177 313 1206 tenuerunt;
332 1176 359 1199 et.
383 1179 446 1198 eum
474 1170 575 1197 multas
601 1169 714 1196 divitias
745 1167 934 1201 collegissent,

140 1223 167 1249 in
185 1221 230 1248 illa
251 1220 297 1247 die
322 1219 350 1245 in
367 1218 558 1245 Romanorum
588 1222 688 1242 manus
715 1221 813 1241 omnes
835 1212 937 1240 divitia:

142 1265 339 1295 rcdiernnt.ln
363 1264 453 1290 tribus
480 1263 553 1290 enim
568 1261 716 1288 mensibus
733 1268 793 1287 cum
818 1267 937 1295 pugnas-

141 1318 182 1343 set
201 1312 362 1342 Belisavius,
378 1311 403 1337 id
421 1315 486 1337 esta
501 1308 631 1336 Kalendis
667 1307 833 1335 Octobribus
850 1314 937 1341 usque

141 1360 174 1387 ad
195 1358 331 1385 Kalendas
344 1356 529 1386 Decembr-ias,
543 1359 628 1382 totam
655 1353 768 1388 Libyam
800 1353 937 1389 subdidit.

142 1405 217 1433 llisit
230 1408 319 1432 autem
335 1403 468 1431 Joannem
483 1402 640 1428 Armenium
653 1408 715 1427 cum
730 1399 856 1426 ducentis
881 1399 937 1425 ele-

142 1452 196 1481 ctis
218 1450 346 1486 persequi
378 1449 555 1480 Gelimerem,
583 1446 672 1474 donec
695 1454 756 1472 eum
786 1445 877 1471 vivum
889 1447 939 1470 aut

144 1503 282 1526 tuortmun
297 1494 541 1531 comprehenderet
558 1501 565 1525 ;
582 1492 628 1527 qui
643 1497 839 1527 prtcoccupaus
864 1489 938 1516 Geli-

145 1552 246 1572 merem
277 1542 531 1577 comprehensurus
549 1543 620 1571 erat,
639 1538 692 1565 nisi
708 1545 751 1565 res
772 1537 935 1571 contigisset

145 1588 315 1623 hujusmodi.
332 1586 461 1614 Huliares
477 1585 589 1619 quidam
607 1591 640 1610 ex
664 1582 789 1609 Belisarii
811 1581 933 1616 armige-

146 1636 185 1662 tis
202 1639 262 1662 erat
279 1642 340 1661 cum
358 1632 463 1660 Joanne
478 1640 485 1664 ;
503 1632 549 1665 qui
569 1630 633 1657 vino
647 1629 812 1661 inebriatus,
839 1628 934 1655 videns

145 1687 222 1707 avem
241 1687 324 1714 super
339 1679 465 1705 arborem
485 1676 660 1707 insidentem,
688 1679 768 1702 tenso
799 1681 866 1701 arcu
890 1673 933 1708 je-

146 1727 184 1754 cit
202 1726 332 1753 adversus
361 1732 451 1751 avem.
479 1723 512 1749 Et
537 1729 613 1748 avem
629 1720 741 1755 quidem
767 1723 934 1747 consecutus

147 1781 203 1800 non
225 1777 277 1804 est,
297 1771 429 1798 Joannem
445 1776 509 1796 vero
522 1772 596 1795 retro
609 1768 636 1793 in
657 1767 765 1794 cervice
779 1764 934 1800 percussit;

147 1819 194 1854 qui
208 1818 331 1854 plagatus
350 1820 475 1843 ntortutts
492 1820 543 1848 cst,
564 1814 676 1841 multum
692 1813 795 1839 luctum
813 1815 868 1837 tant
886 1811 937 1837 im-

149 1865 269 1901 peratori
282 1863 436 1891 Justiniano
455 1866 483 1889 et
497 1861 731 1894 Bclisario,'quam
743 1857 851 1885 cunctis
879 1856 935 1882 Ro-

150 1911 239 1937 manis
265 1914 291 1936 ct
313 1906 577 1942 Carthaginiensibus
602 1904 806 1938 derelinquens.
834 1901 938 1929 Taliter

149 1955 272 1983 Gelimer
291 1954 423 1988 ellugiens
439 1953 484 1979 illa
502 1952 546 1979 die
560 1950 605 1978 'ad
620 1948 775 1977 MaurusiOs
806 1954 938 1982 propera-

150 2001 189 2028 vit
205 2010 212 2034 ;
236 2008 316 2036 quem
334 1999 486 2027 Belisarius
500 2001 662 2033 persecutus
679 1996 706 2022 in
722 1995 815 2029 Papua
832 1997 935 2025 monte,

151 2048 179 2075 in
206 2047 365 2074 novissimis
381 2044 526 2075 Numidia),
543 2042 746 2072 circumclusit.
763 2041 835 2067 hunc
864 2039 938 2066 obsi-

151 2094 222 2122 dens
235 2101 283 2129 per
294 2093 421 2122 hiemem,
441 2089 634 2118 deficientibus
654 2088 680 2115 ei
695 2087 822 2115 omnibus
841 2093 938 2113 ncces-

151 2140 233 2168 sariis
251 2149 258 2166 :
278 2138 356 2173 panis
374 2137 447 2164 enim
470 2136 542 2171 apud
561 2134 714 2162 Maurusios
727 2141 781 2160 non
800 2133 828 2159 fit
849 2139 939 2166 neque

153 2187 246 2213 vinum
265 2191 353 2218 neque
369 2183 475 2214 oleum,
490 2182 539 2209 sed
552 2181 593 2208 far
609 2184 636 2208 et
661 2180 793 2207 hordeum
811 2179 941 2205 immatu-

152 2238 225 2260 rum.
256 2231 287 2255 ut
313 2227 516 2261 irrationabilia
532 2225 674 2257 animalia,
699 2223 857 2251 comedunt.
890 2222 938 2250 llis
955 2237 977 2263 υ

151 2275 271 2303 Gelimer
292 2273 420 2301 incidens
438 2272 534 2300 scribit
556 2271 588 2298 ad
612 2270 712 2302 Faran,
727 2278 805 2305 quem
824 2269 939 2296 dimise-

152 2326 195 2348 rat
223 2320 373 2347 Belisarius
395 2318 429 2346 ad
453 2317 665 2345 custodiendum
684 2324 759 2348 eum,
776 2320 806 2342 ut
822 2315 941 2342 mitteret

151 2368 205 2395 sibi
223 2367 356 2394 citharam
371 2370 398 2392 et
418 2372 514 2400 panem
542 2372 625 2390 unum
641 2367 670 2390 et
684 2362 840 2397 spongiam.
856 2360 940 2393 Faras

152 2418 245 2440 autem
272 2411 414 2438 hmsitabat
428 2410 559 2444 quidnam
583 2413 656 2435 esset
684 2407 746 2439 hoc,
777 2407 865 2433 donec
894 2405 939 2440 qui

153 2459 290 2486 detulerat
305 2457 450 2491 epistolam
467 2446 536 2482 dixit
555 2453 618 2488 quia
643 2460 737 2486 pauent
755 2452 864 2486 quidem
891 2451 938 2478 de-

153 2505 257 2532 siderat
270 2503 362 2531 videre
382 2502 509 2533 Gctimer,
527 2507 579 2527 non
594 2498 690 2526 videns
714 2505 810 2532 panem
825 2505 857 2524 ex
883 2504 938 2531 quo

154 2552 313 2581 ascenditin
326 2557 455 2582 montem,
464 2548 604 2584 spongiam
613 2550 701 2574 autem
713 2550 823 2580 propter
843 2544 939 2572 oculos

154 2607 210 2627 non
224 2599 295 2626 lotos
311 2606 343 2625 ac
373 2605 420 2632 per
436 2599 487 2622 hcc.
502 2596 592 2626 ltcsos,
608 2597 742 2628 quatenus
758 2591 807 2618 hos
819 2591 941 2618 sinceros

984 936 1076 963 gacem
1100 928 1237 956 hominem
1268 928 1342 955 hunc
1368 936 1430 956 esse
1449 928 1617 963 cogitabant,
1648 932 1675 955 et
1706 935 1768 955 cum

985 973 1068 1002 fuerit
1082 983 1128 1002 rex
1151 981 1179 1002 et
1194 975 1261 1009 regii
1290 975 1410 1009 generis,
1441 978 1468 1001 et
1495 974 1624 1001 virtutem
1652 973 1770 1001 validam

984 1020 1172 1055 pecuniasque
1188 1026 1302 1054 magnas
1320 1019 1459 1052 habuerit,
1476 1019 1607 1054 quoniam
1621 1020 1648 1045 in
1678 1018 1768 1053 fugam

986 1074 1083 1094 versus
1094 1071 1136 1094 est
1163 1070 1191 1092 et
1208 1066 1278 1093 mala
1307 1066 1335 1092 in
1354 1065 1446 1100 Papua
1470 1065 1581 1100 pertulit
1598 1070 1626 1092 et
1652 1072 1726 1092 nunc
1742 1070 1772 1091 ut

985 1113 1111 1147 captivus
1126 1113 1227 1140 ductus
1238 1117 1291 1145 est,
1313 1112 1378 1139 nihil
1391 1116 1489 1146 praeter
1503 1112 1590 1138 multo
1604 1111 1661 1138 risu
1677 1110 1771 1146 digna,

986 1166 1047 1193 quae
1060 1159 1200 1186 hominum
1218 1163 1293 1190 sunt,
1318 1158 1480 1184 arbitratum
1498 1164 1560 1184 cum
1574 1164 1634 1185 esse
1646 1157 1773 1191 perhibe-

986 1204 1063 1231 bant.
1082 1203 1231 1232 Belisarius
1252 1208 1343 1230 autem
1364 1203 1437 1229 hunc
1451 1211 1514 1230 cum
1532 1203 1703 1237 principibus
1715 1211 1775 1229 om-

988 1251 1070 1278 nibus
1091 1249 1278 1276 Vandalorum
1293 1256 1346 1276 non
1366 1248 1392 1275 in
1419 1248 1708 1284 dehonoratioueﬂﬂ)
1728 1256 1773 1275 cu-

988 1297 1133 1329 stodiebat,
1144 1301 1174 1323 ut
1192 1296 1223 1322 ad
1241 1295 1435 1330 imperatorem
1451 1295 1636 1323 Justinianum
1665 1295 1770 1331 Byzan»

988 1343 1055 1370 tium
1070 1343 1192 1370 duceret.
1215 1341 1319 1376 Cyrillo
1334 1348 1400 1367 vero
1420 1341 1514 1367 statim
1531 1340 1684 1368 Belisarius
1710 1348 1772 1366 cum

989 1388 1077 1423 capite
1103 1387 1231 1414 Zatzonis
1247 1386 1341 1413 fratris
1355 1386 1500 1415 Gelimcris
1517 1386 1544 1412 iu
1563 1385 1681 1412 Sardum
1697 1386 1775 1412 insu-

990 1435 1043 1460 lam
1059 1434 1155 1464 misso,
1172 1440 1232 1467 qua).
1251 1432 1360 1467 Kyrnus
1384 1431 1547 1464 vocabatur,
1565 1431 1682 1465 primum
1703 1432 1775 1458 hanc

989 1480 1122 1507 Romanis
1138 1479 1257 1513 subegit.
1279 1479 1307 1505 in
1324 1478 1476 1505 Caesaream
1491 1482 1595 1510 autem,
1614 1485 1673 1512 qua:
1687 1482 1728 1504 est
1747 1476 1776 1504 in

992 1526 1166 1558 Mauritania.
1191 1526 1324 1553 Joannem
1359 1525 1443 1552 alium
1473 1525 1634 1556 destinavit,
1653 1531 1714 1559 qua:
1741 1523 1776 1551 50

947 1560 970 1591 C
985 1573 1092 1600 dierum
1107 1572 1205 1599 itinere
1222 1580 1238 1599 a
1259 1571 1423 1605 Carthagine
1447 1571 1556 1598 distans
1573 1578 1657 1606 penes
1673 1569 1776 1598 Gadira

986 1624 1013 1647 ct
1027 1619 1096 1647 solis
1109 1617 1328 1652 occasumjacet.
1340 1617 1487 1651 Aliumque
1505 1616 1640 1644 Joannem
1655 1623 1689 1643 ex
1705 1623 1778 1652 pm:-

986 1666 1093 1694 toribus
1109 1672 1193 1692 unum
1207 1665 1233 1692 in
1249 1664 1348 1691 fretum
1361 1663 1436 1699 quod
1460 1668 1502 1690 est
1518 1664 1544 1690 iu
1561 1662 1683 1694 Gadiris,
1699 1666 1727 1689 et
1748 1663 1777 1690 in

986 1711 1131 1739 castellum
1147 1710 1221 1746 quod
1245 1710 1358 1744 Septum
1378 1712 1489 1740 vocant,
1510 1708 1622 1735 direxit.
1644 1706 1731 1734 Porro
1748 1707 1776 1734 in

987 1757 1091 1784 insulas
1115 1763 1175 1790 quae
1189 1755 1266 1789 juxta
1282 1753 1422 1781 Oceanum
1446 1757 1521 1785 sunt,
1545 1753 1703 1787 Majoricam
1720 1754 1775 1780 sci-

987 1802 1051 1828 licet
1066 1805 1094 1828 et
1110 1800 1283 1832 Minoricam,
1295 1799 1497 1833 Apollinarium
1514 1798 1672 1831 destinavit,
1686 1798 1775 1825 virum

987 1847 1101 1873 bonum.
1123 1845 1198 1872 Misit
1211 1849 1300 1872 autem
1318 1850 1346 1872 et
1361 1845 1388 1871 in
1402 1844 1525 1872 Siciliam
1546 1844 1680 1880 quosdam
1697 1843 1778 1870 Afro-

988 1900 1060 1924 rum,
1070 1895 1096 1919 et
1109 1897 1231 1919 castrum
1240 1890 1426 1918 Vandalorum
1437 1891 1670 1927 comprehendere
1680 1891 1776 1926 jussit.

988 1938 1069 1965 Gothi
1087 1945 1150 1964 vero
1165 1937 1211 1971 qui
1231 1936 1283 1964 hoc
1300 1937 1505 1969 custodiebant,
1522 1938 1603 1964 matri
1624 1937 1777 1965 Athalarici

989 1984 1123 2011 luccnota
1152 1983 1287 2010 fecerunt.
1314 1980 1379 2015 Quae
1402 1982 1545 2010 scribitad
1559 1982 1720 2010 Bclisarium
1745 1991 1779 2010 ne

989 2030 1059 2058 idem
1069 2035 1188 2058 castrum
1199 2029 1343 2065 tyrannide
1352 2033 1471 2063 caperet,
1480 2036 1623 2063 quousque
1631 2029 1780 2064 imperator

990 2077 1164 2105 Justinianus
1193 2075 1289 2108 sciret,
1307 2079 1336 2102 ct
1357 2074 1429 2109 quod
1446 2074 1498 2102 sibi
1514 2079 1588 2102 esset
1609 2075 1698 2102 visum
1721 2075 1779 2101 eili-

991 2127 1074 2150 ccret.
1093 2123 1122 2150 In
1136 2123 1178 2150 his
1191 2130 1256 2157 ergo
1265 2121 1445 2148 Vandalicum
1456 2121 1556 2148 bellum
1567 2121 1649 2148 tinem
1659 2121 1778 2156 accepit.

991 2171 1090 2198 Verum
1103 2170 1216 2200 invidia.
1232 2174 1325 2204 utpote
1339 2170 1367 2196 in
1378 2176 1473 2204 magna
1490 2168 1622 2196 felicitate
1633 2169 1778 2201 licrisOlct.

992 2219 1106 2261 cqntigit
1123 2219 1205 2246 etiam
1220 2219 1246 2245 in
1256 2218 1418 2246 Belisarium
1433 2217 1563 2253 :quidam
1575 2219 1647 2246 enim
1661 2220 1777 2254 deroga—

992 2269 1090 2293 verunt
1105 2265 1130 2292 ei
1160 2273 1244 2300 penes
1270 2265 1479 2298 imperatorem,
1505 2264 1578 2298 quod
1606 2265 1779 2299 tyrannidem

992 2312 1180 2340 meditaretur.
1195 2311 1244 2338 Ast
1259 2310 1411 2344 imperator
1428 2310 1515 2336 misso
1533 2309 1679 2336 Salomone
1694 2315 1782 2337 teutat

992 2358 1117 2385 Belisarii
1132 2357 1315 2386 voluntatem,
1330 2359 1421 2382 utrttm
1438 2363 1500 2382 curn
1513 2355 1651 2381 Gelimere
1665 2360 1691 2381 et
1707 2354 1781 2383 Van~

991 2405 1061 2431 dalis
1088 2403 1193 2430 veniret
1226 2401 1401 2437 Byzantium.
1430 2409 1465 2428 an
1496 2409 1610 2428 mancus
1645 2402 1709 2429 illuc
1732 2409 1782 2429 eos

991 2448 1366 2477 transmitteret.Belisarius
1392 2452 1482 2474 autem
1495 2447 1657 2482 Byzantium
1686 2448 1777 2483 profe-

992 2500 1052 2522 ctus
1065 2500 1117 2526 est,
1139 2494 1284 2522 Salomone
1298 2499 1414 2529 praetore
1432 2493 1521 2528 Libyae
1542 2493 1682 2521 derelicto.
1697 2493 1781 2521 Cum-

993 2548 1046 2575 que
1063 2540 1210 2568 Belisarins
1240 2539 1403 2575 Byzantium
1422 2547 1476 2566 una
1509 2548 1570 2566 cttm
1601 2539 1737 2568 Gclimere
1754 2543 1782 2566 et

995 2586 1126 2614 Vandalis
1157 2586 1336 2621 pervenisset,
1372 2593 1467 2619 magna
1502 2585 1611 2620 pummia
1639 2585 1781 2619 percipere

913 2669 1029 2698 NOTAE.

192 2740 250 2776 (ᾖε)
269 2739 448 2776 ραεῑεηηᾳιρε.
465 2735 543 2776 gata
559 2731 667 2776 ap."A.
689 2731 860 2776 Cluilium-1.5,
881 2729 941 2776 9293

158 2788 168 2805 ι
267 2764 350 2801 multa
363 2764 456 2806 egeo.»
469 2764 583 2810 Plautus
603 2767 756 2810 iilenwdtm.
769 2770 821 2793 act.
837 2773 856 2797 ι,
866 2764 942 2810 κεί-τὲ

159 2799 402 2845 ;ιῖἷέέ-‹ιῖιὶῖιί‹ιιμςιῆι
419 2814 492 2845 eges.
507 2815 516 2830 ι
537 2804 694 2845 Priscianus
712 2803 732 2828 l.
747 2809 836 2845 xviii":
861 2810 870 2825 ι
892 2799 944 2826 Νυ-

157 2836 234 2878 stri:
255 2836 423 2880 cgco'illius
437 2836 482 2868 ’ἱἚὶ
506 2845 534 2867 et
561 2839 636 2865 illam
669 2846 726 2866 rem
746 2841 775 2864 et
806 2836 852 2862 illa
873 2842 913 2862 rc.
934 2844 942 2860 ι

158 2882 241 2911 ΒΑΜ.

346 2925 477 2955 Parum”
494 2923 551 2954 Gtt.
576 2921 680 2952 CVIII.

1033 2727 1088 2758 (‘29)
1108 2725 1330 2753 Dehonvraliotla.
1361 2723 1530 2751 Flodoardus
1559 2722 1629 2758 11in.
1653 2729 1690 2750 tt.
1720 2721 1779 2758 20:

1001 2772 1009 2788 ι
1029 2762 1166 2796 Quidquid
1197 2761 1223 2787 in
1253 2760 1340 2795 ipsius
1365 2759 1538 2796 imperatoris
1564 2757 1782 2796 dehortoratiquo

999 2791 1213 2832 gestum'fuerat
1230 2791 1514 2832 ._»'\_Ictus_iu'terprc_s
1530 2792 1654 2832 cpistuhe
1669 2791 1782 2832 ad_l*|.i—

1000 2826 1145 2868 iippenses.
1165 2839 1224 2866 quae
1241 2829 1269 2857 S.
1285 2830 1390 2868 lguatio
1407 2826 1573 2865 asumm-
1595 2837 1603 2853 ‹
1622 2826 1682 2854 Dies
1699 2826 1784 2857 festos

1002 2865 1086 2896 nolite
1103 2867 1283 2895 dehortorare.
1296 2875 1304 2891 ι
1321 2865 1359 2893 lu.

1562 2910 1599 2939 50
