2035 3153
262 132 330 164 1259

811 129 1011 160 ANASTASII
1036 128 1353 159 BIBLIOTIIECARH

1837 127 1908 158 1260

260 189 371 220 meruit,
388 186 518 222 qualibus
535 184 664 212 nimirum
680 183 852 219 temporibus
870 183 970 219 priscis
994 183 1048 210 llo-
1063 190 1086 214 Α
1111 187 1267 218 mergentes
1291 189 1455 217 semetipsos
1482 182 1664 210 interfitiunt.
1701 183 1811 210 Mortua
1839 191 1907 210 vero

261 241 405 262 manorum
435 235 573 267 praetores
592 231 620 258 in
655 230 783 258 maximis
819 229 946 257 victoriis
974 229 1049 264 digni

260 278 459 307 efﬁciebantur.
471 275 618 304 Sescentis
630 274 704 302 enim
712 274 792 301 annis
806 274 955 302 transactis
969 281 1050 301 nemo

261 326 295 352 ad
314 325 395 351 talem
421 322 548 358 pervenit
579 321 712 348 honorem
737 321 791 348 nisi
809 320 899 354 Titus,
913 320 1050 356 Trajanus

261 375 287 397 et
304 369 349 396 alii
374 369 568 402 imperatores,
582 367 630 401 qui
654 366 846 401 magistratum
865 370 963 394 contra
986 366 1051 393 Bar-

261 415 370 442 baricas
385 413 515 440 nationes
529 412 690 440 obtinentes
714 412 878 439 mirabiliter
894 412 1050 447 triumpha-

262 465 346 493 runt;
372 459 535 494 exuviisque
568 457 689 486 oslensis
713 462 741 486 et
759 465 790 485 ex
812 450 895 485 bello,
905 458 1051 492 mancipiis

261 507 288 533 in
305 505 393 533 media
405 504 473 532 urbe
490 503 600 538 pompis
615 503 673 530 hzec
689 503 856 538 publicavit,
866 504 940 538 quod
954 505 1052 531 tritini-

260 556 345 589 phum
364 555 463 580 vocant
477 550 605 578 Romani.
631 549 677 577 Sic
697 549 784 577 veteri
817 550 928 586 quidem
958 550 1051 580 modo.

260 597 309 625 sed
324 596 443 632 pedestri
458 595 590 623 incedens
604 602 638 622 ex
653 595 736 622 domo
753 603 803 622 sua
830 603 916 630 usque
933 597 967 623 ad
986 595 1052 631 llip-

260 643 447 679 podromium.
474 641 560 669 Erant
575 646 668 669 autem
682 642 788 670 exuviae
808 647 945 678 quotquot
963 642 1052 670 admi-

260 690 424 718 nistratorio
450 689 585 725 principis
614 690 706 717 ordini
729 690 935 726 competebant,
958 691 985 718 id
1009 695 1053 719 est

260 736 352 765 throni
369 735 445 763 aurei
457 740 484 763 et
493 735 594 768 rhedae,
607 736 709 770 quibus
725 743 820 771 regum
836 744 937 764 uxores
947 736 1053 764 vehun-

259 787 316 814 tur,
332 785 503 816 ornatusque
514 780 549 808 de
562 780 701 816 lapidibus
720 782 851 817 pretiosis
868 783 1051 818 compositus,

259 827 364 863 argenti
379 835 488 863 quoque
503 828 590 855 multa
605 827 690 855 millia
701 828 915 861 talentorum,ct
931 829 1055 857 diverso-

1106 233 1168 256 sunt
1183 229 1208 255 in
1223 229 1274 256 hoc
1289 229 1360 257 bello
1371 228 1577 256 Maurttsiorum
1587 229 1790 264 quinquaginta
1804 230 1905 260 millia,

1106 274 1294 302 Romanorum
1327 282 1393 303 vero
1413 275 1523 310 penitus
1535 275 1642 302 nullus.
1656 275 1727 308 Quin
1740 284 1790 302 nec
1818 276 1905 303 iclum

1105 321 1251 357 quisquam
1258 329 1353 348 eorum
1365 322 1450 349 ullum
1461 321 1634 355 accepil,scd
1644 330 1740 350 omnes
1750 322 1905 350 incolumes

1105 368 1246 395 victoriam
1263 368 1405 396 consecuti
1421 372 1498 395 sunt.
1521 367 1640 395 Plurimi
1653 376 1718 395 vero
1745 369 1903 404 principum

1106 414 1228 449 ipsorum
1245 414 1379 442 Boiiianis
1393 414 1519 449 adjuncti
1540 419 1618 441 sunt.
1651 414 1795 442 Mulierum
1821 420 1905 450 atque

1107 468 1255 495 puerornnt
1272 464 1377 488 tentant
1392 459 1600 487 multitudinem
1616 459 1733 488 Romani
1759 468 1856 496 cepere
1874 465 1903 487 ut

1107 507 1167 534 ovis
1186 507 1276 542 pretio
1302 514 1414 535 servum
1433 506 1604 534 Manrusium
1633 514 1726 534 emere
1742 508 1903 535 volentibus

1107 553 1308 581 vcnuudarent.
1336 553 1368 579 Et
1391 558 1458 580 tunc
1479 554 1520 581 eis
1546 558 1623 581 vetus
1643 553 1782 587 eloquium
1807 554 1903 588 cujus-

1107 600 1168 627 dam
1186 600 1350 635 divin;e(50)
1363 599 1473 627 feminae
1483 600 1612 635 contigit,
1630 600 1694 635 quia
1707 600 1903 628 maledictione

1107 646 1256 674 multitudo
1274 654 1370 674 eorum
1388 654 1402 672 a
1428 646 1489 673 viro
1506 646 1567 673 sine
1591 646 1677 674 barba
1699 647 1799 681 periit:
1819 645 1901 674 Salo—

1107 701 1171 720 mon
1187 693 1290 728 quippe
1309 701 1323 720 a
1344 700 1430 728 puero
1447 693 1593 721 eunuchus
1611 698 1710 728 praeter
1728 694 1900 721 voluntatem

1107 739 1222 767 effectus
1242 745 1295 771 est,
1314 747 1370 774 pra:
1390 739 1520 774 passiOne
1547 739 1683 774 genitales
1709 743 1803 775 partes
1819 741 1902 767 amit-

1108 789 1178 812 tens.
1191 785 1276 813 Porro
1292 789 1346 812 tota
1358 784 1443 821 Libya
1455 789 1584 820 percepta
1599 783 1793 819 Carthaginem
1805 784 1899 812 rediit.

1109 831 1242 858 Praeterea
1272 839 1336 858 vere
1367 830 1520 865 incipiente
1550 831 1653 858 missus
1680 833 1720 858 est
1746 830 1900 858 Belisarius

260 883 322 902 rum
343 874 527 909 imperialium
544 881 686 907 vasorum,
715 882 777 910 qua:
803 874 971 904 Gezericlius
998 875 1054 903 llo-
1067 867 1092 897 Β
1107 877 1230 905 Siciliam
1250 877 1384 904 ltoatauis
1401 877 1493 904 facere
1512 876 1699 904 tributariam.
1719 875 1770 903 Ubi
1786 883 1820 904 eo
1843 876 1901 904 hie-

260 929 342 948 mano
366 920 522 956 despoliato
534 921 639 956 palatio
652 920 775 949 Africam
799 923 872 956 tnlit,
892 923 965 951 inter
991 931 1054 959 qua:

258 971 285 996 et
304 967 464 995 Judzeorum
492 975 568 1000 vasa,
595 975 657 1003 qtae
677 967 839 1004 Vespasiani
870 970 944 998 illius
973 970 1053 998 Titus

258 1019 320 1050 post
335 1017 443 1048 captam
453 1013 672 1049 Hierosolymam
684 1013 801 1042 Romam
812 1016 958 1044 detulerat.
976 1017 1052 1044 Man-

258 1061 330 1096 cipia
348 1067 415 1088 vero
428 1064 509 1088 erant
534 1067 567 1086 ex
583 1060 726 1095 triumpho
755 1066 812 1088 tam
834 1062 893 1097 ipse
918 1062 1050 1096 Gelimer,

257 1107 453 1135 vestimentum
477 1106 615 1142 quoddam
648 1111 763 1142 portans
799 1116 990 1144 purpureum,
1024 1115 1052 1138 et

257 1154 388 1189 cognatio
403 1153 464 1189 ejus
482 1153 621 1187 universa,
640 1153 827 1182 Vandalorum
844 1163 956 1191 quoque
971 1161 1051 1192 quot-

257 1204 325 1235 quot
340 1199 418 1227 valdc
433 1199 548 1235 prolixaa
564 1203 678 1227 statum
691 1207 724 1227 ac
740 1200 803 1228 boni
817 1202 943 1236 corporis
961 1208 1049 1230 erant.

257 1247 383 1282 Cumque
407 1246 530 1274 Celimer
556 1247 582 1273 in
611 1245 841 1281 llippodromium
869 1249 1050 1283 pervenisset,

257 1298 284 1321 et
297 1297 352 1320 tam
365 1293 560 1328 imperatorem
573 1300 656 1328 supra
669 1293 792 1320 tribunal
807 1294 950 1322 sedentem
965 1303 1049 1330 quam

257 1349 288 1368 ex
303 1344 420 1375 utraque
429 1345 506 1375 parte
515 1339 615 1374 vulgus
627 1343 722 1367 astans
743 1340 872 1374 vidisset,
891 1349 947 1368 non
972 1342 1050 1377 quie—

256 1387 350 1415 scebat
365 1386 491 1414 clamans
506 1394 514 1413 :
532 1385 643 1413 Vam’tn
655 1386 854 1420 eanilatum,et
870 1388 961 1414 omnia
975 1389 1050 1415 vani-

255 1439 309 1460 tas.
343 1433 548 1468 Pertingenteni
578 1436 670 1460 autem
695 1440 759 1461 eum
773 1433 853 1468 juxta
873 1434 1050 1470 imperatoris

255 1480 377 1507 tribunal
410 1487 532 1515 purpura
556 1479 617 1514 ejus
642 1480 734 1506 ablata
752 1487 871 1515 pronum
897 1481 997 1509 cadere
1022 1485 1050 1509 et

256 1527 374 1554 adorare
387 1530 540 1561 coegerunt
566 1526 772 1561 imperatorem.
791 1528 824 1554 At
840 1534 906 1555 vero
929 1528 1048 1563 impera-

257 1579 302 1600 tor
322 1572 456 1600 Gelimeri
473 1572 574 1607 praedia
593 1572 620 1598 in
648 1572 755 1599 Galatia
778 1573 862 1600 multa
891 1573 1007 1601 contulit
1021 1577 1049 1602 et

256 1626 376 1652 amoena,
395 1622 497 1646 etcum
520 1618 650 1645 omnibus
667 1618 794 1652 cognatis
813 1619 872 1646 suis
890 1618 918 1646 in
932 1619 976 1648 his
1000 1619 1049 1647 ha-

255 1666 345 1694 bitare
361 1664 496 1700 permisit.
514 1663 615 1692 Verum
638 1664 712 1692 hunc
734 1664 761 1692 iu
782 1665 893 1700 patricii
921 1666 1048 1694 ordinem

255 1720 310 1740 non
324 1711 462 1747 provexit,
481 1718 515 1739 eo
529 1712 602 1746 quod
619 1711 654 1738 ab
670 1711 729 1738 Arii
741 1716 817 1740 secta
828 1711 971 1741 discedere
995 1713 1048 1740 mi-

254 1761 329 1786 nime
351 1757 530 1785 consentiret.

291 1803 441 1831 Salomone
473 1808 606 1838 praeterea
636 1811 694 1831 rem
719 1803 857 1838 publicam
886 1804 1048 1834 moderante

254 1851 386 1878 Maurusii
401 1850 524 1886 praelium
541 1850 676 1878 adversus
689 1851 772 1878 Afros
790 1857 946 1879 moverunt.
961 1852 1048 1881 Porro

254 1895 387 1923 Maurusii
407 1903 440 1923 ex
455 1895 585 1930 gentibus
609 1895 781 1924 descendunt
792 1904 861 1931 quas
874 1897 957 1926 Jesus
972 1897 1047 1926 Nave

253 1951 286 1970 ex
302 1942 412 1978 regione
424 1941 584 1969 Pbtenicum
599 1949 614 1969 a
627 1942 729 1970 Sidone
745 1943 777 1970 ad
790 1943 938 1979 Egyplum
960 1953 1047 1980 usque

254 1989 412 2017 habitantes
429 1989 532 2024 abegit.
551 1988 604 2022 Qui
623 1989 814 2024 pervenientes
836 1990 996 2026 Aigyptum,
1020 1996 1047 2019 et

254 2044 310 2064 non
336 2035 439 2070 recepti
458 2035 492 2062 ab
507 2035 560 2068 eis,
582 2035 615 2062 ad
643 2034 756 2071 Libyam
778 2036 914 2070 veniunt;
931 2041 958 2065 et
974 2038 1046 2065 hanc

253 2082 475 2110 inhabitantibus
507 2082 561 2114 eis,
585 2081 740 2109 novissimo
759 2084 1046 2118 temporeimperato-

252 2136 298 2156 res
311 2127 428 2155 Romani
447 2131 550 2154 terram
565 2127 724 2155 obtinentes
739 2127 812 2155 hanc
828 2127 904 2155 Hocn
921 2130 1046 2157 nomina-

252 2179 370 2207 verunt,
394 2176 548 2202 statuentes
578 2173 674 2201 titulos
706 2174 776 2201 duos
801 2183 886 2210 supra
914 2184 1045 2212 magnum

1105 927 1197 951 mante
1226 923 1340 950 Romani
1369 923 1462 959 Libya:
1479 928 1576 950 contra
1603 922 1779 950 Salomonem
1803 923 1901 950 simul~

1106 975 1176 997 tates
1196 969 1331 1002 fecerunt,
1357 969 1410 997 hoc
1441 969 1533 997 tnodo.
1564 969 1693 1004 Acceptis
1725 969 1797 995 enim
1815 968 1903 996 inter-

1103 1020 1257 1051 emptorum
1281 1016 1416 1044 uxoribus
1440 1015 1627 1043 Vandalorum
1656 1015 1796 1042 babebant
1817 1022 1902 1050 agros

1103 1070 1198 1091 carum
1216 1066 1245 1090 ut
1264 1070 1341 1095 suos,
1359 1067 1387 1090 et
1401 1062 1509 1090 solvere
1526 1061 1688 1096 imperatori
1708 1068 1759 1096 pro
1776 1061 1819 1088 eis
1849 1062 1901 1088 tri-

1103 1109 1169 1136 buta
1185 1108 1328 1136 nolebant.
1344 1108 1380 1135 At
1397 1115 1462 1135 vero
1479 1107 1614 1135 Salomon
1635 1106 1833 1134 commonebat
1850 1113 1900 1133 eos

1103 1162 1138 1182 ne
1153 1154 1377 1182 eontradicerent
1394 1153 1567 1189 imperatori,
1587 1153 1634 1180 sed
1660 1153 1725 1180 huic
1744 1160 1806 1187 quae
1829 1152 1900 1180 dc'i-

1103 1201 1198 1228 berata
1216 1201 1335 1229 fuissent
1347 1200 1461 1236 penitus
1478 1200 1636 1228 redderent.
1653 1199 1817 1226 Ceciderunt
1849 1207 1901 1226 au-

1103 1251 1156 1274 tem
1188 1247 1300 1282 quidam
1329 1255 1450 1280 eorum,
1475 1246 1651 1281 maximeque
1677 1245 1844 1277 Gothorum,
1871 1246 1900 1273 iu

1102 1293 1159 1320 Arii
1171 1297 1276 1321 sectam
1287 1301 1373 1328 ;quos
1385 1292 1544 1320 sacerdotes
1556 1291 1688 1319 Ecclesia:
1704 1291 1899 1326 segregabam,

1101 1346 1190 1369 etnec
1207 1342 1309 1369 liberos
1325 1348 1421 1368 eorum
1447 1339 1590 1375 baptizare
1618 1337 1759 1366 volebant.
1773 1336 1853 1365 Unde
1872 1341 1899 1364 ct

1103 1389 1130 1416 in
1151 1388 1195 1415 die
1206 1387 1278 1415 festo
1307 1387 1437 1415 simultas
1451 1385 1547 1414 elTecta
1577 1389 1630 1413 est.
1651 1384 1800 1412 Consiliati
1831 1392 1900 1411 vero

1101 1438 1167 1463 sunt
1182 1434 1285 1462 milites
1305 1433 1484 1461 Salomonem
1501 1433 1529 1460 in
1545 1433 1648 1468 templo
1663 1432 1800 1467 perimere
1816 1439 1824 1464 ;
1849 1432 1898 1466 qui

1101 1481 1154 1508 hoc
1169 1480 1265 1508 audito
1280 1479 1398 1508 suadere
1409 1479 1450 1507 eis
1464 1478 1595 1507 recedere
1609 1486 1623 1505 a
1643 1478 1780 1506 seditione
1804 1482 1898 1505 tanta-

1101 1527 1159 1559 bat,
1178 1526 1251 1562 quod
1265 1534 1320 1554 non
1339 1530 1402 1561 post
1416 1533 1504 1561 pauca
1525 1526 1656 1553 obtinuit.
1673 1525 1822 1553 Belisarius
1846 1533 1898 1552 au-

1102 1578 1156 1601 tem
1169 1573 1293 1600 Siciliam
1309 1577 1337 1600 et
1351 1572 1466 1600 Romam
1486 1572 1520 1599 ab
1538 1571 1608 1607 Ugio
1636 1571 1777 1599 detentam
1795 1576 1822 1599 et
1840 1572 1898 1598 cir~

1100 1627 1277 1655 cumquaque
1289 1619 1418 1647 civitates
1434 1619 1589 1654 accipiens,
1607 1617 1706 1653 Ugium
1732 1618 1897 1653 Byzantium

1099 1666 1178 1695 duxit
1192 1666 1227 1694 ad
1243 1665 1432 1693 Iustinianum
1450 1673 1513 1693 cum
1532 1673 1618 1692 uxore
1645 1665 1733 1700 ipsius
1748 1665 1894 1692 etlibcris.
1939 1694 1948 1700 η

1098 1713 1221 1742 Etmisit
1246 1713 1400 1748 imperator
1420 1712 1535 1740 Narsem
1561 1712 1764 1740 cubicularium
1779 1710 1898 1739 Romam

1099 1767 1160 1787 cum
1177 1759 1269 1787 classe
1286 1758 1398 1786 tenendi
1425 1765 1457 1786 ea
1475 1765 1536 1793 quae
1563 1758 1618 1785 illic
1639 1757 1826 1784 habebantur.
1845 1756 1898 1784 Sa-

1098 1807 1191 1834 lomon
1221 1810 1312 1834 autem
1344 1806 1432 1833 muris
1461 1805 1554 1840 Libyae
1574 1804 1703 1832 civitates
1717 1804 1847 1831 munivit.
1864 1803 1897 1831 Et

1099 1854 1232 1888 quoniam
1261 1851 1395 1879 Maurusii
1414 1852 1606 1879 discesserunt
1624 1858 1638 1878 a
1655 1849 1785 1878 Numidia
1814 1851 1894 1883 victi,

1099 1899 1192 1926 Zaben
1214 1897 1356 1934 regionem
1391 1901 1475 1932 atque
1502 1896 1697 1923 Mauritaniam
1714 1901 1741 1924 ct
1771 1896 1895 1931 Sitiphin

1097 1945 1271 1980 metropolim
1287 1943 1341 1972 sub
1359 1943 1464 1971 tributo
1485 1941 1618 1970 Romanis
1635 1942 1727 1969 effecit
1747 1951 1754 1969 :
1774 1943 1895 1971 alterius

1097 1992 1171 2020 enim
1192 1990 1363 2018 Mauritania:
1385 1989 1512 2017 Ca‘sarea
1533 1989 1622 2024 prima
1643 1990 1806 2024 metropolis
1840 1995 1897 2017 est.

1097 2038 1203 2066 [nterea
1220 2037 1327 2064 Iberum
1347 2044 1406 2068 rex,
1445 2035 1646 2063 Zamassardus
1665 2034 1789 2067 nomine.
1817 2034 1899 2063 Cen-

1097 2085 1305 2118 stantinopolim
1315 2083 1441 2110 ascendit
1452 2083 1485 2109 ad
1500 2081 1897 2117 imperatoremJustiniauum

1097 2139 1159 2159 cum
1177 2130 1292 2157 muliere
1307 2128 1363 2165 (Si)
1381 2136 1413 2156 ac
1436 2128 1616 2156 senatoribus
1631 2128 1702 2160 suis,
1714 2135 1815 2163 rogans
1828 2136 1895 2156 eum

1098 2181 1128 2204 ιιι
1143 2180 1218 2205 esset
1255 2176 1444 2203 Romanorum
1476 2179 1653 2202 concertator
1685 2179 1712 2201 et
1742 2182 1895 2209 gerlnanus

253 2221 357 2248 fontem
369 2227 401 2248 ex
417 2219 556 2256 lapidibus
583 2219 712 2248 candidis
743 2223 884 2255 concavis,
911 2223 1046 2251 habentes
1060 2225 1086 2255 D
1099 2224 1217 2251 amicus.
1234 2223 1283 2250 Ast
1302 2222 1452 2256 imperator
1481 2220 1640 2256 bujusmodi
1671 2222 1811 2256 proposito
1830 2222 1894 2256 ejus

253 2268 361 2294 litteras
374 2265 548 2297 Phoeniceas,
567 2265 690 2294 dicentes
707 2266 765 2293 hmc
784 2267 862 2295 :A'os
880 2276 972 2296 sumus
996 2271 1042 2304 qui

251 2315 368 2349 [agimur
385 2321 401 2339 a
414 2313 482 2347 facie
494 2311 560 2339 .Iesu
575 2311 701 2346 latronis,
720 2313 774 2348 filii
787 2313 872 2341 Nave.
890 2314 975 2342 Erant
994 2323 1043 2344 au-

251 2364 304 2386 tem
333 2363 361 2385 et
391 2358 450 2385 aliae
470 2363 565 2393 gentes
592 2357 620 2384 in
640 2357 731 2386 Africa
747 2359 866 2393 primum
893 2360 1040 2396 indigenze,

251 2407 384 2434 habentes
405 2414 496 2442 regem
514 2407 687 2442 Asclepium,
709 2407 756 2442 qni
785 2406 915 2435 Heraclio
940 2416 1040 2437 conre-

251 2453 354 2487 gnavit,
371 2460 452 2487 quem
476 2456 557 2480 terra:
574 2453 659 2480 filium
671 2460 733 2480 esse
748 2460 977 2482 asseveraveruut
993 2457 1040 2491 qui

249 2498 444 2533 Carthaginem
467 2497 662 2525 condiderunt.
682 2496 811 2526 Salomon
833 2505 925 2526 autem
938 2508 953 2527 a
972 2500 1041 2528 Car-

251 2539 361 2579 tha'gine
373 2544 492 2578 sumptis
507 2543 678 2571 everciIibus
696 2548 795 2571 contra
809 2543 966 2574 Maurusios
975 2555 1039 2581 pro-

249 2590 424 2625 peravit,qtli
443 2590 469 2616 in
487 2588 578 2624 fugam
595 2590 667 2617 versi
685 2594 712 2618 et
730 2598 760 2618 sc
775 2591 803 2618 in
824 2592 976 2627 praecipitia
989 2593 1039 2622 de-

1097 2274 1212 2304 acceplo
1223 2269 1316 2296 multis
1333 2276 1393 2296 eum
1407 2273 1434 2296 et
1449 2272 1591 2296 senatores
1607 2267 1668 2303 ejus
1691 2269 1893 2297 munificentiis

1098 2315 1254 2344 honoravit.
1285 2314 1416 2342 Similiter
1430 2318 1458 2341 et
1483 2314 1606 2349 Angusta
1629 2321 1698 2340 uxor
1707 2313 1768 2348 ejus
1785 2315 1892 2342 variata

1097 2363 1215 2400 gemmis
1240 2366 1402 2390 ornamenta
1414 2361 1486 2388 dona
1494 2361 1543 2394 vit,
1560 2365 1587 2388 et
1599 2361 1730 2389 dimisere
1749 2369 1798 2389 eos
1812 2363 1895 2396 paci—

1096 2411 1147 2438 ﬁre
1163 2410 1196 2438 ad
1216 2409 1357 2445 proprium
1384 2416 1511 2443 regnum.

1133 2456 1237 2484 Octavo
1251 2462 1325 2483 anno
1349 2455 1456 2489 imperii
1475 2454 1627 2481 Justininni
1648 2462 1730 2490 passa
1747 2459 1789 2482 est
1815 2462 1831 2482 a
1844 2455 1891 2483 di-

1097 2504 1159 2531 vina
1174 2501 1363 2536 indignatione
1374 2499 1578 2535 Pompeiopolis
1589 2499 1681 2536 Mysia:
1695 2507 1702 2525 :
1715 2501 1802 2528 scissa
1814 2502 1892 2528 enim

1096 2553 1139 2576 est
1155 2553 1227 2575 terra
1254 2551 1336 2574 terrae
1352 2551 1440 2579 motu,
1457 2550 1484 2573 et
1499 2547 1632 2574 obrutum
1647 2550 1691 2574 est
1707 2546 1831 2574 medium
1851 2548 1892 2574 ci-

1096 2594 1190 2623 vitatis
1207 2601 1272 2621 cum
1288 2592 1503 2625 habitatoribus,
1521 2597 1549 2619 et
1564 2595 1646 2620 erant
1661 2591 1760 2620 subtus
1775 2597 1891 2635 terram.

1019 2666 1135 2696 Νοτιῑ.

283 2732 339 2768 (50)
351 2731 462 2768 Divina.
478 2732 603 2760 Glossze:
623 2742 632 2758 ι
649 2733 776 2761 Divinum
790 2735 915 2768 μάντιν.»
934 2736 1034 2766 Petro-

283 2744 339 2768 tov)
351 2744 462 2760 uwmw.
478 2744 603 2760 utussze:
623 2744 632 2758 ι
650 2744 776 2761 UIVlnum
812 2744 915 2764 αντιν.»
934 2744 1032 2766 t'etro-

247 2768 327 2809 nius:
345 2767 496 2809 «.Divinam
521 2776 571 2803 ego
595 2770 762 2809 putabam.)
784 2744 890 2799 Kuetor
919 2772 1032 2805 Queroli

247 2804 274 2830 in
293 2802 371 2830 Prasf.
388 2812 396 2843 ς
417 2811 426 2828 ί
445 2802 866 2843 Magum_mathematicumque
893 2802 954 2836 sese
979 2809 1031 2836 fiu-

247 2842 396 2879 gens,i_.et
429 2846 510 2879 mox:
531 2839 678 2879 iQuerolL
699 2846 809 2871 secreta
823 2839 864 2872 "et
883 2843 1030 2872 familiaria

246 2874 326 2909 quasi
337 2873 447 2903 divinus
463 2874 595 2910 loquitur.
628 2884 638 2902 ι
657 2874 740 2904 Ρηιι.
942 2887 947 2893 ·

1126 2738 1183 2774 (5i)
1200 2737 1326 2774 Muliere.
1347 2735 1513 2774 Mulierpro
1537 2740 1683 2774 υκαι-ειμι
1698 2735 1726 2763 in
1746 2735 1885 2774 Capitplis

1090 2770 1184 2801 Caroli
1201 2773 1290 2803 Calvi,
1310 2771 1383 2807 quod
1419 2770 1609 2807 ibifobservnt
1630 2771 1807 2807 Sirmondns.
1829 2770 1890 2807 lino

1087 2814 1112 2837 et
1133 2809 1256 2837 Setevola
1273 2806 1324 2844 let.
1340 2808 1375 2834 ita
1393 2806 1517 2842 loquitur
1533 2808 1560 2834 in
1580 2807 1694 2844 Laeni,
1710 2806 1748 2844 De
1759 2806 1886 2842 tegat,3:

1089 2854 1098 2869 ‹
1113 2845 1146 2872 Et
1159 2845 1258 2879 vulgus
1274 2843 1455 2879 Hispanicum
1480 2850 1572 2877 mugcr
1587 2841 1664 2873 dicit,
1687 2841 1811 2879 Italicum
1828 2849 1886 2867 mo-

1085 2880 1147 2912 qlie,
1169 2875 1342 2908 Provinciale
1356 2878 1477 2912 nwuille,
1498 2875 1547 2912 pro
1560 2885 1655 2905 uxore.
1668 2887 1676 2902 ι
1697 2875 1736 2905 In.
