2035 3153
668 110 682 119 κ

183 160 247 194 1261

589 157 770 188 HISTORIA
793 155 1079 186 ECCI.ESIASTIC.-\
1098 154 1147 184 EX
1167 155 1412 186 THEOPHA‘NE.

1739 158 1807 192 1262

178 225 207 247 et
234 223 315 244 voces
333 222 426 242 eorum
459 213 640 240 audiebantur
659 212 837 240 clamantium
860 215 889 238 ut
918 210 969 238 sibi
985 213 1006 240 Α
1024 218 1088 237 vero
1110 210 1243 238 Gaianum
1274 211 1444 238 Alexandriae
1466 213 1599 246 prolttotil
1635 214 1807 250 Cpi5(0pum.

179 263 369 294 misericordia
388 265 575 296 prsestaretur,
591 265 618 288 et
646 260 731 287 multa
750 259 863 286 donavit
879 258 965 292 impe-

180 317 254 340 rator
284 309 319 338 ad
345 308 502 336 educandus
532 312 559 334 et
581 306 761 341 adjuvandus,
791 306 967 339 viventesqu

181 357 329 385 liberaliter
344 355 425 390 juvit.
450 353 552 381 Eodem
576 360 640 380 vero
658 359 730 380 anno
753 351 867 378 tradidit
880 349 966 377 Justi-

181 404 280 430 nianus
307 402 339 429 ad
357 400 526 436 psallendum
551 400 577 426 itt
599 399 715 426 ecclesia
740 398 804 424 illud
834 396 906 432 quod
923 403 968 424 ca-

181 450 257 476 nitur
276 447 430 483 Unigeuiltu
449 446 536 473 Filius
550 452 574 472 et
594 445 704 472 Yerbum
718 444 776 470 Dei.

216 493 306 520 Mundi
322 500 411 522 .anno
439 491 520 523 609.9,
546 491 646 518 divina:
666 487 864 515 incarnationis
896 494 967 513 anno

180 539 241 572 5‘39,
256 539 389 574 Agapitns
400 535 530 564 Romana:
546 536 618 572 gerit
635 534 764 562 Ecclesiae
779 533 966 568 prtesulatum,

178 584 351 612 Justinianns
366 583 503 611 decimum
520 582 628 617 imperii
646 581 702 616 agit
728 587 842 611 annum,
858 578 967 614 quando

180 636 207 659 et
225 631 380 666 Epiphanio
395 630 526 665 episcopo
541 627 821 662 Constantinopoleos
837 625 967 653 defuncto

179 677 330 704 Anthimus
357 676 505 711 cpiscopus
533 672 798 709 Trapezunteusium
817 670 967 698 translatus

177 729 221 750 est
248 721 528 756 Constantinopolim.
557 719 690 755 Agapitus
717 723 807 745 antem
827 717 967 744 Romanus

179 770 327 804 episcopus
351 768 404 795 hoc
432 775 504 794 anno
523 765 677 794 ascendens
701 763 967 798 Constantinopolim

179 815 313 851 synodum
329 814 476 842 celebravit
493 817 590 840 contra
607 812 720 846 impium
735 810 865 838 Severum
880 814 906 837 et
919 809 967 836 Ju-

179 861 282 887 lianum
309 860 561 887 Aliearnassenscm
576 862 603 884 et
622 862 737 884 cancros
747 855 966 890 theopaschitas;

1024 257 1055 282 Et
1072 256 1193 284 Caianus
1209 257 1318 292 quidem
1339 257 1426 284 tenuit
1442 258 1629 293 episcopatum
1652 268 1724 287 anno
1742 268 1807 294 uno,

1023 301 1195 330 Theodosius
1224 310 1289 329 vero
1318 303 1434 331 duobus.
1456 303 1510 331 llos
1526 309 1617 331 autent
1635 304 1808 335 Justinianus

1023 348 1171 382 imperator
1198 348 1308 375 mittens
1333 348 1410 375 duxit
1427 348 1595 384 Byzantium,
1614 355 1640 377 et
1662 355 1809 387 utrumque

1024 401 1179 430 separatum
1199 395 1339 423 custodire
1361 395 1500 430 praecepit.
1531 395 1563 422 Et
1584 396 1697 423 Paulum
1712 405 1809 432 quem-

1024 442 1096 472 dam,
1114 441 1160 476 qui
1180 441 1327 476 putabatur
1341 442 1523 473 orthodoxns,
1544 442 1716 470 Alexandria:
1743 451 1807 478 pro-

1024 488 1096 515 rexit
1122 489 1291 523 episcopum.
1323 487 1373 514 llic
1399 489 1558 515 memoriam
1586 488 1680 516 Severi
1700 490 1809 517 scelesti

1024 534 1126 561 faciens
1140 534 1174 561 ab
1189 534 1350 568 episcopatu
1372 534 1411 560 ira
1427 534 1604 568 imperatoris
1626 535 1733 569 ejecttts
1754 540 1807 568 est,

1023 585 1049 608 et
1065 581 1178 608 veniens
1195 579 1395 616 Hierosolymis
1412 581 1581 608 morabatur.

1058 627 1137 654 Anno
1153 627 1260 654 decimo
1276 627 1372 662 quinto
1401 626 1507 660 imperii
1533 625 1679 654 Justiniani
1691 648 1698 660 ,
1716 635 1811 656 menso

1023 673 1163 705 Octobrio,
1192 672 1265 701 facta
1282 678 1324 701 est
1339 672 1461 708 Byzantii
1479 673 1651 707 mortalitas;
1667 677 1694 700 et
1710 675 1807 702 eodem

1023 728 1094 747 anno
1114 720 1262 755 hypapanti
1283 719 1390 748 Domini
1415 720 1531 755 sumpsit
1546 720 1666 754 initium,
1685 725 1714 746 ut
1735 722 1807 748 cele-

1023 765 1150 792 braretur
1166 765 1238 800 apud
1255 764 1418 800 Byzantium
1442 764 1487 791 die
1518 764 1639 793 secunda
1665 764 1809 793 Februarii

1024 811 1135 838 mensis.

1057 859 1136 883 Antto
1146 856 1253 883 decimo
1265 860 1343 883 sexto
1358 855 1463 891 imperii
1474 854 1622 884 Iustiniani
1634 856 1749 891 coutigit
1760 856 1807 884 de-

180 906 253 934 inter
266 913 335 941 quos
349 910 377 933 et
399 905 554 937 Authimus,
574 908 606 930 ut
630 906 834 930 consentaneus
857 909 964 933 eorum,
983 892 1006 921 Β
1020 903 1249 931 bcllareinvicem
1266 911 1357 938 regem
1376 902 1596 930 Azumitensium
1615 902 1746 930 Indorum
1763 902 1809 930 Ju—

179 952 320 987 tlepositus
335 959 350 979 a
374 951 474 978 throno
504 952 644 986 projectns
667 953 712 977 est
734 952 762 976 et
784 948 879 981 exivit,
905 955 967 974 cum

180 999 369 1033 episcopatum
408 998 576 1025 obtinuisset
603 996 686 1032 regia:
715 995 793 1022 urbis
826 993 968 1022 mensibus

180 1044 274 1072 decem
287 1054 295 1078 ;
309 1049 335 1072 et
357 1049 534 1071 consecratus
551 1047 592 1071 est
609 1051 659 1078 pro
675 1050 708 1070 eo
737 1041 830 1068 Menas
854 1040 968 1076 presby-

180 1095 222 1118 ter
246 1095 275 1118 et
296 1090 476 1118 xenodochus
493 1090 629 1125 Sampson
646 1089 680 1116 ab
696 1088 812 1124 Agapito
826 1095 895 1123 papa
913 1087 969 1114 lto-

181 1145 271 1164 mano.
287 1135 374 1164 Porro
390 1137 522 1172 Agapitum
539 1135 669 1163 dormivit
694 1134 828 1170 Byzantii,
856 1138 882 1160 et
904 1140 970 1161 con-

181 1184 307 1207 secratus
321 1185 362 1207 est
379 1188 427 1215 pro
444 1187 476 1207 eo
492 1179 634 1207 Silverius.

215 1224 296 1252 Anno
327 1225 433 1260 imperii
462 1224 611 1253 Justiniani
639 1224 785 1252 undecimo
819 1223 890 1250 facta
907 1227 971 1250 sunt

183 1270 271 1305 prima
287 1271 411 1298 encaenia
435 1271 541 1306 Magnae
568 1271 691 1298 ecclesia:
720 1269 969 1304 Constantinopoli,

185 1315 261 1343 Mena
279 1316 435 1351 patriarcha
455 1317 480 1344 in
499 1317 573 1351 regio
599 1317 710 1344 sedente
726 1315 863 1348 vehiculo,
880 1321 906 1343 et
922 1315 971 1342 im-

183 1367 311 1396 peratore
338 1363 459 1388 litaniam
481 1370 543 1389 cum
567 1362 667 1397 populo
694 1361 820 1389 faciente.

217 1407 297 1433 Anno
313 1406 477 1434 duodecimo
494 1407 602 1442 imperii
623 1407 783 1438 Jnstiniani,
800 1415 862 1434 etim
878 1406 972 1434 Roma:

182 1451 300 1487 Vigilius
314 1457 387 1480 esset
402 1455 561 1489 episcopus,
580 1455 645 1481 ntoti
663 1459 727 1481 sunt
742 1454 888 1489 llulgarum
915 1453 971 1482 duo

184 1504 273 1532 reges,
287 1497 388 1533 Vulger
401 1498 508 1525 scilicet
527 1502 554 1524 ct
575 1497 694 1533 Droggo,
714 1506 775 1524 cum
795 1497 971 1524 multitudine

184 1543 211 1569 in
225 1542 333 1578 Lyciam
347 1547 374 1570 et
392 1541 517 1578 Mysiam,
534 1550 596 1570 cuin
612 1547 685 1571 esset
707 1542 838 1577 magister
853 1542 970 1570 militum

183 1590 276 1625 Mysiae
288 1588 425 1623 Justinus,
439 1594 465 1616 et
479 1589 598 1625 Scythiae
618 1589 782 1621 Baudarius,
800 1589 847 1624 qui
866 1597 971 1617 exeun-

184 1639 225 1662 tes
241 1641 335 1663 contra
365 1636 496 1670 Bnlgares
513 1635 636 1663 inierunt
650 1635 785 1670 praelium.
806 1635 840 1662 Et
864 1636 972 1662 occisus

185 1684 228 1707 est
246 1679 374 1708 Justinus
393 1681 524 1715 magister
540 1680 657 1707 militum
678 1680 707 1706 in
731 1680 814 1712 bello,
834 1683 861 1706 et
882 1679 972 1706 factus

184 1731 227 1753 est
255 1733 304 1761 pro
326 1733 360 1753 eo
384 1726 584 1753 Constantinus
614 1724 755 1752 Florentii.
778 1725 811 1751 Et
839 1728 973 1752 venerunt

185 1771 315 1806 Bulgares
335 1779 419 1807 usque
434 1772 468 1798 ad
483 1778 574 1807 partes
599 1771 724 1803 Thracae,
739 1774 765 1798 et
783 1777 913 1805 egressus
929 1774 972 1798 est

185 1822 281 1846 contra
316 1826 364 1846 eos
396 1818 527 1852 magister
559 1818 677 1845 militum
704 1816 818 1852 lllyrici,
850 1815 971 1842 ﬂoccum

185 1863 313 1896 Hunnus,
331 1872 411 1899 quem
433 1863 554 1899 suscepit
571 1864 719 1898 imperator
738 1870 769 1890 ex
785 1869 866 1890 sacro
882 1861 972 1897 bapti-

185 1914 284 1942 smate,
303 1914 330 1937 et
355 1911 382 1937 in
410 1910 529 1938 ntedium
551 1909 645 1938 missis
665 1908 827 1943 Bulgaribus
844 1908 974 1936 concide-

186 1961 252 1983 runt
278 1956 470 1984 multitudines
487 1956 625 1992 copiosas,
638 1960 666 1982 et
682 1960 846 1990 receperunt
864 1962 973 1982 omnem

186 2002 316 2036 praedam,
332 2007 358 2030 et
382 2003 507 2030 vietrrunt
525 2007 659 2037 potenter,
682 2001 783 2029 occisis
801 2001 910 2028 duohtts
926 2008 974 2028 co-

184 2055 246 2074 rum
264 2048 384 2083 regibus.

222 2093 325 2122 Eodem
339 2102 411 2121 anno
427 2094 501 2128 cepit
521 2093 657 2121 Chosroes
683 2101 729 2120 rex
753 2093 897 2120 Persarum
914 2101 972 2120 ma-

186 2149 269 2177 gnam
285 2140 462 2167 Antiochiam
486 2139 583 2176 Syris.
933 2159 936 2162 λ

220 2188 301 2214 Anno
316 2187 425 2214 decimo
433 2186 626 2221 tertioimpcrii
637 2185 786 2213 Iustiniani
798 2186 919 2214 sociatus
932 2189 975 2214 est

1021 949 1142 976 daeorum
1159 956 1284 976 excausa
1300 948 1501 984 hujuscemodi.
1529 949 1753 977 Alnmitensium.
1764 958 1811 977 rex

1021 998 1093 1023 ultra
1119 995 1266 1031 [Egyptum
1290 999 1333 1022 est
1360 995 1517 1030 judaizans.
1542 996 1730 1023 Romanorum
1761 1004 1811 1024 au-

1022 1047 1074 1070 lem
1093 1042 1282 1077 negotiatores
1299 1049 1348 1076 per
1372 1040 1589 1069 llomeritcnsem
1619 1041 1811 1076 ingrediuntur

1022 1088 1057 1115 ad
1077 1087 1283 1115 Azumitensem
1299 1093 1325 1114 et
1341 1087 1374 1113 ad
1390 1086 1538 1114 interiores
1564 1091 1658 1121 partes
1682 1087 1810 1114 ludorum

1021 1138 1103 1168 atque
1121 1132 1294 1168 Ethiopnm.
1308 1132 1531 1168 Negotiatorihus
1547 1137 1638 1160 autem
1656 1132 1806 1160 secundum

1021 1179 1247 1207 consuetudinem
1262 1179 1395 1214 ingressis
1408 1179 1542 1206 terminos
1554 1177 1810 1210 Homeriti,Damia-

1022 1233 1074 1253 nus
1082 1233 1177 1253 eorutn
1190 1233 1237 1252 rex
1254 1225 1316 1252 illos
1333 1225 1445 1257 occidit,
1459 1229 1486 1252 et
1501 1225 1613 1252 abstulit
1629 1225 1721 1253 omnia
1741 1226 1812 1260 ipso-

1023 1278 1094 1302 rum,
1111 1271 1206 1298 dicens
1226 1270 1355 1305 quoniam
1371 1270 1489 1297 Romani
1502 1270 1681 1298 malefaciunt
1698 1270 1810 1303 Judazis,

1022 1315 1068 1351 qtti
1082 1315 1107 1342 iu
1123 1315 1234 1350 regione
1247 1323 1296 1343 Sua
1312 1318 1388 1349 sunt,
1403 1319 1431 1342 et
1445 1315 1576 1342 occidunt
1590 1323 1648 1343 eos.
1662 1315 1694 1341 Et
1708 1323 1740 1343 ex
1759 1316 1811 1342 hoc

1023 1361 1167 1389 solverunt
1188 1361 1400 1396 negotiationem
1418 1360 1579 1388 interiorum
1597 1361 1725 1389 ludorum
1740 1362 1812 1388 Λευ-

1023 1408 1091 1434 miti.
1112 1408 1144 1434 Et
1159 1407 1318 1442 indignatus
1332 1407 1551 1434 Azumitensinm
1575 1415 1620 1434 rex
1639 1408 1715 1434 Adad
1732 1407 1810 1435 misit

1024 1453 1171 1484 Ilouteriti.
1186 1453 1250 1488 quia
1277 1453 1369 1479 Iresisti
1400 1460 1512 1487 regnum
1535 1460 1623 1480 meum
1644 1457 1670 1480 et
1696 1453 1811 1480 interio-

1024 1508 1080 1527 rem
1098 1499 1201 1526 lndiam
1215 1520 1222 1532 ,
1241 1499 1391 1534 prohibens
1422 1499 1607 1527 Romanorum
1641 1505 1812 1528 mercatores

1024 1546 1057 1573 ad
1081 1553 1132 1574 nos
1152 1545 1268 1582 ingredi.
1292 1545 1324 1572 Et
1342 1550 1477 1573 venerunt
1506 1545 1535 1572 in
1561 1545 1732 1573 inimicitiam
1754 1554 1813 1573 ma-

1024 1600 1116 1628 gnam,
1143 1595 1170 1619 et
1197 1591 1317 1618 inierunt
1342 1591 1445 1619 bellum
1465 1591 1492 1618 in
1509 1591 1685 1618 alterutrum.
1701 1591 1812 1619 Etcum

1024 1638 1171 1674 pugnaturi
1198 1642 1303 1671 essmu,
1319 1637 1395 1665 Adad
1412 1637 1629 1665 Azumitcnsium
1653 1645 1700 1665 rex
1719 1642 1813 1666 votum

1024 1683 1110 1716 vovit,
1122 1683 1217 1711 dicens
1236 1683 1300 1718 quia
1322 1683 1344 1710 si
1359 1683 1450 1710 vicero
1464 1682 1692 1716 Homeritensem,
1713 1683 1815 1711 ctiiciar

1024 1729 1212 1761 Christianus,
1236 1729 1300 1764 quia
1318 1736 1368 1763 pro
1393 1728 1563 1756 Christianis
1582 1736 1687 1766 pugno,
1709 1729 1813 1765 Deique

1024 1776 1184 1811 operatione
1202 1775 1271 1802 vicit
1292 1775 1493 1810 potentissime,
1510 1778 1538 1802 et
1552 1774 1660 1810 accepit
1674 1775 1812 1810 captivum

1025 1821 1116 1848 vivum
1132 1820 1292 1847 Damianum
1307 1827 1400 1854 regem
1418 1827 1513 1847 eorum
1528 1824 1555 1847 et
1572 1820 1712 1856 regionem
1731 1821 1808 1856 ipso-

1026 1873 1086 1892 rum
1115 1868 1142 1892 et
1168 1871 1251 1899 regna
1262 1884 1269 1896 ,
1292 1864 1451 1900 gratiasque
1467 1864 1590 1892 referens
1607 1864 1661 1892 Deo
1675 1865 1752 1893 Adad
1766 1874 1812 1894 rex

1026 1909 1246 1937 Azumilensium
1263 1908 1340 1936 misit
1361 1909 1393 1936 ad
1407 1908 1594 1936 Iustinianum
1608 1910 1813 1944 imperatorem,

1027 1960 1056 1983 ut
1071 1955 1211 1990 acciperet
1234 1954 1394 1990 episcopum
1411 1958 1438 1983 et
1466 1955 1593 1988 clericos,
1609 1959 1637 1983 et
1657 1956 1813 1990 doceretur,

1026 2007 1053 2029 et
1084 2001 1161 2028 ﬁeret
1178 2000 1363 2028 Christianus.
1393 2000 1428 2027 Et
1452 2000 1564 2035 gavisus
1584 2005 1626 2028 est
1655 2009 1740 2036 super
1764 2002 1814 2029 hoc

1026 2047 1198 2075 Justinianus
1222 2046 1382 2081 plurimum,
1406 2050 1434 2074 et
1460 2046 1545 2081 jussit
1572 2047 1613 2074 eis
1633 2047 1692 2073 dari
1709 2047 1816 2082 episco~

1026 2102 1090 2128 pum
1119 2100 1310 2130 quemcunque
1335 2093 1501 2125 voluissent,
1526 2096 1553 2120 et
1573 2093 1716 2128 elegerunt.
1732 2093 1813 2120 iidem

1027 2141 1120 2177 legati,
1132 2148 1195 2167 cum
1207 2141 1316 2168 curiose
1331 2138 1518 2174 quaesiissent,
1532 2138 1747 2166 mansionariutn
1759 2138 1816 2174 (52)

1028 2188 1058 2215 S.
1071 2187 1185 2215 Joannis
1202 2193 1308 2221 magna:
1325 2185 1512 2218 Alexandriae,
1528 2185 1619 2212 virum
1633 2185 1816 2213 venerabilem

187 2234 320 2262 Romanis
346 2233 466 2260 Mundus
487 2241 519 2260 ex
548 2240 648 2268 genere
675 2231 808 2267 Gipedum
827 2232 979 2261 derivatos.
998 2239 1021 2267 υ
1033 2241 1060 2264 ct
1077 2235 1221 2269 virginem,
1233 2233 1346 2261 nomine
1364 2231 1509 2264 Joannem,
1524 2232 1570 2267 qui
1587 2232 1728 2267 sexaginta
1745 2232 1816 2260 duo~

217 2281 299 2307 Anno
315 2279 422 2307 decituo
438 2283 537 2314 quarto
550 2278 657 2313 imperii
673 2277 821 2306 Justiniani
837 2278 976 2306 Chosrocs

188 2333 236 2353 rex
267 2325 412 2353 Persarum
445 2329 574 2361 quartum
595 2325 622 2352 in
650 2324 837 2352 Romanorum
873 2329 975 2352 terram

188 2371 252 2399 fecit
262 2371 434 2407 ingressum;
450 2379 531 2406 quem
546 2371 696 2398 Belisarius
715 2379 812 2398 rursus
827 2370 861 2397 ab
873 2369 976 2406 Hespe-

188 2418 238 2447 riis
258 2418 370 2446 veniens
384 2418 518 2453 sapientia
535 2425 585 2445 sua
601 2416 768 2444 iuetlicacem
786 2416 875 2444 redire
888 2417 978 2452 coegit

189 2464 225 2492 ad
240 2464 361 2500 propria.

224 2510 326 2537 Eodem
351 2517 417 2538 vero
446 2516 519 2536 anno
539 2507 686 2535 Timotheo
700 2507 830 2542 episcopo
856 2506 974 2534 Alexan-

187 2557 255 2584 driae
274 2561 394 2588 mortuo,
410 2555 530 2583 Severus
548 2554 660 2589 impius,
676 2553 865 2581 Autiochenus
875 2553 975 2588 praesul

188 2603 306 2634 adulter,
329 2608 356 2630 et
377 2602 503 2630 Julianus
532 2602 750 2633 Alicarnassens,
780 2599 974 2627 Alexandriam

190 2649 253 2683 fuga
269 2648 350 2683 lapsi,
366 2647 401 2676 de
418 2647 591 2682 corruptibili
612 2652 638 2673 et
666 2646 869 2681 iucorruptibili
883 2645 978 2674 conle-

190 2699 282 2722 rentes
301 2694 434 2722 adversus
450 2694 579 2726 invicem,
601 2693 667 2720 facti
680 2697 745 2720 sunt
757 2696 887 2728 tanquam
904 2693 976 2720 veri-

189 2741 255 2769 tatis
269 2741 405 2774 extranei,
432 2747 460 2769 et
477 2741 546 2768 alter
563 2740 672 2776 quidem
690 2739 888 2772 TheodOsium,
907 2739 974 2767 alter

1028 2290 1089 2311 rum
1106 2284 1166 2309 erat
1178 2286 1325 2307 annorutn.
1343 2277 1404 2311 Quo
1417 2281 1548 2312 suscepto
1563 2277 1693 2305 abierunt
1711 2278 1737 2305 in
1750 2286 1815 2313 pro-

1026 2327 1117 2364 priam
1131 2325 1271 2360 regionem
1283 2323 1316 2350 ad
1329 2330 1420 2358 regem
1435 2330 1526 2355 suum,
1543 2327 1570 2350 et
1586 2323 1622 2349 ita
1638 2322 1817 2350 crediderttnt

1028 2373 1150 2402 Christo,
1166 2376 1192 2398 et
1210 2369 1358 2397 illuminati
1375 2371 1451 2396 sunt.

1065 2416 1158 2444 Mundi
1185 2422 1258 2442 anno
1277 2414 1358 2445 6056.
1388 2413 1489 2441 divina
1521 2413 1723 2442 incarnationis
1744 2421 1817 2442 anno

1030 2463 1092 2495 556,
1112 2462 1264 2495 imperante
1295 2459 1453 2488 Justiniano
1476 2466 1548 2487 anno
1564 2459 1672 2487 decimo
1699 2460 1817 2494 septimo

1027 2508 1118 2536 factus
1133 2510 1176 2535 est
1191 2511 1273 2534 terrae
1289 2511 1382 2534 motus
1402 2513 1519 2542 magnus
1545 2506 1573 2534 in
1591 2506 1722 2534 universo
1734 2514 1817 2534 mun-

1027 2554 1073 2582 do.
1088 2553 1245 2589 Eodemque
1269 2560 1340 2580 anno
1365 2553 1493 2588 apparuit
1508 2553 1618 2588 quidam
1646 2561 1679 2581 ex
1704 2553 1817 2589 regione

1027 2600 1160 2627 Italorum
1184 2607 1234 2635 per
1252 2599 1332 2626 villas
1349 2598 1522 2632 discurrens,
1540 2599 1654 2626 nomine
1681 2599 1816 2629 Andreas,

1026 2647 1132 2674 habens
1145 2653 1238 2674 secum
1258 2653 1353 2673 canent
1375 2645 1467 2672 rufum
1481 2649 1507 2672 et
1523 2652 1638 2677 caecum,
1655 2645 1701 2680 qui
1713 2645 1810 2680 jussus

1031 2693 1067 2720 ab
1079 2700 1111 2720 eo
1128 2692 1248 2720 faciebat
1266 2692 1410 2720 miracula.
1434 2691 1503 2719 Cum
1529 2691 1600 2719 enim
1620 2695 1704 2719 staret
1719 2691 1776 2726 ipse
1789 2690 1816 2717 in

1032 2739 1103 2771 foro,
1122 2742 1148 2766 et
1164 2738 1243 2765 turba
1258 2738 1285 2765 in
1298 2738 1413 2766 circuitu
1424 2737 1540 2770 adesset,
1556 2736 1626 2764 clam
1642 2738 1736 2765 eodem
1749 2744 1817 2764 cane

969 2794 1087 2824 NOT/E.

225 2843 522 2887 (Sill‘yaufiqnanium.
534 2844 578 2871 Sic
589 2844 670 2870 etiam
681 2844 768 2887 ‘yertit
779 2843 894 2887 Ni‘cieuaa
912 2851 972 2887 syu.

188 2880 206 2908 2
268 2878 318 2907 705
338 2881 381 2908 ed.
401 2881 433 2908 Ii.
452 2880 518 2907 Vide
546 2885 572 2907 et
594 2887 655 2906 can.
681 2881 698 2905 ‘2
726 2887 788 2914 syn.
807 2878 975 2906 Chalcedon.

1030 2841 1164 2869 Zonaram
1182 2843 1214 2869 ad
1233 2841 1349 2870 concilia
1365 2849 1392 2876 p.
1407 2841 1456 2868 697
1475 2849 1501 2871 a.
1513 2841 1566 2876 698
1589 2849 1604 2867 a
1629 2845 1655 2868 et
1680 2839 1730 2867 7°20
1750 2840 1776 2868 ι).
1789 2843 1818 2867 et

1033 2878 1132 2905 cont-il.
1150 2878 1249 2912 (lpolit.
1264 2879 1315 2905 sub
1330 2875 1406 2905 Mena
1424 2885 1450 2912 p.
1468 2877 1528 2903 737.
1547 2875 1627 2903 Fasti.
