2035 3153
223 164 288 196 ῙΞιῖΞ

222 274 248 296 et
268 268 362 301 ferrei,
391 273 418 295 et
446 266 619 302 ponebantur
636 266 662 293 in
684 266 853 301 pavimento,
879 273 949 300 quos
965 265 1010 292 ille

221 314 409 350 eoopnriebat,
431 316 457 340 et
480 312 657 348 prtecipiebat
685 311 758 342 cani.
787 317 814 338 et
843 311 966 342 tollebat,
983 315 1010 338 et

221 361 305 388 dabat
332 360 480 393 uniculqne
504 366 596 385 suum.
629 356 762 384 Similiter
783 363 808 384 et
836 356 1008 384 diversorum

221 408 416 442 imperatorum
434 405 597 432 nouiismata
611 404 693 431 mixta
708 403 864 439 porrigebat
890 411 939 439 per
962 411 1010 429 no-

221 454 305 481 mina.
329 451 381 480 Sed
402 455 502 487 pra‘sto
527 451 605 478 turba
626 456 742 482 astante,
761 450 882 477 virorum
903 450 1010 478 scilicet

220 502 248 525 et
272 497 438 527 mulierum.
469 496 654 531 interrogatus
686 496 850 523 ostendebat
872 496 899 522 in
931 499 1009 523 utero

221 544 354 572 habentes
381 548 407 571 et
435 542 599 570 fornicarios
619 547 646 569 et
663 542 804 570 adulteros
828 547 854 570 et
869 550 967 569 avaros
984 547 1010 570 et

222 590 421 626 magnanimos.
453 589 623 616 Ostendebat
655 596 752 616 omnes
789 596 851 616 cum
880 589 1008 616 veritate.

222 637 299 664 Unde
319 637 447 664 dicebant
463 636 527 671 quia
544 635 671 670 spiritum
688 636 770 663 habet
787 635 930 670 Pythonis.

256 683 334 710 Anno
346 682 453 718 itttperii
470 681 619 709 Justiniani
639 682 745 709 decimo
766 686 862 709 octavo
878 681 1010 708 diffusum

219 733 261 756 est
278 735 353 756 tnare
381 735 430 762 per
456 727 580 755 Thracen
610 727 735 754 miliariis
762 732 894 762 quatuor,
921 731 950 754 et
964 735 1010 755 co-

220 775 329 809 operuit
346 782 407 802 eam
424 775 498 801 circa
517 779 607 809 partes
627 773 741 809 Odyssei
762 777 788 800 et
804 773 1008 809 Dionysopolis,

221 825 248 847 et
268 820 347 847 multi
363 820 451 848 necati
475 825 540 847 sunt
561 821 586 846 in
604 820 695 855 aquis,
712 824 738 846 et
754 820 852 847 iterum
875 819 921 847 Dei
939 827 1008 854 pra:-

219 869 299 901 ccplo
316 866 471 892 restituttttn
489 869 530 892 est
546 864 616 892 idetu
643 872 717 891 mare
733 865 759 891 in
779 865 837 892 loca
859 872 919 892 sua.

255 912 335 938 Anno
356 911 464 946 imperii
494 909 641 938 Justiuiani
670 910 778 938 decimo
808 917 882 938 nono
910 909 1008 937 Petrus

219 957 499 993 Hierosolymitanam
520 962 547 985 et
565 957 687 985 Domnus
713 957 914 984 Antiochenam
939 956 1010 991 regit

219 1004 388 1036 Ecclesiam;
404 1008 429 1031 et
447 1003 519 1030 facta
534 1008 578 1030 'est
601 1003 692 1038 inopia
710 1003 843 1031 frutncnti
866 1007 893 1030 et
906 1003 961 1030 vini
978 1009 1010 1030 ac

220 1049 311 1085 pluvia
327 1049 424 1081 multa,
438 1049 571 1076 et'faetns
595 1053 637 1076 est
653 1053 734 1076 terra:
751 1053 842 1076 motus
855 1049 1010 1076 Constanti-

219 1096 313 1131 nopoli
337 1102 464 1130 magnus,
478 1098 510 1122 et
528 1095 636 1122 eversio
664 1095 698 1122 de
722 1098 819 1123 sancto
845 1094 963 1126 Pascha,
983 1097 1010 1122 et

219 1142 302 1177 erepit
318 1142 416 1176 vulgus
435 1149 448 1168 a
473 1141 605 1169 carnibus
622 1140 764 1169 abstinere
779 1148 873 1168 mense
886 1139 1009 1168 Februa-

219 1188 272 1221 rio,
296 1188 340 1215 die
365 1192 464 1223 quarta
483 1195 490 1213 :
507 1187 657 1223 imperator
685 1192 775 1215 autem
802 1187 932 1223 prarcepit
957 1188 1009 1215 alia

221 1234 391 1262 hebtlomada
410 1242 520 1261 carnem
546 1234 668 1269 apponi,
700 1238 728 1261 et
755 1241 851 1261 omnes
884 1234 1009 1261 carnium

219 1279 378 1308 venditores
398 1280 570 1311 occiderunt,
595 1283 622 1306 et
648 1284 845 1314 apposueram,
874 1283 901 1306 et
929 1286 1010 1306 nemo

219 1324 327 1351 emebat
353 1329 399 1351 aut
425 1324 533 1352 edebat.
552 1323 638 1351 Porro
665 1323 772 1351 Pascha
792 1324 902 1351 'faetum
925 1328 967 1351 est
982 1329 1010 1351 ut

219 1370 474 1406 impcratorjussit,
497 1375 523 1398 et
540 1370 670 1398 inventus
686 1374 728 1398 est
746 1371 865 1406 populus
879 1370 1009 1406 jejunans

219 1414 391 1444 helr‘domada
406 1416 558 1451 superflua.

254 1463 333 1490 Anno
352 1461 459 1497 imperii
474 1461 621 1489 Justiniaui
639 1462 771 1490 vicesimo
796 1467 875 1496 capta
896 1461 937 1490 est
955 1462 1010 1490 Ro-

221 1514 303 1535 ma‘a
317 1506 428 1540 Gothis,
446 1511 472 1534 et
497 1507 570 1542 Papa
589 1507 704 1542 Vigilius
720 1508 796 1535 venit
811 1507 1007 1535 Constantino-

755 161 956 194 ANAS’I‘ASII
990 161 1307 191 BlBLlOTllECAIiIl

171 250 185 254 Α,
221 221 416 250 deferebantur
438 220 586 248 astantium
612 218 709 247 annuli
731 219 807 246 aurci
834 223 862 247 et
887 217 1009 253 argentei
1027 217 1192 246 Atriarclne
1218 216 1532 252 Constantinopolitani,
1563 222 1591 245 et
1617 217 1795 252 praepositum
1813 225 1857 246 est

1785 159 1856 193 1264

1063 271 1163 291 nomen
1193 262 1282 299 Vigilii
1312 263 1472 299 prtecellens
1510 263 1538 291 in
1566 263 1715 300 diptyehis.
1751 265 1856 292 interea

1062 316 1158 337 mense
1182 308 1281 337 Martio
1305 309 1409 337 exsiliit
1427 310 1539 345 elephas
1556 317 1572 337 e
1588 311 1700 338 stabulo
1717 315 1811 343 noctu.
1828 316 1857 339 et

1062 355 1166 383 occidit
1183 357 1296 388 multos,
1315 357 1383 385 alios
1400 364 1465 385 vero
1488 357 1653 385 debilitavit.
1669 357 1757 385 Porro
1773 357 1859 386 Juuio

1064 409 1157 429 tnense
1174 401 1246 428 facta
1262 406 1327 429 sunt
1343 403 1464 430 cnczcnia
1483 407 1643 430 sanctorum
1660 402 1857 436 Apostolorum

1063 448 1134 482 apud
1153 447 1434 482 Constantinopolim,
1449 454 1476 475 ct
1502 448 1646 475 recondita
1666 452 1730 475 sunt
1747 449 1857 483 lipsaua

1062 493 1180 520 Andreae
1194 492 1275 520 Luca:
1288 501 1319 520 ac
1336 493 1473 520 Timothei
1488 493 1687 528 apostolorum,
1706 499 1732 520 et
1745 495 1858 520 transiit

1062 540 1157 567 Menas
1172 540 1319 575 episcopus
1334 547 1397 567 cum
1432 540 1538 568 sanctis
1567 540 1692 575 lipsanis,
1714 540 1813 567 sedens
1829 542 1857 567 in

1062 593 1196 613 carrueca
1215 593 1299 613 aurea
1325 586 1514 620 imperatoria,
1541 585 1681 621 lapidibus
1706 586 1854 620 insignita,

1064 635 1159 658 tenens
1175 635 1233 658 tres
1246 631 1341 657 thecas
1353 635 1511 657 sanctorum
1532 630 1718 665 apOstolorum
1735 630 1763 658 in
1779 631 1855 665 geni-

1062 676 1113 704 btts
1128 677 1198 709 suis,
1213 681 1240 704 et
1259 677 1294 703 ita
1308 677 1430 704 encaenia
1447 675 1604 704 celebravit.

1098 723 1178 750 Anno
1199 723 1306 759 imperii
1321 723 1470 751 Justiniani
1487 723 1620 751 vicesimo
1633 728 1742 758 quarto,
1759 731 1856 752 mense

1061 770 1168 804 Aprili,
1196 770 1297 797 missus
1325 775 1367 797 est
1395 769 1496 797 Narses
1519 770 1708 797 cubicularius
1738 769 1856 798 Romam

1062 821 1238 850 pugnaturus
1262 815 1397 844 adversus
1423 816 1551 849 Gothos,
1573 817 1620 851 qui
1641 822 1772 851 ceperant
1797 817 1858 844 ﬂo-

1063 868 1147 893 tnam,
1175 861 1306 895 quoniam
1330 865 1473 896 postquam
1500 869 1561 888 eam
1588 861 1739 889 Belisarius
1763 863 1857 897 cepit,

1062 905 1163 933 iterutn
1179 906 1390 934 insurrexerunt
1403 910 1429 934 et
1447 911 1607 941 receperunt
1621 907 1694 933 illam
1708 906 1800 934 Gothi.

1097 952 1177 979 Anno
1211 951 1318 987 imperii
1336 951 1484 980 Iustiniani
1510 953 1642 980 vicesimo
1668 953 1765 987 quinto
1783 953 1856 980 facta

1061 1002 1125 1025 sunt
1147 999 1268 1025 enemnia
1292 998 1324 1025 S.
1354 999 1460 1026 Eirenre
1483 1003 1560 1027 trans
1587 999 1857 1034 Constantinopolim

1061 1045 1089 1072 in
1106 1044 1196 1080 Sycis,
1213 1048 1241 1072 et
1259 1045 1386 1072 exierunt
1402 1049 1498 1072 sancta
1516 1045 1621 1079 lipsana
1645 1045 1679 1072 e‘x
1697 1045 1792 1080 Magna
1809 1053 1858 1072 er-

1061 1091 1154 1122 clesia,
1168 1098 1223 1118 una
1241 1098 1302 1118 cum
1321 1090 1431 1118 duobus
1454 1091 1632 1126 patriarchis,
1650 1090 1726 1119 Mena
1749 1091 1858 1119 scilicrt

1061 1138 1367 1172 Constantinopolitano
1382 1142 1408 1165 et
1425 1137 1596 1172 Apollinario
1614 1136 1811 1168 Alexandrino,
1830 1141 1858 1164 rt

1062 1185 1194 1211 sederunt
1210 1184 1290 1211 ambo
1307 1184 1334 1211 in
1353 1183 1532 1218 imperatorio
1568 1190 1652 1210 curru
1666 1202 1673 1214 ,
1704 1182 1858 1210 retinentes

1062 1230 1088 1257 in
1110 1231 1226 1265 genibus
1242 1230 1299 1257 suis
1315 1233 1411 1257 saneta
1438 1229 1558 1264 lipsana,
1573 1234 1601 1256 et
1618 1234 1753 1257 venerunt
1768 1237 1858 1263 usque

1062 1275 1096 1302 ad
1112 1274 1226 1308 fretum,
1244 1279 1271 1302 et
1288 1275 1535 1302 transire-tantibus
1551 1274 1661 1302 obviam
1677 1275 1716 1302 eis
1734 1275 1858 1301 occurrit

1062 1323 1224 1357 imperator,
1249 1327 1276 1349 et
1292 1325 1462 1356 aperuerunt
1477 1321 1602 1349 eamdem
1618 1321 1766 1349 ecclesiam
1792 1329 1858 1348 san-

1062 1373 1114 1396 cta:
1132 1369 1261 1404 martyris
1282 1368 1398 1396 Eireme.
1421 1368 1523 1396 Eodem
1543 1376 1615 1396 anno
1630 1369 1747 1395 moritur
1759 1367 1857 1396 Menas

1062 1415 1210 1450 cpiscopus
1232 1415 1572 1450 Constantinopolitanus,
1589 1420 1616 1442 et
1638 1415 1727 1442 factus
1743 1419 1786 1442 est
1808 1422 1858 1449 pro

1063 1461 1123 1496 ipso
1140 1461 1289 1496 Eutychius
1303 1461 1500 1496 apocrisiarius
1523 1460 1641 1486 Amasis:
1657 1467 1689 1486 ac
1705 1460 1859 1486 monachus

1064 1507 1223 1535 monasterii
1239 1507 1311 1542 quod
1327 1510 1370 1534 est
1384 1513 1468 1541 penes
1481 1507 1632 1538 Amasiam,
1651 1513 1683 1532 ac
1699 1506 1857 1540 presbyter.

219 1553 314 1588 poiim,
327 1556 354 1580 et
383 1555 528 1586 susceptus
561 1552 595 1578 ab
611 1551 777 1587 imperatore
809 1560 872 1580 cum
904 1553 1007 1588 ingenti
1022 1562 1045 1592 α
1063 1552 1163 1579 Eadem
1184 1560 1250 1580 sane
1269 1552 1354 1579 Mente
1367 1552 1471 1579 funeris
1495 1551 1548 1584 die,
1566 1558 1629 1578 cttm
1650 1551 1859 1585 adhucjaceret

219 1600 324 1626 honore
352 1598 559 1633 repromittebat
585 1597 675 1624 facere
706 1599 836 1626 unitatem
864 1599 1009 1627 catholicm

219 1645 363 1679 Ecclesia!
378 1648 406 1672 et
429 1643 661 1671 anathematizare
689 1645 739 1671 tria
761 1646 891 1680 capitula,
906 1646 1009 1681 quique

219 1691 531 1719 excommunicationetn
549 1694 670 1725 quatuor
686 1691 820 1718 tuensium
837 1691 913 1719 dedit
924 1693 1009 1720 Mente

217 1735 527 1770 Constantinopolitano
550 1735 681 1771 episcopo
704 1735 731 1762 in
754 1736 918 1770 epitimittm.
935 1736 1008 1765 Indi-

217 1787 316 1818 gnatus
343 1787 434 1809 autem
460 1781 611 1817 imperator
629 1786 726 1808 contra
745 1781 872 1816 Vigilium
898 1789 1009 1818 propter

217 1828 383 1864 epitimitmn,
399 1828 506 1862 etquia
528 1826 673 1855 differebat
700 1828 840 1863 complere
855 1836 915 1864 qua:
934 1829 1009 1857 vide—

217 1874 320 1902 bantur
335 1880 418 1909 super
435 1874 540 1900 unitate
560 1873 743 1901 Eeclesiarum
756 1893 763 1906 ,
782 1875 859 1902 misit
887 1879 915 1902 ut
931 1883 1008 1903 eom-

218 1921 448 1956 prehenderetur.
465 1919 517 1953 Qui
535 1925 659 1948 metuens
675 1920 807 1956 impettnn
830 1922 1008 1957 imperatoris

218 1967 252 1994 ad
280 1967 366 1994 altare
386 1966 475 2002 Scrgii
503 1967 634 2002 martyris
663 1967 824 1994 monasterii
854 1968 1008 1996 ilormisdm

217 2013 351 2049 confugit.
374 2012 406 2039 Et
429 2013 492 2040 inde
507 2016 613 2040 tractus
631 2014 718 2040 tenuit
732 2014 877 2041 columnas
893 2021 1007 2050 portan-

217 2063 259 2086 tes
272 2059 368 2090 altare,
383 2063 409 2085 et
426 2059 475 2086 has
495 2059 605 2092 evertit,
624 2067 685 2086 cum
703 2065 776 2087 esset
790 2061 882 2095 gravis
905 2065 932 2088 et
947 2068 1008 2088 eor-

217 2111 283 2138 pore
299 2103 422 2138 grandis.
437 2103 589 2138 lntperator
613 2107 704 2131 autem
731 2105 890 2138 pmttitentla
907 2105 1007 2133 dncttts

218 2149 339 2184 suscepit
351 2156 451 2184 papam
477 2148 619 2184 Vigilium,
651 2154 677 2176 et
704 2154 818 2185 rogatus
847 2150 964 2186 Vigilius
991 2160 1005 2179 a

218 2194 363 2222 Tbeodora
391 2194 514 2228 Augusta
540 2195 662 2230 suscepit
688 2195 793 2223 Menam
819 2197 1005 2232 patriarchatn

1065 1600 1092 1626 in
1116 1599 1227 1630 sacello,
1236 1606 1330 1625 mense
1341 1600 1464 1634 Augusto
1477 1601 1579 1632 tropaea
1590 1601 1726 1624 venerunt
1738 1604 1753 1623 e
1769 1596 1858 1624 Roma

1062 1645 1157 1672 Narsis
1186 1645 1346 1672 tuliicularii
1367 1649 1394 1671 et
1417 1644 1528 1672 cxarchi
1557 1643 1754 1672 Romanorum.
1786 1643 1858 1670 lttiln

1065 1691 1166 1725 quippe
1175 1690 1246 1717 bello
1257 1698 1317 1718 cum
1331 1689 1420 1717 Totila
1432 1698 1494 1725 rege
1502 1690 1653 1718 Gothorum
1666 1689 1860 1724 potentissime

1061 1738 1213 1773 superavit,
1236 1742 1263 1764 et
1284 1738 1355 1772 repit
1372 1737 1497 1768 Ruinam,
1518 1741 1545 1764 et
1566 1737 1664 1765 occidit
1683 1736 1813 1767 'l‘otilam.
1829 1740 1858 1762 et

1061 1784 1222 1811 vestimenta
1243 1785 1303 1818 ejus
1323 1787 1464 1810 cruentata
1482 1790 1544 1809 cttm
1563 1776 1731 1809 ‘camilaneio
1756 1781 1856 1815 lapidi-

1060 1829 1112 1857 bus
1135 1829 1262 1864 pretiosis
1291 1833 1390 1856 ornato
1417 1828 1492 1856 misit
1520 1827 1801 1862 Constantinopolim,
1831 1831 1859 1852 et

1059 1875 1162 1910 iactata
1177 1879 1241 1902 sunt
1258 1875 1289 1901 ad
1310 1874 1393 1910 pedes
1414 1874 1588 1909 imperatoris
1603 1881 1694 1901 coram
1709 1879 1819 1900 senatu.

1097 1922 1178 1948 Anno
1192 1921 1299 1956 imperii
1313 1920 1462 1948 Justiniani
1479 1920 1610 1948 vicesimo
1629 1923 1708 1947 sexto
1727 1919 1798 1946 facta
1814 1923 1858 1946 est

1062 1972 1158 1995 sancta
1192 1973 1217 1994 ct
1243 1967 1408 1994 universalis
1420 1967 1516 2002 quinta
1535 1966 1657 2002 synodus
1680 1969 1776 1993 contra
1793 1964 1858 1992 Ori—

1061 2022 1156 2049 genent
1174 2021 1305 2041 vesanum
1328 2018 1355 2041 et
1374 2013 1517 2048 Didymum
1539 2020 1642 2039 caecum
1667 2017 1693 2039 et
1709 2011 1856 2046 Evagrium

1061 2066 1143 2094 atque
1159 2060 1267 2096 gentilis
1284 2067 1383 2087 sensus
1396 2066 1492 2086 eorum
1506 2058 1732 2088 deliratneutum,
1747 2062 1773 2084 et
1794 2066 1859 2083 rur-

1061 2113 1108 2134 sus
1122 2110 1217 2133 contra
1232 2104 1483 2140 capitula.Vigilius
1498 2109 1588 2131 autem
1602 2102 1742 2131 Romanus
1755 2111 1860 2130 conre-

1060 2151 1200 2180 nientibus
1210 2159 1265 2178 non
1276 2151 1554 2179 eonsedit.Dimissus
1567 2154 1657 2178 autem
1669 2151 1762 2177 multis
1775 2151 1858 2178 motis

1060 2199 1280 2234 abimpcratore,
1301 2199 1326 2225 in
1343 2198 1452 2233 lllyrico
1469 2198 1586 2225 moritur
1604 2197 1711 2224 rediens
1725 2195 1856 2224 Bonnam.

217 2239 554 2273 Constantinopolitanutn
574 2238 704 2267 vicesima
732 2248 804 2268 nona
830 2241 877 2269 die
902 2243 1005 2271 mensis
1021 2231 1046 2260 Β
1097 2244 1236 2272 Vicesimo
1257 2244 1376 2279 septimo
1393 2243 1660 2279 imperiiJustiuiani
1674 2251 1746 2270 anno
1765 2243 1858 2270 factus

215 2285 302 2317 Junii,
317 2283 468 2312 festivitate
485 2285 690 2321 Apostolorum.

250 2333 330 2360 Anno
357 2332 489 2360 vicesimo
521 2334 610 2368 primo
643 2334 752 2369 imperii
772 2335 832 2370 ejus
855 2336 917 2364 facti
941 2341 1005 2365 sunt

217 2386 297 2406 terrm
310 2383 400 2405 motus
413 2379 503 2413 magni
517 2385 542 2406 et
557 2379 666 2413 pluvize,
682 2385 844 2416 mortuaque
860 2386 902 2409 est
914 2381 1004 2410 Theo-

216 2426 284 2452 dora
298 2424 431 2458 Augusta.
443 2423 578 2450 Similiter
591 2429 617 2451 et
630 2426 756 2459 sequenti
769 2433 843 2453 anno
851 2425 925 2454 facta
939 2433 1004 2455 sunt

217 2471 326 2507 fulgura
342 2475 369 2498 et
386 2471 519 2502 tonitrua,
538 2470 574 2497 ita
592 2475 620 2498 ut
634 2471 804 2500 dormientes
820 2480 853 2500 ex
869 2474 1002 2502 tonitruis

217 2518 393 2550 laederentur,
407 2523 488 2551 atque
502 2517 629 2544 incendia
645 2524 729 2552 penes
748 2517 919 2554 Byzantium.

252 2563 345 2591 Mundi
371 2571 443 2590 anno
483 2563 564 2595 ιεοιϋ,
582 2564 683 2591 divin-.e
713 2565 915 2593 incarnationis
934 2574 1005 2594 anno

215 2611 279 2645 546,
308 2611 417 2646 imperii
433 2610 583 2637 Iustiniani
606 2618 680 2637 anno
698 2611 828 2638 vicesimo
853 2613 935 2640 tertio
963 2614 1007 2640 le-

216 2664 295 2692 gatus
308 2657 439 2685 ludorum
456 2657 531 2684 vertit
545 2657 813 2693 Constantinopolim
829 2660 935 2688 ducens
951 2661 1006 2688 elc-

217 2703 357 2738 phantcnt,
375 2708 401 2730 et
421 2703 562 2738 ingressus
585 2709 627 2731 est
646 2703 885 2739 llippodromium.
903 2705 1006 2733 Janua-

216 2749 259 2778 rio
277 2757 342 2777 vero
369 2756 462 2776 mense
487 2749 663 2784 suppositum
679 2755 721 2778 est
740 2759 836 2779 nomen
855 2751 938 2780 Mente
957 2762 1006 2789 pa-

1060 2295 1102 2319 est
1117 2296 1196 2318 terra:
1223 2296 1314 2318 motus
1336 2291 1469 2318 terribilis
1484 2290 1730 2325 Constantinopoli
1746 2293 1773 2317 et
1797 2291 1858 2317 cir-

1060 2346 1233 2374 cumquaque
1250 2338 1375 2371 urbibus,
1392 2340 1438 2373 qni
1460 2338 1548 2365 tenuit
1563 2338 1659 2365 diebus
1683 2337 1728 2370 40,
1743 2341 1769 2364 et
1788 2345 1857 2372 pata-

1060 2386 1137 2414 latim
1165 2385 1290 2413 homines
1315 2386 1473 2420 cotnpuncti
1501 2389 1574 2415 sunt,
1594 2385 1723 2411 letanintn
1741 2389 1857 2418 astutius

1060 2436 1087 2460 et
1119 2431 1325 2467 frequentantes
1357 2437 1440 2466 atque
1465 2431 1492 2459 in
1521 2432 1644 2459 ecclesiis
1677 2438 1858 2459 eummanen-

1061 2483 1102 2507 tes
1126 2478 1195 2515 (55).
1223 2479 1348 2514 Cumque
1380 2478 1467 2505 multa
1498 2478 1546 2505 Dei
1574 2478 1764 2506 misericordia
1783 2478 1857 2505 facta

1061 2525 1168 2558 fuisset,
1192 2525 1318 2553 homines
1334 2524 1367 2551 ad
1385 2525 1480 2560 pejora
1496 2525 1595 2559 dilapsi
1612 2529 1686 2551 sunt.
1704 2524 1746 2550 Fit
1760 2530 1852 2550 autem

1063 2572 1196 2599 memoria
1211 2575 1292 2599 terra:
1305 2576 1399 2599 motus
1417 2571 1501 2606 lmjns
1518 2579 1565 2605 per
1579 2571 1704 2606 singulos
1719 2577 1807 2597 annos
1828 2570 1854 2595 in

1061 2617 1176 2653 Campo,
1193 2618 1324 2646 letaniam
1347 2618 1447 2653 populo
1471 2617 1601 2645 faciente.

1095 2664 1191 2693 Mundi
1215 2673 1288 2692 anno
1310 2665 1399 2698 6047,
1428 2665 1527 2692 divinae
1553 2665 1755 2692 incarnationis
1780 2672 1854 2691 anno

1059 2710 1123 2744 547,
1142 2710 1275 2738 vicesimo
1288 2715 1384 2737 octavo
1399 2710 1508 2745 imperii
1523 2709 1673 2737 Justiuiani
1685 2718 1757 2737 anno
1778 2709 1852 2736 facta

1058 2761 1122 2784 sunt
1139 2757 1261 2784 tonitrua
1280 2761 1306 2784 et
1326 2756 1435 2792 fulgura
1457 2756 1608 2790 horrenda,
1624 2761 1650 2784 et
1667 2763 1763 2784 ventus
1777 2755 1852 2782 Afri-

973 2813 1090 2844 NOTAE.

257 2853 538 2900 @‘pontganetttes.
553 2856 677 2885 Rullinus
689 2857 717 2886 in
733 2857 895 2888 Praefatione
908 2860 969 2888 libri
983 2869 1001 2890 ll
1022 2861 1062 2890 De
1078 2863 1136 2891 vilis
1153 2863 1287 2892 Patrum:
1306 2874 1315 2890 ι
1338 2863 1518 2893 Commanent
1534 2868 1624 2893 autem
1651 2872 1699 2900 per
1727 2871 1850 2892 eremum

216 2889 344 2924 dispersi.
363 2899 373 2917 ι
395 2890 478 2918 FABn.
