2035 3153
164 211 234 244 1265

543 209 548 213 ’
577 213 761 245 HISTORIA
774 214 1062 246 ECCLESIASTICA
1081 215 1132 244 EX
1150 214 1390 245 Tl-IEOPHANE.

1727 211 1796 245 1266

163 279 214 299 cus
235 269 378 302 terribilis.
393 269 431 298 ita
449 274 477 297 ut
489 270 600 299 caderet
615 279 696 306 crux,
715 279 777 308 quae
800 272 891 300 stabat
913 272 954 300 ln-
967 275 993 303 Α
1005 276 1048 300 tor
1064 271 1199 299 :ediiicare
1212 275 1322 307 pontem
1344 271 1466 307 Agoreos
1486 268 1621 302 fluminis,
1634 274 1657 297 et
1677 276 1794 297 convetw

163 322 206 345 tra
222 321 329 353 portam
344 316 438 344 Rhesii

202 362 343 390 Vicesimo
369 369 442 389 nono
459 362 566 398 imperii
583 363 734 392 Iustiniani
750 373 822 393 anno
838 366 953 394 seditio-

166 417 228 437 nem
249 409 457 436 concitarerunt
478 409 566 437 Judaei
594 415 620 438 et
652 410 798 439 Samaritae
823 412 955 440 Caesarea:

165 455 327 485 Palzcstinm.
344 459 371 482 et
389 455 454 482 facti
472 456 552 490 quasi
578 457 605 484 in
638 457 735 485 ordine
755 458 955 486 Prasinovene-

164 506 256 529 torum
278 500 419 527 irruerunt
435 500 461 529 in
483 501 656 530 Christianos
679 503 803 538 eiusdem
824 503 954 535 civitatis.

163 552 192 575 et
216 547 320 574 multos
347 546 557 580 interfecerunt,
580 553 607 576 et
633 550 768 577 ecclesias
794 551 956 579 combusse-

164 598 241 626 runt,
267 593 493 629 Stcphanumque
518 594 675 629 pratfectum
703 596 791 631 ipsius
821 597 898 624 urbis
924 597 950 624 in

165 639 294 673 praetorio
311 642 496 673 peremerunt.
513 643 540 667 et
567 640 751 668 substantiam
780 641 841 677 ejus
869 642 956 669 surri-

165 690 294 721 puerunt.
325 684 401 713 Uxor
426 693 492 713 vero
517 686 591 713 illitis
621 688 774 715 ascendens
797 687 831 715 ad
862 689 955 716 urbem

165 732 234 758 adiit
250 731 453 766 imperatorem,
475 732 520 767 qui
547 732 630 766 jussit
645 733 807 761 Adamantio
826 734 957 769 magistro

164 778 282 805 militum
307 777 473 805 descendere
504 779 531 805 in
549 777 722 806 Palaestinam
744 784 770 807 et
790 781 956 808 occisionem

164 824 310 858 exquirere
323 823 466 858 Stephani.
482 824 533 857 Qui
551 825 663 852 veniens
681 833 777 853 eorum
793 833 865 861 quos
882 833 958 860 repe-

164 871 201 897 rit
217 870 285 897 alios
300 869 456 904 suspendit,
473 870 542 898 alios
557 871 714 904 decollavit,
731 871 800 899 alios
823 879 888 899 vero
911 872 958 899 de-

164 917 285 944 bilitavit
304 921 331 944 et
358 917 518 951 publicavit.
536 918 569 944 Et
593 917 682 945 factus
705 923 747 946 est
763 919 846 946 timor
863 918 959 954 ingens

163 963 193 990 in
207 963 336 991 omnibus
350 962 536 991 Orientalibus
554 964 690 999 partibus.

201 1008 355 1037 Tricesimo
371 1009 478 1044 imperii
493 1009 643 1037 Justiniani
662 1018 734 1038 anno
760 1010 886 1046 Pelagius
903 1009 960 1038 [ἴση

168 1063 315 1083 manorum
343 1056 413 1091 gerit
436 1056 638 1092 episcopatum.
661 1056 720 1089 Quo
747 1064 819 1084 anno
835 1061 961 1084 mortuus

166 1109 208 1131 est
228 1102 391 1131 Timotheus
408 1103 544 1130 exarchus
573 1103 805 1131 monasteriorum
824 1108 852 1131 et
874 1104 961 1139 begu-

166 1157 266 1177 menus
290 1149 450 1177 monasterii
480 1149 616 1182 Dalmati,
638 1154 665 1177 et
695 1149 782 1177 factus
808 1154 850 1177 est
865 1158 914 1185 pro
929 1158 961 1178 eo

167 1196 326 1226 Anthimns,
347 1195 488 1222 inclausus
508 1194 630 1228 ejusdem
645 1195 817 1223 monasterii.
833 1195 865 1222 Et
877 1203 961 1230 appa-

167 1240 222 1267 ruit
237 1239 309 1274 ignis
322 1239 351 1265 in
370 1238 452 1271 cmlo,
469 1238 547 1273 quasi
567 1239 674 1273 species
687 1239 799 1272 lanceae,
819 1247 834 1266 a
853 1244 962 1275 septen-

168 1286 259 1314 trione
274 1293 362 1321 usque
383 1285 416 1312 ad
431 1284 615 1312 occidentem.

205 1332 298 1360 Mundi
323 1339 396 1359 anno
421 1331 504 1362 6050.
533 1331 634 1358 divina:
661 1331 860 1360 incarnationis
890 1340 963 1360 anno

169 1378 234 1409 550.
253 1377 396 1404 tricesimo
424 1377 512 1412 primo
535 1376 641 1411 imperii
659 1375 809 1404 Justiniani
823 1385 906 1410 anno,
923 1377 963 1404 fa-

168 1429 232 1452 ctus
259 1429 338 1451 terra:
366 1428 456 1451 motus
472 1423 615 1450 horribilis
635 1423 725 1454 valde,
742 1423 850 1458 qualem
869 1423 961 1451 nullus

169 1469 310 1496 hominum
319 1469 489 1496 memorabat
497 1469 523 1495 in
533 1468 710 1504 generatione
718 1469 763 1496 illa
770 1476 853 1503 super
861 1473 962 1497 terram

169 1514 317 1550 eti‘ectumj:
332 1515 540 1542 concutiebatnr
555 1514 628 1542 enim
640 1518 712 1542 terra
720 1519 798 1542 nocte
805 1522 837 1542 ac
849 1515 894 1542 die
902 1519 964 1550 post

170 1562 263 1589 decem
291 1561 496 1589 misericordias
514 1561 572 1588 Dei.
601 1561 636 1587 At
651 1567 717 1588 vero
737 1561 886 1596 imperator
907 1568 962 1588 non

170 1607 292 1642 portavit
319 1614 450 1634 coronam
472 1614 522 1642 per
549 1606 731 1642 quadraginta
759 1606 829 1638 dies,
862 1606 910 1634 sed
936 1610 963 1634 et

171 1658 266 1681 sancta
290 1653 395 1681 Christi
422 1653 566 1680 nativitate
590 1651 696 1687 absque
715 1652 761 1679 illa
785 1652 922 1687 processit
936 1652 963 1680 in

170 1698 300 1731 ecclesia;
316 1698 354 1725 ita
373 1701 404 1724 ut
428 1697 511 1724 etiam
536 1697 661 1732 prandia,
681 1705 741 1732 qua:
754 1704 788 1724 ex
804 1705 880 1725 tuore
895 1697 965 1724 iiunt

171 1743 200 1771 in
217 1751 314 1771 novem
331 1747 358 1770 et
374 1743 468 1771 decem
485 1743 670 1774 accubitibus.
687 1750 797 1770 cessare
811 1743 923 1776 faceret,
939 1749 966 1770 et

172 1791 272 1818 borum
299 1796 436 1825 expensas
466 1789 561 1824 egenis
593 1789 736 1816 tribueret.
759 1788 859 1816 Eodem
891 1796 966 1816 anno

172 1836 299 1870 ingressa
314 1839 356 1863 est
371 1842 438 1871 gens
453 1835 615 1871 Byzantium
631 1834 785 1870 inopinata,
806 1841 901 1862 eorum
917 1833 966 1869 qui

174 1883 306 1909 dicuntur
320 1882 444 1915 Avares;
461 1886 487 1909 et
511 1885 569 1908 tota
589 1880 687 1908 civitas
709 1881 853 1908 concurrit
868 1880 902 1907 ad
922 1880 966 1907 vi-

173 1927 282 1954 sionem
314 1934 423 1959 eorum,
451 1930 584 1961 tanquam
605 1925 652 1960 qui
670 1933 810 1960 nunquam
844 1924 966 1952 viderint

173 1977 283 2008 gentem
298 1973 456 2008 huiusmodi
473 1980 479 1998 :
494 1972 630 2000 habebant
640 1971 714 1999 enim
728 1979 821 2000 comas
833 1975 965 2005 retortas,

173 2019 297 2054 prolixus
314 2019 404 2052 valde,
431 2019 539 2046 vinctas
565 2017 688 2053 prandiis
709 2017 767 2053 (Si)
797 2022 878 2051 atque
901 2025 966 2053 per-

173 2066 292 2100 plexas;
314 2065 438 2100 reliquus
458 2071 524 2095 vero
542 2064 657 2091 vestitus
673 2071 767 2091 eorum
794 2063 891 2091 similis
905 2067 966 2091 erat

173 2116 338 2138 cancrorum
353 2110 528 2137 Hunnorum.
543 2108 588 2136 Isti
606 2107 743 2143 fugientes
756 2116 771 2135 a
788 2108 900 2143 regione
916 2115 965 2136 sua

174 2159 311 2184 venerunt
324 2156 350 2182 in
362 2159 454 2190 partes
467 2154 586 2190 Scythim
600 2159 627 2181 et
644 2153 747 2190 Mysiae,
765 2158 792 2182 et
807 2153 968 2182 direxerunt

174 2203 207 2230 ad
223 2202 414 2231 Justinianum
438 2202 543 2237 legatos
569 2205 693 2236 petentes
714 2206 744 2228 ut
767 2203 966 2236 reciperentur.

211 2248 304 2276 Mundi
317 2256 389 2276 anno
409 2248 490 2279 605i,
507 2247 605 2274 divina:
622 2247 822 2274 incarnationis
836 2246 898 2278 55t.
915 2246 968 2273 tri-

1006 324 1066 346 tens
1076 317 1202 346 eumdem
1219 325 1323 345 amnem
1338 317 1365 344 in
1383 317 1466 344 alium
1484 316 1592 344 alveum
1611 315 1695 343 volvit
1711 322 1793 343 arcus

1007 364 1148 392 mirabiles
1166 365 1305 399 quinque,
1327 367 1353 392 et
1380 363 1445 391 iecit
1468 370 1529 390 eum
1555 361 1712 394 meabilem,
1731 368 1792 388 cum

1006 416 1084 439 antea
1101 411 1206 446 ligneus
1225 410 1317 438 fuerit.

1044 457 1197 486 Tricesimo
1215 462 1314 492 quarto
1332 456 1439 492 imperii
1455 454 1604 483 Iustiniani
1628 462 1701 482 anno
1718 452 1796 481 ditia-

1007 508 1111 532 tnatum
1128 504 1184 539 (35)
1201 508 1244 531 est
1262 502 1334 538 apud
1351 501 1621 536 Constantinopolim
1638 499 1710 535 quod
1722 506 1798 526 mor-

1007 556 1073 579 tuus
1091 554 1166 578 esset
1183 551 1332 585 imperator
1349 557 1355 574 τ
1372 552 1485 576 venerat
1502 547 1576 576 enim
1602 555 1616 574 a
1641 545 1756 577 Thrace,
1771 550 1798 572 et

1008 598 1144 625 neminem
1163 596 1282 624 videbat.
1302 595 1375 630 Ergo
1397 594 1492 630 plebes
1508 601 1626 629 rapuere
1644 599 1731 628 partes
1748 599 1797 619 su—

1008 646 1066 673 bito
1081 653 1115 673 ex
1137 645 1206 672 locis
1221 645 1249 671 in
1263 643 1364 680 quibus
1382 642 1484 670 flebant
1501 647 1528 669 et
1544 640 1750 674 vendebantur;
1772 645 1799 668 et

1008 692 1082 719 circa
1097 691 1194 719 horatn
1211 690 1319 718 tertiam
1337 697 1390 717 non
1406 687 1595 716 inveniebatur
1608 686 1686 722 panis
1699 687 1724 714 iu
1744 690 1799 714 tota

1009 738 1087 766 urbe.
1102 737 1202 765 Clausa
1221 744 1331 773 quoque
1357 740 1421 763 sunt
1442 735 1604 771 ergasteria,
1624 737 1650 761 et
1669 739 1802 761 susurra-

1009 785 1056 813 bat
1077 784 1220 820 palatium,
1237 784 1302 819 quia
1319 790 1400 811 nemo
1412 790 1445 810 ex
1465 786 1562 809 senatu
1585 780 1695 808 videbat
1715 780 1801 814 impe-

1010 835 1131 857 ratorem
1155 837 1188 857 eo
1211 829 1287 864 quod
1306 828 1428 856 dolerent
1445 826 1543 861 capitis
1562 829 1712 861 pateretur,
1729 829 1755 852 et
1769 832 1802 851 ex

1010 876 1064 904 hoc
1089 875 1263 903 crediderunt
1282 874 1357 910 quod
1377 873 1523 901 defunctus
1543 876 1616 899 esset
1635 871 1796 905 imperator.

1013 923 1118 951 interea
1146 921 1219 948 circa
1244 921 1340 948 horam
1366 927 1467 947 nonam
1487 918 1552 946 fecit
1575 921 1687 945 senatus
1713 916 1804 943 consi-

1014 969 1092 1001 lium,
1114 972 1141 996 ct
1168 967 1305 995 miserunt
1322 965 1492 1001 prmfectum,
1513 969 1539 992 et
1558 963 1683 991 fecerunt
1697 962 1803 989 lumina

1011 1016 1039 1043 in
1056 1020 1113 1042 tota
1127 1014 1207 1047 urbe,
1222 1013 1351 1049 quoniam
1370 1020 1455 1052 sanus
1472 1011 1561 1039 factus
1583 1015 1624 1038 est
1642 1011 1804 1044 imperator,

1011 1065 1039 1090 et
1051 1061 1104 1088 hoc
1127 1059 1209 1088 modo
1225 1063 1319 1094 erepta
1334 1062 1375 1086 est
1395 1058 1493 1086 civitas
1511 1065 1525 1085 a
1543 1057 1710 1085 turbatione.
1726 1057 1806 1084 Post—

1012 1112 1094 1141 quam
1122 1109 1213 1132 autem
1235 1111 1320 1131 sanus
1342 1103 1456 1130 effectus
1471 1106 1514 1130 est
1532 1102 1691 1138 imperator,
1713 1101 1802 1137 Euge-

1013 1152 1086 1182 nius,
1110 1150 1155 1185 qui
1191 1150 1280 1176 fuerat
1306 1148 1475 1184 praefectus,
1494 1147 1615 1175 detraxit
1643 1147 1760 1183 Georgio
1778 1152 1806 1175 et

1012 1194 1140 1222 Etherio
1154 1194 1343 1226 curatoribus,
1360 1193 1440 1228 quasi
1458 1192 1612 1220 voluissent
1627 1192 1804 1220 Theodorum

1013 1241 1104 1269 facere
1116 1240 1323 1276 imperatorem,
1340 1240 1426 1267 ﬁliuni
1442 1239 1516 1266 Petri
1535 1239 1671 1275 magistri.
1683 1238 1808 1274 Cumque

1013 1287 1112 1316 fuisset
1137 1294 1220 1315 causa
1253 1286 1401 1322 diligenter
1426 1286 1559 1321 inquisita
1592 1289 1619 1314 et
1650 1285 1811 1313 nullatenus

1014 1333 1205 1368 comprobata,
1223 1333 1250 1360 in
1267 1333 1336 1360 iram
1350 1333 1453 1360 cecidit
1465 1332 1640 1368 imperatoris
1658 1331 1806 1366 Eugenius,

1014 1385 1041 1408 et
1059 1380 1157 1407 domus
1172 1379 1232 1414 ejus
1249 1379 1358 1414 publico
1374 1383 1416 1406 est
1435 1378 1501 1406 fisco
1520 1379 1632 1405 collata.
1653 1377 1808 1404 Verumille

1015 1426 1049 1453 ad
1064 1425 1209 1453 ecclesiam
1230 1425 1338 1460 fugiens
1354 1424 1477 1452 salvatus
1492 1428 1543 1451 est.
1559 1423 1641 1451 Facta
1658 1428 1699 1450 est
1714 1427 1806 1451 autem

1016 1471 1170 1499 mortalitas
1187 1474 1264 1498 vas‘la
1293 1470 1322 1498 in
1341 1470 1438 1498 Cilicia
1455 1473 1479 1497 et
1497 1469 1642 1497 Anazarbo
1665 1473 1692 1496 et
1710 1469 1807 1496 Antio-

1015 1517 1077 1546 chia
1092 1524 1202 1552 magna,
1221 1524 1327 1544 necnon
1346 1519 1373 1544 et
1390 1520 1470 1544 terrm
1488 1520 1598 1547 motus;
1616 1519 1643 1543 et
1666 1514 1808 1550 Congressi

1016 1567 1082 1592 sunt
1107 1562 1242 1590 adversus
1264 1563 1432 1589 alterutrum
1448 1561 1594 1589 orthodoxi
1612 1565 1639 1589 et
1654 1561 1808 1592 Seret'iani,

976 1620 999 1649 ο
1016 1614 1044 1638 et
1055 1609 1141 1637 multa
1158 1608 1309 1637 homicidia
1333 1607 1404 1635 facta
1417 1612 1482 1636 sunt
1496 1617 1503 1638 ς
1520 1611 1547 1635 et
1563 1607 1647 1635 misso
1659 1608 1810 1642 imperator

1016 1656 1165 1684 Zimarelto
1180 1655 1282 1683 comite
1303 1653 1426 1682 Orientis
1446 1653 1568 1681 inhibuit
1584 1653 1766 1684 inordinatos.
1783 1657 1810 1679 ct

1016 1701 1120 1729 multos
1141 1700 1169 1727 in
1194 1699 1324 1727 exsilium
1353 1697 1428 1725 misit
1457 1701 1484 1726 et
1506 1698 1657 1733 publicavit
1675 1705 1707 1725 ae
1724 1704 1809 1724 mem-

1016 1747 1075 1775 bris
1090 1745 1258 1774 debilitavit.

1052 1791 1146 1820 Mundi
1161 1798 1234 1818 anno
1243 1790 1324 1822 605i,
1337 1789 1437 1816 divinat
1449 1788 1649 1816 incarnationis
1662 1796 1735 1816 anno
1745 1788 1809 1819 53.1,

1016 1837 1158 1866 tricesimo
1169 1837 1267 1872 quinto
1282 1835 1390 1870 imperii
1409 1834 1559 1863 Justiniani
1584 1839 1751 1869 anno-capta
1767 1839 1811 1861 est

1016 1884 1110 1912 Hobes
1129 1884 1228 1912 civitas
1246 1883 1280 1910 ab
1292 1881 1417 1909 Hunnis:
1434 1885 1461 1909 et
1476 1881 1552 1909 misit
1571 1880 1720 1916 imperator
1735 1880 1809 1908 Mar-

1017 1930 1118 1959 cellum
1133 1929 1296 1964 magistrum
1313 1927 1431 1955 militum
1444 1934 1507 1954 eum
1523 1927 1645 1956 exercitu
1666 1927 1762 1959 multo,
1779 1931 1811 1955 ut

1017 1976 1135 2011 eriperet
1146 1974 1297 2003 civitatem.
1696 2006 1704 2011 _

1053 2020 1209 2048 Tricesimo
1225 2024 1304 2048 sexto
1323 2021 1431 2054 imperii
1450 2019 1602 2048 histiniani
1616 2027 1689 2047 anno
1706 2024 1809 2055 tropm

1019 2070 1155 2095 venerunt
1180 2073 1196 2094 a
1230 2067 1315 2094 Roma
1340 2065 1436 2095 Narsis
1465 2066 1593 2102 patricii,
1627 2065 1812 2100 significantia

1020 2110 1273 2147 comprehendisse
1296 2111 1374 2138 illum
1405 2111 1488 2139 urbes
1507 2111 1628 2138 munitas
1659 2110 1812 2138 Gothorum

1020 2159 1100 2190 duas,
1112 2157 1250 2185 Veronam
1270 2157 1376 2185 scilicet
1390 2162 1417 2185 et
1433 2156 1568 2184 Brixiam.
1596 2156 1732 2184 Vieesima
1747 2164 1814 2185 vero

1021 2204 1118 2240 quinta
1141 2204 1186 2232 die
1205 2203 1367 2231 Nevembris
1388 2204 1493 2231 mensis
1511 2211 1573 2230 sero
1594 2203 1711 2230 insidias
1726 2203 1812 2230 medi-

1023 2251 1072 2278 tati
1099 2254 1164 2278 sunt
1193 2250 1326 2285 quidam,
1360 2254 1390 2277 ut
1422 2249 1580 2277 occiderent
1607 2248 1812 2283 imperatorem.

176 2296 281 2324 cesimo
300 2295 423 2322 secundo
438 2294 545 2329 imperii
561 2293 710 2322 Iustiniani
724 2301 797 2321 anno
811 2293 965 2321 aediﬁcatus
983 2302 1005 2330 ι)
1022 2297 1108 2324 Erant
1131 2302 1222 2323 autem
1250 2295 1385 2322 Ablabius
1404 2299 1431 2322 ct
1455 2294 1602 2321 Marcellus
1630 2294 1812 2327 pecuniarum

175 2346 218 2369 est
229 2340 327 2368 trullus
347 2340 450 2375 Magn-ae
470 2341 595 2368 ecclesia:
620 2340 873 2375 Constantinopoli,
892 2341 968 2367 exal-

174 2390 250 2414 tatus
271 2387 332 2422 plus
347 2387 443 2421 viginti
462 2387 577 2421 pedibus
605 2387 633 2414 in
663 2387 861 2421 superioribus
885 2393 968 2420 supra

176 2433 322 2461 adificium
333 2433 406 2469 quod
418 2437 496 2460 antea
513 2432 612 2460 fuerat.

215 2480 367 2509 Tricesimo
382 2481 464 2508 tertio
480 2480 588 2515 imperii
602 2479 645 2507 sui
659 2487 732 2507 anno
748 2479 834 2515 ccepit
850 2479 969 2514 impera-

1022 2342 1149 2370 venditor
1173 2344 1200 2368 et
1216 2339 1340 2374 Sergius.
1365 2339 1506 2366 Mcditatio
1522 2342 1613 2365 autem
1636 2346 1732 2365 eorum
1754 2343 1814 2365 erat

1023 2386 1182 2421 hujusmodi
1201 2393 1286 2413 zeum
1307 2385 1409 2413 sederit
1430 2385 1457 2411 in
1475 2384 1598 2411 triclinio
1620 2391 1695 2417 sero,
1721 2383 1813 2419 prius-

1023 2440 1105 2468 quam
1124 2431 1282 2460 discedendi
1303 2431 1414 2458 licentia
1430 2431 1520 2463 detur,
1533 2429 1661 2457 oecidant
1675 2437 1749 2462 eum,
1765 2429 1813 2456 ha-

1024 2479 1122 2507 bentes
1144 2477 1271 2505 homines
1289 2485 1355 2505 suos
1372 2477 1425 2505 sibi
1443 2481 1623 2512 eooperantes
1635 2475 1730 2509 ludos,
1751 2475 1814 2504 abs-

925 2540 927 2545 ’
939 2546 1053 2575 Νοτίε.

215 2598 270 2635 (54)
287 2597 511 2635 ξναιιάὶἱεηΗὶδι.
524 2596 603 2635 mi_sc.
614 2606 623 2622 ‹
635 2596 777 2635 Prandeis.
792 2605 800 2622 ι
820 2595 966 2635 Promotus

177 2630 230 2661 ms‘.
248 2630 274 2660 in
289 2633 473 2660 Grammatica
492 2640 499 2658 :
520 2641 529 2658 ‹
553 2631 707 2659 Prandeum
721 2631 822 2659 dicitur
841 2630 965 2666 quaedam

177 2677 258 2700 mna,
269 2669 341 2702 quod
357 2669 384 2695 in
395 2668 455 2695 Vita
470 2668 499 2695 Β.
510 2668 595 2695 Alcxii
609 2667 739 2701 reperies.
753 2676 762 2692 ι
774 2667 839 2694 Item
852 2665 864 2693 ξ
883 2675 892 2692 ι
914 2665 965 2692 Fa-

176 2705 336 2739 citergium,
349 2703 452 2738 togilla,
468 2710 579 2739 mappa,
598 2702 888 2739 mappulla,’gausape,
899 2708 966 2728 ova-

178 2739 262 2771 rinm,
276 2740 408 2771 mensale,
428 2738 641 2772 manutergium,
671 2738 834 2773 prandeum,
855 2744 966 2773 Amanu-

178 2774 334 2806 Inundium,
351 2771 568 2808 manupiarium.
592 2782 601 2799 ›
619 2771 780 2808 Anonymus
802 2772 830 2799 in
855 2771 916 2808 Vita
935 2771 964 2799 S.

178 2809 305 2844 Gregorii
322 2818 330 2836 :
348 2819 357 2835 ε
376 2807 528 2836 Particulas
547 2808 659 2835 brandei
684 2807 735 2843 (sic
761 2807 876 2844 legitur),
890 2814 967 2840 repe-

179 2849 286 2872 rerunt.
301 2845 379 2878 Quod
394 2845 520 2872 videntes
533 2844 613 2877 legati
626 2843 804 2871 vehementer
816 2843 879 2870 irati
892 2845 967 2874 sunt,

179 2880 305 2908 dicentes
320 2880 446 2908 dominos
462 2887 528 2907 suos
551 2879 744 2913 pulcherrimis
772 2878 864 2913 palliis
879 2878 969 2904 abun-

181 2915 260 2948 dare,
273 2923 305 2942 ac
318 2923 366 2950 per
383 2915 434 2942 hoc
455 2915 642 2950 Ruiuanorum
657 2914 759 2950 vilibus
775 2913 968 2950 p_randcis_r_ion

183 2947 273 2986 cgere.
295 2960 304 2978 ι
318 2947 528 2987 'Sangallcnsis,
546 2950 564 2978 l.
582 2958 601 2977 ιι
620 2949 658 2977 De
681 2949 759 2985 gestis
776 2947 872 2977 Caroli
899 2947 937 2974 λι.
959 2954 970 2975 :

1024 2603 1034 2619 ‹
1055 2594 1178 2627 (Iamque
1196 2591 1375 2620 tenuissimas
1390 2591 1450 2619 illas
1466 2590 1607 2627 pelligilas
1619 2589 1814 2627 veltenuiores

1020 2623 1157 2656 brandeas
1169 2628 1314 2655 extrahere
1327 2623 1489 2661 ccepissent.
1509 2635 1517 2652 ι
1537 2625 1720 2658 Flodoardus,
1739 2623 1813 2651 Ilist.

1021 2665 1095 2691 Rem.
1125 2671 1152 2696 ι,
1181 2662 1216 2689 20
1235 2670 1242 2688 :
1263 2671 1273 2687 ι
1296 2660 1404 2693 Corpus
1426 2661 1551 2696 ejusdem
1587 2660 1673 2688 rubeo
1706 2663 1815 2687 constat

1021 2699 1144 2727 brandeo
1160 2698 1297 2725 indutum.
1319 2706 1328 2723 ι
1349 2697 1433 2725 Ριιωι.

1056 2735 1114 2770 (55)
1128 2733 1309 2770 -υἰῇιιηηιιιιηλ
1331 2737 1380 2770 est.
1402 2732 1507 2770 Gulussae
1528 2740 1535 2759 :
1552 2740 1564 2770 μ
1584 2729 1745 2770 διιαφημίξω
1759 2729 1814 2770 dif-

1019 2764 1246 2802 fatno,'dev'ulgo.
1263 2764 1421 2802 pet-vulgo.»
1441 2765 1532 2794 Utitur
1546 2766 1686 2802 A_pnleius.
1755 2764 1814 2802 Λιι-

1019 2799 1163 2840 gustinus.
1180 2799 1217 2840 De
1234 2799 1290 2840 Ci'v.
1307 2799 1373 2835 Dei,‘
1382 2810 1420 2840 vt,
1443 2801 1501 2840 ίρέ
1512 2810 1532 2840 *ς
1554 2800 1622 2840 Tam
1636 2799 1739 2840 grandi.
1756 2799 1812 2840 glo-

1021 2834 1061 2867 ria
1077 2839 1223 2866 diiiamari.
1244 2848 1253 2864 ι
1269 2834 1432 2866 Anastasius
1461 2836 1623 2864 Bibiiothec.
1640 2834 1670 2863 in
1691 2834 1816 2869 Epistola

1022 2878 1054 2901 ad
1072 2874 1219 2901 Martinum
1239 2873 1326 2908 episc.
1343 2873 1428 2900 Nam.
1445 2881 1451 2899 :
1469 2881 1478 2897 ι
1502 2871 1622 2908 Potni‘ei
1647 2870 1816 2908 scribere-ac

1022 2910 1196 2973 innotescere
1215 2905 1306 2937 omnia
1328 2916 1389 2944 qua:
1411 2908 1444 2936 de
1463 2908 1523 2943 ipso
1548 2905 1779 2934 diiiamabantur.
1801 2912 1814 2931 ι

1034 2953 1060 2972 1".

1034 2953 1060 2972 1".
