2035 3153
260 203 268 234 l
275 205 324 236 367

812 205 1012 236 ANASTASII
1032 205 1346 238 BIBLIOTIIECARII

1827 206 1898 240 1268

259 261 385 288 conditos
411 260 438 287 in
473 259 632 287 Silentiario
660 263 686 287 et
714 259 740 287 in
771 261 945 296 Archaugelo
970 266 996 289 et
1020 261 1047 288 in
1063 263 1277 300 AJustinianus
1305 262 1410 297 imperii
1436 262 1478 289 sui
1507 262 1649 291 tricesimo
1680 261 1798 296 septimo
1822 270 1897 290 anno

258 307 361 339 Curru,
380 311 409 333 nt
433 314 496 333 cum
514 307 586 334 facta
611 306 694 334 fuerit
713 307 891 339 machinatio,
913 307 1050 335 turbatio-

259 361 320 381 nem
346 353 461 380 faciant.
485 352 573 380 Porro
597 353 668 380 idem
692 352 826 381 Ablabius
848 354 931 382 etiam
952 361 1049 382 aurum

259 400 365 435 accepit
381 407 396 426 a
412 399 541 427 Marcello
563 399 668 435 argenti
694 400 848 432 venditore,
871 400 956 428 libras
969 401 1050 435 quin-

258 450 365 481 gentas,
384 451 412 473 ut
425 446 477 474 sibi
496 450 703 480 conpararetur.
726 445 779 473 Sed
795 446 848 473 Deo
863 446 972 474 volente
983 447 1048 474 fisus

258 496 300 519 cst
325 492 459 519 Ablabius
479 491 599 519 Eusebio
619 492 776 525 exconsuli,
802 492 847 527 qui
872 498 933 521 erat
954 500 1049 520 comes

259 538 468 568 foederatorum,
496 541 522 565 et
551 536 649 565 Joanni
683 537 840 573 logotheta‘,
867 539 962 566 dicens
984 538 1049 573 quia

259 583 340 611 hodie
366 584 473 618 vesperi
494 582 623 610 volturnus
647 575 842 619 imperatorem
860 585 983 619 aggredi.
997 585 1048 619 Qui

258 638 320 657 cum
333 630 385 657 hoc
401 630 579 658 nuntiassent
600 630 774 665 imperatori,
793 631 880 657 tenuit
894 638 952 661 eos,
965 635 992 658 et
1006 631 1048 658 in-

258 674 331 702 venit
349 674 410 702 illos
425 674 544 702 ferentes
557 674 736 702 absconditos
750 674 867 709 gladios.
887 675 919 702 Et
935 674 1049 703 Marcel-

259 721 301 750 lus
323 720 433 757 quidem
458 721 565 755 argenti
594 721 733 753 venditor,
762 729 811 756 spe
839 721 1002 754 frustratus,
1022 726 1049 748 et

258 767 574 802 exemptoghtdioqucm
591 767 731 801 portabat,
747 766 822 794 dedit
837 767 890 794 sibi
909 771 964 795 tres
977 767 1048 795 ictus

259 815 285 840 in
305 813 425 841 triclinio
443 814 672 848 comprehensus,
689 818 715 840 et
728 815 854 841 moritur.
871 814 982 849 Sergius
998 821 1049 841 au-

259 866 312 888 tem
331 860 400 896 fugit
420 860 453 888 ad
474 859 653 892 Blachcrnas,
674 868 729 895 quo
751 860 849 888 educto
870 860 904 888 ab
920 861 1048 892 ecclesia,

257 912 284 934 et
311 907 496 941 interrogato,
517 913 680 941 persuasum
691 910 732 933 est
749 906 774 933 ei
793 906 916 934 confiteri
936 906 1008 941 quod
1023 910 1049 933 et

257 952 363 980 Isacius
384 952 490 987 argenti
514 952 641 979 venditor
655 956 682 979 et
709 951 860 979 Belisarius
881 952 1050 987 gloriosissi-

258 1007 319 1026 mus
336 998 468 1033 patricius
485 998 614 1026 conscius
635 997 793 1033 hujusmodi
808 994 894 1025 fuerit
907 998 1050 1025 machina-

258 1042 354 1075 menti,
377 1046 404 1069 et
420 1041 515 1069 Victus
537 1042 714 1076 pecuniarum
742 1042 871 1069 venditor
894 1047 921 1069 et
947 1041 1049 1069 Paulus

257 1093 370 1116 curator
389 1087 514 1122 ejusdem
536 1087 662 1115 Belisarii
687 1087 831 1114 consilium
850 1087 975 1114 scierint.
997 1087 1049 1121 Qui

258 1133 449 1169 comprehensi
468 1138 496 1160 et
518 1133 610 1160 traditi
632 1132 768 1167 Procopio
786 1132 914 1168 praefecto
929 1133 1050 1161 confessi

258 1184 333 1212 sant,
351 1184 378 1207 et
398 1179 527 1207 dixerunt
543 1179 577 1206 de
593 1178 737 1210 Bclisario,
755 1179 802 1213 qui
824 1186 886 1205 mox
906 1178 995 1205 factus
1008 1182 1050 1206 est

259 1225 434 1261 imperatoris
460 1225 512 1253 sub
530 1225 583 1253 ira.
604 1224 680 1251 Multi
705 1232 770 1252 vero
783 1228 810 1251 et
834 1224 896 1260 fuga
916 1224 958 1251 ttsi
974 1229 1048 1252 sunt.

259 1273 365 1300 Interea
378 1273 473 1307 quinta
490 1272 534 1299 die
561 1271 664 1299 mensis
696 1271 849 1298 Decembrii
875 1272 939 1298 fecit
960 1272 1047 1306 impc-

258 1323 334 1348 rator
360 1318 512 1351 silentium,
537 1318 679 1345 adducens
704 1321 730 1344 et
757 1317 942 1352 patriarchatn
965 1317 1050 1353 Euty-

258 1365 362 1397 chium,
375 1369 402 1392 et
418 1365 518 1397 jubens
535 1371 629 1392 eorum
649 1364 758 1391 recitari
781 1363 1050 1396 ronfessiones.Quo

260 1411 355 1439 audito
379 1410 528 1439 Belisarius
551 1410 653 1445 ingenti
670 1414 712 1437 est
731 1418 849 1437 maerore
867 1414 1007 1445 gravatus,
1024 1413 1051 1436 et

261 1458 372 1486 mittens
397 1456 548 1492 imperator
571 1456 780 1490 comprehendit
802 1464 898 1484 omnes
927 1456 1050 1483 homines

260 1503 330 1536 ejus,
354 1506 381 1530 et
407 1502 496 1537 ipsum
520 1501 594 1529 domi
618 1501 714 1529 sedere
741 1501 872 1536 przecepit
895 1502 1051 1529 custodien-

260 1549 338 1575 dum.
361 1547 468 1574 Interea
480 1555 576 1575 mense
594 1545 769 1579 Dercmbrio,
786 1547 917 1574 vicesima
935 1547 989 1580 dic,
1008 1547 1050 1574 fa-

261 1598 304 1621 cta
317 1597 382 1620 sunt
397 1593 519 1620 cneaznia
538 1592 777 1627 Constantinopoli
802 1592 909 1628 Magna:
925 1593 1050 1621 ccclesim

261 1639 393 1667 secundo.
413 1638 498 1666 Porro
514 1638 615 1673 vigilia:
634 1639 792 1666 eorumtlcm
809 1638 993 1665 cncmniorum
1010 1638 1050 1665 fa-

261 1691 311 1713 cta:
330 1689 395 1713 sunt
408 1685 480 1720 apud
497 1684 526 1712 S.
544 1684 697 1718 Platonem,
714 1689 739 1711 ct
755 1685 838 1712 exivit
855 1685 917 1712 inde
931 1685 1051 1720 patriar-

261 1732 312 1759 t-ha
324 1731 599 1765 Constantinopoleos
619 1730 771 1766 Entychius
787 1738 849 1758 cmn
871 1731 969 1759 lctania
982 1738 1051 1766 prae—

261 1783 338 1806 senlc
348 1779 524 1813 imperatore,
541 1777 640 1805 sedens
655 1778 681 1804 in
699 1777 792 1804 eodem
808 1777 932 1805 vehicqu
945 1780 972 1804 et
987 1784 1051 1812 por-

261 1830 322 1853 tans
364 1825 547 1859 apostolicum
579 1823 701 1852 habitum
731 1829 759 1851 et
787 1827 886 1851 tenens
925 1828 1049 1852 sanctum

262 1873 449 1907 Evangelium,
474 1872 582 1899 cunctis
601 1871 805 1906 psallentihns:
825 1871 922 1898 Tollite
946 1876 1047 1906 portas.

263 1918 362 1946 Eodem
379 1925 471 1945 mense
485 1921 572 1952 capta:
587 1922 651 1944 sunt
667 1917 791 1952 qumdam
812 1921 905 1952 partes
920 1917 1020 1948 Afrifcaa
1035 1925 1050 1944 a

261 1964 422 1991 Mauritanis
451 1963 658 1997 insurgentibus
686 1963 818 1991 adversus
836 1963 958 1992 Africam
985 1964 1048 1990 ita:

260 2011 392 2038 Cutziuas
421 2010 531 2037 nomine
546 2009 658 2044 quidam
676 2017 708 2037 ex
732 2010 791 2044 ipsa
810 2015 890 2044 gente
912 2010 1049 2038 exarchus

261 2057 476 2085 Mauritanorum
501 2056 620 2084 habebat
641 2056 870 2084 consuetudinem
897 2055 1049 2091 accipiendi

260 2113 275 2130 a
293 2104 416 2138 principe
445 2102 554 2134 Africae,
577 2102 623 2137 qni
647 2109 697 2136 per
722 2107 828 2136 tempus
849 2105 919 2134 erat,
944 2105 1047 2129 certam

260 2150 440 2184 quantitatem
454 2148 525 2175 auri.
544 2148 611 2175 Ctnn
627 2153 716 2175 autem
736 2148 857 2175 venisset
871 2151 899 2174 ut
912 2147 1049 2183 acciperet

261 2195 340 2226 illud,
360 2193 480 2221 Joannes
493 2193 622 2228 princeps
644 2192 742 2220 Africa:
754 2192 855 2220 occidit
874 2201 946 2220 eum.
963 2193 1048 2221 Porro

261 2241 472 2268 insurrexerunt
499 2238 544 2265 lilii
568 2237 691 2266 Culzinzc
715 2237 889 2266 vindicantes
904 2244 1046 2275 paternum

258 2293 412 2322 acceptum,
439 2290 466 2314 ct
486 2285 570 2314 erecti
610 2289 706 2312 contra
733 2284 808 2311 illam
836 2289 968 2320 ceperunt
986 2284 1047 2319 ejus

259 2338 351 2369 partes
369 2334 476 2368 aliquas
494 2332 691 2367 deprtcdantes.
718 2331 869 2365 Imperator
889 2331 981 2366 itaque
996 2332 1047 2358 hoc

258 2381 351 2417 agnito
370 2379 445 2408 misit
465 2379 491 2406 in
507 2379 638 2406 auxilium
655 2378 752 2405 Africae
763 2377 932 2405 Marcianum
954 2378 1047 2414 magi-

258 2432 345 2456 strum
355 2427 617 2460 militmn,uepotcm
634 2431 726 2456 suum‘,
737 2431 799 2451 eum
815 2424 938 2452 exercitu
952 2425 984 2451 ad
999 2432 1047 2458 pa-

258 2475 408 2503 cificandos
419 2473 529 2500 Mauros
542 2480 550 2502 '.
566 2477 593 2500 et
608 2471 801 2498 confluxerunt
813 2471 845 2498 ad
866 2479 939 2503 eum,
952 2471 1047 2504 sicque

258 2530 324 2556 pace
342 2521 425 2556 potita
447 2526 487 2547 est
501 2519 603 2546 Africa.
621 2518 723 2546 Eodem
735 2518 967 2552 annoimpcrator
983 2517 1046 2552 qni-

258 2567 372 2595 bnsdam
387 2565 558 2593 turbationes
573 2563 813 2598 Constantinopoli
828 2562 1045 2594 concitantibus,

258 2614 370 2649 pollices
395 2611 513 2639 abscidit
531 2618 626 2638 eorum
654 2610 788 2636 duntaxat
803 2609 848 2644 qui
869 2617 929 2636 eum
948 2609 1047 2644 gladiis

258 2664 458 2698 pugnaverunt.
481 2659 665 2686 Nonadecima
690 2667 755 2685 vero
772 2658 815 2685 die
831 2657 920 2684 Martii
943 2658 1047 2685 mensis

257 2708 397 2735 admissus
410 2711 451 2733 est
471 2706 621 2733 Belisarius
637 2705 770 2740 patricius
783 2705 902 2738 receptis
917 2705 1047 2732 onmibus

257 2754 438 2790 dignitatibus
466 2753 535 2780 suis.
569 2752 669 2780 Eodem
697 2759 770 2778 anno
800 2755 934 2778 venerunt
965 2751 1046 2786 legati

261 2800 359 2828 Ascelti
375 2799 448 2835 regis
459 2798 717 2831 Ermechionorum,
732 2798 779 2833 qui
795 2797 902 2833 positus
917 2801 958 2825 est
974 2797 1046 2824 intra

259 2846 441 2874 Itan-barorum
464 2850 572 2879 gentem
592 2845 668 2879 juxta
684 2844 836 2877 Oceanum,
850 2843 1047 2871 Constantino—

261 2893 354 2928 polim.

295 2940 387 2968 Mundi
400 2942 560 2969 annoGOEiG.
574 2941 671 2967 tlnina:
688 2939 780 2967 incum
793 2938 883 2967 dionis
897 2946 968 2966 anno
983 2939 1045 2973 556,

1064 1619 1084 1648 ε

1101 311 1224 344 perrexit
1249 317 1332 337 causa
1357 309 1493 336 orationis
1522 309 1556 335 ad
1584 308 1779 344 Myriangelos,
1804 308 1830 336 id
1851 313 1895 336 est

1101 355 1237 386 Germias,
1265 355 1360 382 urbem
1379 355 1503 382 Galatia.
1527 353 1693 381 Novemlirio
1717 360 1784 380 vero
1801 361 1897 381 mense

1101 400 1226 428 introivit
1248 400 1411 436 Byzantium
1434 400 1551 428 Arethas
1571 399 1706 434 patricius
1725 402 1753 427 et
1766 399 1898 434 princeps

1101 448 1190 475 tribus
1212 446 1428 477 Saracenorum,
1445 447 1535 474 debita
1553 445 1662 474 deferre
1681 445 1842 480 imperatori
1864 447 1897 473 li-

1101 494 1199 522 Iiorum
1213 501 1326 521 suorum
1340 493 1423 521 debiti
1444 492 1571 529 gratiam,
1587 497 1617 519 nt
1633 491 1741 520 scilicet
1757 495 1820 526 post
1834 491 1897 520 obi-

1101 543 1158 566 tum
1173 547 1252 566 suttm
1274 544 1400 567 tenerent
1416 538 1599 573 principatum
1614 537 1705 565 tribus
1723 543 1791 564 sua.

1137 585 1289 613 Tricesimo
1308 590 1408 613 octavo
1430 583 1539 619 imperii
1554 583 1704 610 Justiuiani
1719 589 1792 610 anno
1807 582 1895 618 Euty-

1101 633 1180 661 chius
1211 633 1369 668 patriarcha
1395 630 1724 664 Constantinopolitanus
1751 628 1899 663 depositus

1101 683 1142 707 est
1155 684 1183 706 et
1199 679 1225 705 in
1241 678 1370 706 exsilium
1381 677 1507 705 missusa
1520 674 1677 704 Justiniano
1691 673 1720 700 in
1735 672 1874 700 Amasiam
1887 680 1895 704 ;

1100 729 1128 752 et
1148 725 1237 753 factus
1260 728 1303 752 est
1317 731 1367 760 pro
1380 731 1413 751 eo
1436 722 1557 750 Joannes
1573 729 1606 749 ex
1628 718 1817 752 scholasticis,
1831 726 1895 746 cum

1100 776 1174 799 esset
1188 771 1386 806 apocrisiarius
1402 769 1553 797 Antiochia:
1573 774 1682 802 magna
1703 770 1731 794 et
1751 765 1898 801 presbyter

1100 818 1221 852 ejusdem
1233 817 1368 845 ecclesias.
1388 815 1488 843 Eodem
1502 822 1575 841 anno
1589 813 1763 841 Justinianus
1775 812 1897 846 impera-

1102 870 1143 892 tor
1163 864 1197 892 de
1217 863 1391 898 corruptibili
1416 866 1444 890 et
1471 860 1674 896 incorruptibili
1694 859 1793 894 dogma
1819 865 1897 885 com-

1101 919 1226 942 movens,
1242 910 1333 938 edicto
1349 909 1451 943 ubique
1468 908 1558 935 alieno
1572 915 1586 933 a
1605 906 1706 942 pietate
1718 903 1896 935 transmisso,

1066 945 1087 971 Β
1102 957 1157 984 Deo
1173 959 1384 991 prtcoccnpante
1405 954 1553 981 defunctus
1570 955 1623 984 est,
1649 958 1710 978 cum
1734 949 1898 984 imperasset

1101 1002 1214 1038 triginta
1243 1006 1307 1029 octo
1338 1001 1429 1032 annis,
1458 998 1602 1027 mensibus
1620 1001 1726 1032 septem
1748 999 1776 1023 et
1797 995 1898 1022 diebus

1101 1049 1244 1083 tredecim,
1259 1053 1286 1076 et
1300 1047 1417 1075 edicitur
1438 1046 1521 1081 hujus
1543 1051 1689 1072 successor
1703 1042 1830 1070 Justinus
1843 1049 1897 1069 cu-

1100 1096 1251 1130 ropolates.
1274 1095 1376 1122 Eodem
1401 1101 1475 1121 anno
1498 1090 1686 1119 Tlteodosiani
1711 1093 1738 1117 et
1760 1087 1898 1123 Gajanitse

1102 1143 1173 1178 apud
1201 1140 1396 1169 Alexandriam
1423 1140 1561 1167 aediﬁcare
1592 1139 1737 1171 ceperunt
1761 1135 1898 1163 concilia-

1100 1189 1176 1220 bula,
1192 1191 1217 1215 et
1232 1186 1411 1222 praevalentcs
1426 1185 1560 1220 Gajanitaa
1573 1183 1734 1219 episcopum
1753 1180 1806 1208 sibi
1827 1187 1898 1208 con-

1101 1235 1280 1260 secraverunt
1293 1230 1447 1265 Ilelpitlium
1461 1228 1687 1256 archidiaconum
1700 1234 1800 1258 suum;
1811 1233 1898 1260 quem

1102 1280 1252 1314 imperator
1267 1279 1389 1305 vinctum
1413 1276 1510 1304 venire
1526 1274 1667 1310 praecepit.
1681 1273 1810 1307 Cumque
1822 1272 1899 1299 veni-

1101 1330 1143 1353 ret
1168 1333 1216 1360 per
1241 1324 1352 1360 Segrin,
1372 1329 1498 1351 mortuus
1522 1326 1574 1357 est.
1601 1321 1688 1349 Porro
1709 1319 1899 1347 Theodosiani

1102 1372 1268 1399 Dorotheum
1278 1370 1386 1398 occulte
1396 1373 1481 1398 noctu
1494 1369 1657 1404 episcopum
1675 1366 1728 1394 sibi
1746 1366 1897 1393 ordinave-

1103 1421 1178 1448 runt,
1196 1417 1260 1444 etin
1279 1423 1365 1443 unum
1381 1415 1577 1442 convenientes
1591 1417 1646 1441 tam
1661 1412 1797 1446 Gajanitm
1811 1418 1899 1445 quam

1103 1463 1285 1491 Theodmiani
1305 1469 1480 1489 communem
1501 1460 1663 1496 episcopum
1685 1457 1738 1486 sibi
1759 1456 1899 1484 inthroni-

1102 1513 1244 1537 laverunt.
1267 1508 1416 1543 Cujusdam
1436 1512 1528 1535 autem
1549 1506 1657 1534 abbatis
1688 1504 1804 1532 barbam
1826 1502 1902 1538 pelle

1103 1560 1131 1583 ct
1149 1563 1234 1583 carne
1257 1554 1482 1582 decoriavcrunt.
1505 1552 1608 1580 Taliter
1635 1551 1828 1579 haereticomm
1847 1549 1901 1576 de-

1104 1602 1205 1629 mentia
1226 1609 1321 1636 gerere
1340 1599 1497 1632 consuevit,
1511 1599 1581 1626 adeo
1599 1602 1628 1626 ut
1648 1605 1680 1626 ea
1695 1605 1756 1632 qua:
1772 1603 1900 1632 pagano-

1103 1655 1163 1675 rum
1178 1652 1244 1675 sunt
1259 1647 1400 1674 multoties
1417 1650 1574 1681 operentur.

1138 1692 1230 1720 Mundi
1242 1699 1315 1721 anno
1331 1691 1416 1725 6058,
1423 1691 1524 1719 divinae
1537 1689 1739 1718 incarnationis
1748 1695 1822 1715 anno
1831 1688 1899 1719 558,

1101 1737 1222 1766 Joannes
1246 1737 1376 1764 Romana:
1397 1741 1496 1772 przcest
1511 1735 1652 1763 Ecclesiae.
1664 1734 1791 1762 Justinus
1809 1733 1899 1767 impe-

1103 1788 1156 1816 rat,
1173 1791 1258 1818 nepos
1276 1783 1436 1814 Justiniani,
1453 1786 1604 1810 coronatus
1618 1789 1632 1808 a
1651 1781 1757 1809 J'oanne
1773 1780 1901 1815 patriar-

1102 1830 1164 1857 cha.
1179 1829 1245 1856 Erat
1261 1832 1353 1856 autent
1368 1828 1481 1856 natione
1492 1827 1595 1860 Thrax,
1604 1826 1799 1862 magnanimus
1812 1829 1902 1860 atque

1101 1877 1135 1904 ad
1157 1875 1249 1904 omnia
1268 1881 1393 1910 prosper.
1407 1873 1530 1902 Habebat
1546 1877 1636 1901 autem
1656 1876 1684 1899 et
1702 1879 1815 1899 uxorem
1837 1871 1899 1897 So-

1103 1922 1195 1957 phiam
1207 1922 1329 1954 nomine,
1345 1928 1427 1956 quam
1445 1924 1475 1948 et
1489 1920 1632 1948 coronavit
1649 1919 1813 1954 Angustam.
1825 1919 1901 1945 Cum

1102 1973 1193 1996 autem
1213 1972 1288 1996 esset
1302 1967 1379 2002 pius,
1399 1966 1545 1994 adornaVit
1567 1965 1701 1995 ecclesias
1716 1972 1786 1999 quas
1808 1964 1900 1991 Justi—

1103 2012 1204 2040 nianus
1222 2010 1420 2043 acdiiicaverat,
1435 2014 1492 2037 tam
1516 2009 1644 2038 videlicet
1664 2009 1789 2043 Magnam
1803 2009 1899 2035 eccle-

1102 2059 1172 2088 siam
1189 2063 1218 2087 et
1231 2062 1344 2086 sanctos
1361 2058 1508 2093 apostolos
1519 2066 1602 2093 quam
1623 2057 1692 2085 alias
1718 2057 1853 2085 ecclesias
1868 2060 1900 2082 et

1102 2105 1284 2138 monasteria,
1305 2105 1413 2133 donans
1430 2105 1472 2132 cis
1487 2105 1635 2133 thesauros
1647 2108 1674 2131 et
1689 2111 1800 2131 onmem
1822 2103 1899 2129 redi-

1101 2157 1157 2180 tum
1172 2161 1180 2184 ;
1195 2155 1309 2187 eratque
1324 2151 1497 2179 orthodoan
1513 2150 1602 2182 valde,
1619 2154 1646 2178 et
1654 2150 1729 2176 misit
1746 2148 1898 2176 I‘Itolinum

1101 2199 1279 2232 monachum,
1304 2198 1459 2234 privignum
1481 2197 1606 2226 Belisarii
1635 2196 1756 2231 patricii,
1772 2196 1843 2223 dans
1869 2197 1896 2223 ei

1101 2249 1264 2281 potestatem
1290 2248 1386 2272 contra
1413 2252 1521 2272 omnem
1544 2251 1704 2279 personam,
1724 2248 1752 2270 et
1777 2250 1896 2269 causam

1065 2299 1085 2327 D
1101 2292 1264 2327 pacificandi
1288 2291 1426 2319 Eeelcsias
1438 2291 1581 2319 universas
1596 2290 1706 2325 z’Egypti
1722 2295 1752 2317 et
1773 2289 1896 2316 Alexan~

1100 2339 1176 2367 dria’.

1137 2385 1265 2413 Secundo
1287 2393 1360 2412 anno
1379 2384 1487 2419 imperii
1503 2383 1603 2411 Justini
1627 2382 1771 2410 Etherius
1790 2387 1817 2408 et
1835 2383 1895 2409 Au-

1100 2432 1172 2464 tlins,
1201 2439 1232 2459 ac
1248 2431 1372 2459 medictts
1400 2431 1446 2466 qui
1477 2437 1540 2458 cum
1572 2429 1640 2464 ipsis
1670 2436 1740 2460 erat,
1769 2428 1894 2455 insidiati

1100 2477 1266 2505 sunteidem
1282 2476 1440 2510 imperatori
1458 2474 1586 2507 Justino;
1611 2475 1657 2510 qui
1678 2474 1780 2510 cogniti
1803 2474 1894 2500 inter-

1101 2524 1164 2551 fecti
1183 2528 1248 2551 sunt
1262 2522 1364 2558 gladio.
1382 2522 1483 2549 Eodem
1507 2529 1581 2548 anno
1603 2521 1708 2555 Agatho
1725 2521 1892 2551 monachus,

1101 2569 1188 2597 frater
1216 2569 1378 2604 Apollinarii
1412 2568 1533 2603 episcopi
1559 2566 1749 2598 Alexandrini,
1777 2567 1894 2594 veniens

1101 2615 1296 2642 Alexandriam
1318 2622 1462 2641 sermones
1484 2614 1641 2646 habiturus,
1663 2617 1690 2640 ct
1711 2613 1892 2640 Eustochium

1100 2662 1278 2694 monachum,
1294 2661 1340 2696 qui
1353 2668 1469 2696 magnus
1485 2664 1582 2687 eratet
1595 2666 1757 2687 mconomus
1769 2658 1892 2685 Alexan-

1099 2707 1177 2741 drim,
1193 2708 1327 2734 custodito
1343 2706 1520 2741 mancipavit,
1534 2706 1580 2740 qui
1604 2712 1651 2739 per
1668 2708 1770 2731 tectum
1782 2704 1890 2739 fugiens

1100 2753 1175 2780 venit
1189 2753 1363 2788 Byzantium,
1380 2753 1500 2780 Macario
1518 2757 1584 2780 tunc
1605 2751 1723 2779 factione
1747 2751 1829 2787 pulso
1844 2759 1889 2776 cc-

1101 2799 1196 2833 clcsia,
1212 2804 1240 2826 et
1254 2804 1434 2838 consecratus
1448 2803 1491 2826 est
1520 2799 1684 2827 Eustocltins
1700 2805 1750 2833 pro
1770 2796 1891 2824 Macario

1099 2845 1246 2880 episcopus
1258 2845 1465 2880 Hierosolymis.

1136 2891 1228 2919 Terlio
1256 2892 1363 2926 imperii
1387 2891 1486 2919 .lnstini
1517 2899 1600 2922 anno,
1630 2890 1770 2919 accersitis
1787 2889 1889 2923 Sophia

1101 2939 1222 2974 piissith
1249 2939 1367 2974 Augusta
1387 2939 1564 2974 pecuniarum
1593 2936 1779 2965 tenditorihus
1793 2939 1819 2963 et
1838 2942 1888 2961 no—
