2035 3153
118 224 187 258 1269

506 224 690 254 HISTORIA
711 223 999 254 ECCLESIASTICA
1025 223 1077 253 EX
1096 221 1338 253 THEOPHANE.

1681 215 1752 247 I970

117 281 208 313 tariis,
221 280 305 316 jussit
320 279 421 308 deferri
432 280 574 307 cautiones
585 280 740 307 debitorum
757 285 783 307 ct
800 279 907 310 breves,
923 284 944 312 Α
961 279 1144 315 depopulatus
1162 282 1204 306 est
1219 277 1314 306 omnia
1330 283 1392 312 quae
1405 275 1432 302 in
1451 273 1575 310 partibus
1591 273 1645 301 illis
1659 279 1750 302 erant.

118 329 219 364 quibus
234 327 310 355 lectis
324 327 430 362 accepit
444 327 550 359 breves,
565 332 593 353 et
611 327 726 361 prmbuit
743 334 789 354 eos
805 326 908 354 debito-

119 377 207 407 ribus,
220 379 247 402 et
260 373 507 402 reddiditdominis
522 373 591 407 suis,
606 377 633 401 et
644 374 754 400 laudata
770 376 811 400 est
824 381 909 408 super

120 424 171 450 hoc
197 428 364 456 magnopere
387 420 421 447 ab
443 420 572 447 universa
595 420 717 447 civitate.
743 419 909 447 Eustochius

120 473 224 500 autem,
245 467 387 502 ingressus
415 465 648 501 Hierosolymam,
686 473 740 492 non
773 465 909 492 audienda

120 518 216 541 contra
241 511 442 548 Apollinarium
467 515 494 538 et
513 512 683 545 Agathonem
710 516 736 539 ct
760 511 908 539 Macarium

122 567 200 588 nova’.
224 560 320 587 Laurte
349 558 499 586 monachos
525 558 664 589 excitavit,
687 558 823 586 mentiens
848 558 910 585 illos

121 606 303 640 Origenistas.
318 604 350 632 Et
366 604 428 632 ideo
442 604 537 639 pulsus
551 610 602 637 est,
615 609 641 632 ct
659 604 757 632 iterum
766 604 911 632 restitutus

122 657 164 680 est
184 651 321 679 Macarius
339 651 366 678 in
380 651 478 679 throno
494 659 557 679 suo.

157 699 262 730 Quarto
292 697 399 734 imperii
431 697 535 725 Justini
557 705 629 724 anno
652 705 750 726 rursus
776 696 912 725 Macarius

126 743 325 779 Hierosolymis
351 743 496 779 praefertur
513 743 673 780 episcopus,
694 749 720 771 et
742 743 912 772 Alexandria:

122 790 243 819 Joannes
258 790 373 818 habetur
391 792 517 820 antistes.

159 837 262 870 Quinto
277 837 384 873 imperii
397 836 500 865 Justiui
516 845 599 870 anno,
616 844 678 864 cum
699 845 816 872 magnus
840 838 913 865 Anu-

123 883 227 911 stasius
251 883 438 911 Antiochcnus
461 884 609 919 episcopus
632 882 856 917 reprehendisset
886 883 912 910 in

122 928 269 963 rescriptis
293 928 487 963 synodicorum
503 927 635 956 Joannem
658 927 915 962 Constantinopoli—

960 325 1069 354 Tencns
1084 330 1174 352 autem
1191 332 1238 352 rex
1252 323 1354 351 Aretha
1367 325 1450 357 caput
1469 320 1584 353 Juliaui,
1600 324 1627 348 et
1643 319 1715 347 daus
1726 320 1757 348 ei-

961 372 1037 406 pacis
1055 371 1193 404 osculum,
1210 369 1316 397 dimisit
1332 376 1394 396 cum
1414 368 1441 395 in
1455 366 1540 394 multa
1561 365 1759 394 benevolentia.

960 418 1109 453 multisque
1124 416 1296 444 muneribus.
1311 415 1397 443 Porro
1411 414 1483 441 facta
1494 417 1575 441 estet
1590 412 1642 440 alia
1659 418 1751 443 causa,

960 472 1021 499 qua:
1049 464 1170 492 turbavit
1197 463 1351 490 Chosroen.
1381 460 1473 488 llunni
1495 460 1596 495 quippe
1618 465 1667 493 per
1686 456 1759 485 illud

961 516 1081 546 tempus,
1098 517 1168 546 quos
1183 509 1291 536 Tureos
1305 508 1398 536 dicere
1418 505 1624 538 consuevimus,
1638 503 1753 539 legatio-

962 565 1023 585 nem
1037 556 1160 592 dlrigunt
1177 555 1210 582 ad
1228 553 1377 585 Iustinum,
1394 560 1444 588 per
1453 551 1602 579 Alanorum
1614 549 1760 584 regionem-

962 604 1113 630 mittentes.
1130 603 1189 629 Hoc
1199 601 1301 629 timens
1313 600 1452 628 Chosroes
1463 597 1669 625 excusationem
1685 602 1755 630 pra:-

962 648 1101 681 lendebat,
1125 647 1302 676 rebellionem
1326 645 1521 673 Armeniorum
1549 644 1577 671 in
1599 651 1628 671 se
1655 643 1754 670 tactam

963 703 1013 730 per
1028 702 1181 727 accessum,
1209 700 1264 729 quo
1292 692 1401 721 Iustino
1432 690 1615 718 adhmserant.
1648 688 1702 716 Sed
1729 691 1759 715 et

964 740 1096 776 profugos
1113 740 1266 775 repetebat.
1281 737 1459 774 Impendebat
1475 736 1548 764 enim
1569 735 1756 762 Romanorum

965 787 1117 822 imperator
1147 793 1195 821 per
1226 785 1351 820 singulos
1373 790 1461 810 annos
1485 782 1651 817 quingentas
1671 779 1758 807 libras

965 821 1036 865 auri,
1054 836 1083 859 ut
1098 836 1199 864 castra,
1213 837 1273 866 quae
1287 830 1347 857 loco
1363 821 1488 864 proxima
1502 830 1593 860 erant,
1607 825 1695 853 Persae
1708 831 1757 851 cu—

965 879 1115 912 stodirent,
1133 886 1165 906 ne
1181 878 1313 912 ingressae
1328 879 1423 911 gentes
1436 877 1582 909 utramque
1598 880 1654 900 rem
1669 871 1759 907 publi-

966 934 1025 954 cam
1045 927 1232 958 destruerent,
1256 922 1506 956 communibusque
1533 918 1690 954 sumptibus
1713 925 1760 945 ca-

125 981 231 1007 lanum,
245 976 290 1010 qui
309 979 520 1004 consecraverat
537 974 670 1002 Joannem
683 974 908 1007 Alexandrinum,
928 981 948 1008 η
963 972 1043 1000 stella
1061 971 1268 999 muniebantur.
1285 969 1320 995 At
1334 975 1400 996 vero
1412 966 1539 995 Justinus
1554 972 1649 1000 pacem
1662 962 1761 991 dissol-

124 1023 152 1046 τι
173 1019 225 1047 hoc
251 1024 413 1047 consecrato
431 1019 528 1054 pulsus
550 1022 592 1046 est
614 1019 648 1046 ab
667 1018 785 1046 ecclesia
806 1025 854 1045 sua
867 1026 916 1053 per

125 1065 343 1100 indignationem
367 1065 480 1098 Justini,
496 1069 522 1092 et
545 1065 691 1093 ordinatus
705 1069 746 1092 est
763 1064 914 1099 Gregorius

127 1112 277 1139 monachus
303 1117 330 1140 et
358 1111 556 1147 apocrisiarius
577 1110 737 1138 monasterii
766 1109 915 1145 Byzantio-

126 1166 200 1184 rum.

163 1204 247 1231 Sexto
262 1202 366 1237 imperii
391 1202 493 1229 Justini
520 1209 592 1229 anno
609 1201 708 1229 Narses
731 1200 918 1228 cubicularius

127 1253 154 1276 et
173 1249 412 1284 protospatharius
429 1248 547 1276 dilectus
572 1247 746 1282 imperatoris
762 1247 918 1275 construxit

127 1296 239 1323 domum
251 1295 346 1322 Narsis
360 1299 384 1322 et
403 1294 601 1322 monasterium
617 1293 810 1321 Catharorum.

165 1341 288 1376 Septimo
307 1341 414 1376 imperii
435 1340 536 1368 Justini
560 1347 632 1367 anno
650 1340 763 1366 Romani
780 1346 811 1366 ac
830 1338 919 1367 Persae

128 1396 223 1424 pacem
239 1392 432 1423 corruperunt,
443 1391 470 1415 et
484 1387 583 1414 iterum
599 1386 737 1413 Persicum
758 1388 918 1412 renovatum

129 1438 173 1462 est
192 1435 290 1462 bellum
306 1443 339 1462 eo
354 1434 426 1470 quod
454 1433 600 1460 llomeritzc
625 1432 682 1459 ludi
706 1431 868 1466 legationem
887 1429 919 1456 ad

132 1481 270 1508 Romanos
295 1480 430 1513 miserint,
452 1483 478 1507 et
502 1479 651 1514 imperator
675 1477 814 1504 Iulianum
832 1475 919 1510 magi-

131 1527 266 1555 strianum
292 1535 352 1555 eum
373 1534 450 1554 saera
478 1525 659 1552 destinaverit
677 1524 710 1550 ad
728 1522 854 1550 Aretham
878 1529 920 1548 re—

131 1583 192 1611 gem
210 1575 370 1609 [Ethiopum
389 1581 436 1609 per
452 1572 544 1600 Nilurn
563 1572 675 1598 tluvium
702 1570 735 1597 ab
756 1568 920 1597 Alexandria

131 1629 159 1651 ct
175 1623 267 1650 Indico
288 1622 369 1653 mari,
396 1620 440 1655 qui
468 1623 594 1653 receptus
617 1621 660 1645 est
682 1617 716 1644 ab
735 1617 836 1643 Aretha
859 1623 922 1650 rege

133 1677 196 1695 rum
217 1668 316 1704 gaudio
339 1667 436 1699 multo,
460 1668 603 1700 appetente
620 1663 750 1690 nimirum
772 1662 920 1689 amicitiam
936 1653 958 1683 (ἶ

132 1714 320 1742 Romanorum
343 1712 528 1748 imperatoris.
551 1709 706 1737 Euarrabat
730 1712 831 1740 autem,
860 1716 921 1735 cum

133 1761 273 1793 rediisset,
302 1760 372 1787 idem
400 1758 537 1789 Julianus,
563 1756 636 1792 quod
658 1755 768 1790 quando
789 1753 923 1788 receperit

133 1812 196 1833 eum
215 1813 261 1833 rex
284 1805 399 1832 Arethas
421 1803 512 1830 nudus
528 1807 610 1834 esset,
628 1801 730 1828 habens
743 1800 847 1827 circum
865 1799 924 1826 cin-

134 1857 240 1880 cturam
253 1855 280 1879 et
294 1852 320 1878 in
333 1850 435 1879 lumbis
447 1850 519 1877 linea
530 1848 692 1876 vestimenta
707 1854 772 1873 auro
784 1848 922 1875 contexta,

135 1900 209 1926 circa
223 1902 345 1926 ventrem
363 1905 428 1925 vero
441 1895 566 1931 portabat
585 1894 742 1921 indumenta
758 1892 845 1920 scissa
861 1898 923 1919 cum

136 1944 293 1980 margaritis
309 1943 450 1979 pretiosis,
462 1946 489 1969 et
505 1942 531 1967 in
549 1939 668 1968 brachiis
681 1939 780 1974 quinos
794 1937 923 1969 circulos,

135 1995 164 2018 et
178 1990 301 2019 armillas
322 1996 419 2017 aureas
437 1988 463 2015 in
490 1986 617 2014 manibus
631 1986 700 2016 suis,
720 1985 747 2011 in
768 1983 859 2019 capite
876 1990 925 2009 au-

136 2042 190 2064 tem
208 2043 327 2071 pannum
347 2039 522 2071 geminatum,
539 2032 684 2059 habentem
705 2038 737 2058 ex
755 2034 872 2064 utroque
890 2029 923 2056 li-

138 2087 267 2118 gumento
293 2083 395 2117 plectas
424 2083 553 2114 quatuor,
573 2082 600 2105 et
619 2081 744 2112 torquem
763 2083 877 2103 aureum
899 2075 926 2102 in

137 2128 208 2156 collo
223 2135 285 2160 suo,
296 2131 323 2154 et
336 2126 426 2153 stabat
436 2132 518 2160 super
530 2127 650 2159 quatuor
663 2123 832 2157 elephantes,
850 2125 926 2150 stau-

138 2181 180 2203 tes
203 2179 229 2203 et
251 2174 384 2201 habentes
398 2172 494 2207 jugum
515 2174 542 2198 et
553 2174 630 2198 rotas
647 2173 775 2205 quatuor,
796 2174 823 2196 et
845 2174 927 2203 supe-

139 2223 198 2248 rius
215 2223 245 2248 ut
259 2226 368 2247 eurrnm
387 2217 538 2248 excelsum,
563 2216 682 2243 velatum
701 2215 801 2250 petalis
822 2215 928 2247 aureis,

139 2273 170 2294 ut
189 2270 254 2295 sunt
271 2265 425 2300 principum
447 2262 651 2298 provinciarum
668 2269 784 2295 currus;
807 2265 833 2288 et
853 2265 929 2288 stans

139 2320 223 2347 super
236 2312 297 2339 illos
315 2311 418 2338 ferebat
431 2314 539 2338 scutum
556 2309 748 2343 parvissimum
767 2307 929 2336 dcauratum

140 2364 168 2386 ιιι
182 2359 252 2386 duas
271 2357 408 2385 lanceolas
434 2365 545 2390 aureas,
567 2360 595 2383 et
624 2359 737 2383 senatus
762 2355 823 2390 ejus
840 2353 931 2381 omnis

141 2408 276 2432 eratcum
297 2403 393 2434 armis,
413 2407 544 2431 canentes
569 2401 773 2428 modulationes
797 2400 928 2428 musicas.

142 2451 317 2479 Introductus
334 2458 399 2485 ergo
411 2450 517 2484 legatus
536 2448 721 2475 Romanorum
738 2452 800 2472 cum
816 2445 930 2472 adoras-

142 2502 195 2528 set,
206 2496 302 2530 jussus
315 2500 357 2522 est
380 2495 414 2521 ab
429 2503 461 2521 co
481 2493 548 2528 erigi
565 2496 592 2520 et
607 2492 670 2519 duci
687 2491 720 2518 ad
743 2498 782 2518 se.
798 2490 866 2517 Cum
880 2498 929 2516 au-

142 2547 197 2569 tem
213 2541 385 2576 suscepisset
398 2539 573 2574 imperatoris
589 2545 708 2569 sacram,
727 2537 869 2564 osculatus
889 2539 931 2563 est

142 2587 327 2621 signaculum,
341 2593 403 2613 enm
419 2584 535 2611 habebat
545 2583 733 2619 peclusculum
745 2582 929 2616 imperatoris.

138 2631 287 2670 Susceptis
303 2635 394 2658 autem
411 2634 438 2658 et
457 2630 538 2658 donis
555 2629 668 2664 gavisus
689 2631 731 2654 est
744 2627 833 2654 valde.
847 2625 931 2653 Porro

143 2686 207 2706 cum
230 2678 342 2714 legisset
360 2671 479 2708 sacram,
505 2675 611 2703 invenit
631 2679 659 2701 ut
674 2682 704 2701 se
726 2679 821 2701 contra
841 2680 930 2707 regem

144 2725 289 2752 Persarum
316 2727 446 2756 armaret,
470 2726 497 2749 ct
528 2720 678 2756 proximam
705 2719 757 2746 sibi
784 2717 930 2746 Persarum

143 2769 270 2805 perderet
286 2768 437 2804 regionem,
459 2770 487 2794 et
501 2765 618 2793 ulterius
639 2772 700 2792 cum
717 2763 809 2794 Persis
829 2762 932 2790 fmdcra

145 2823 199 2842 non
226 2815 317 2843 iniret.
338 2814 469 2842 Protiutts
497 2820 563 2848 ergo
586 2811 703 2839 collecto
734 2810 856 2837 exercitu
886 2817 932 2835 rex

143 2859 260 2888 Arcthas
274 2867 365 2887 coram
387 2859 474 2894 legato
490 2856 673 2884 Romanorum
689 2855 821 2882 adversus
834 2853 933 2881 Persas

144 2906 268 2941 praelium
291 2905 384 2938 movit,
408 2904 547 2940 subjectos
563 2903 615 2930 sibi
642 2902 795 2929 Saracenos
812 2899 932 2935 prmmit—

142 2959 214 2982 lens.
226 2954 367 2982 Profectus
382 2958 472 2981 autem
483 2956 507 2980 et
518 2952 576 2987 ipse
583 2950 615 2978 ad
626 2951 763 2986 regionem
774 2949 932 2982 Persarum,

966 1019 1017 1050 vit,
1035 1025 1163 1046 asserens
1182 1015 1362 1051 opprobrium
1386 1020 1449 1041 esse
1474 1012 1526 1040 sub
1546 1011 1637 1039 Persis
1656 1009 1761 1038 solvere

966 1065 1069 1092 tributa
1093 1063 1255 1091 Romanos:
1273 1064 1418 1096 propterea
1446 1059 1536 1086 locum
1560 1064 1688 1093 magnum
1708 1055 1762 1082 hoc

969 1110 1116 1138 Persarum
1144 1108 1390 1141 Romanorumque
1417 1105 1521 1140 reperit
1547 1103 1658 1131 bellum.
1677 1101 1763 1129 Porro

967 1155 1094 1184 Justinus
1107 1154 1277 1182 Marcianum
1298 1152 1457 1188 patricium,
1472 1154 1500 1177 et
1510 1151 1660 1184 cognatum
1678 1155 1762 1176 suum

970 1206 1113 1236 prmtorem
1131 1207 1229 1227 crcans
1244 1198 1367 1226 Orientis
1382 1199 1481 1224 contra
1499 1196 1600 1223 Persas
1613 1194 1726 1227 direxit.

1005 1265 1098 1294 Mundi
1115 1272 1187 1293 anno
1201 1263 1392 1297 6065,divime
1404 1261 1606 1290 incarnationis
1615 1267 1687 1288 anno
1698 1259 1763 1292 565,

970 1317 1066 1340 octavo
1079 1310 1190 1346 imperii
1204 1309 1246 1338 sui
1265 1316 1338 1337 anno
1354 1308 1482 1336 Justinus
1508 1307 1665 1335 infirmatus
1681 1310 1724 1334 est
1738 1310 1765 1333 et

970 1357 1098 1384 tristatus
1127 1355 1260 1383 adversus
1284 1353 1452 1381 Baduarium
1483 1352 1594 1380 fratrem
1621 1358 1715 1382 suum,
1738 1354 1765 1376 et

971 1402 1045 1430 hunc
1065 1401 1176 1436 injuriis
1201 1399 1342 1428 laceravit.
1365 1398 1522 1426 Novissime
1549 1404 1616 1424 vero
1637 1395 1769 1432 praecepit.

971 1447 1153 1476 cubiculariis
1175 1447 1275 1482 pugnis
1293 1453 1396 1474 caesum
1414 1445 1532 1473 educere
1558 1443 1634 1470 illum
1656 1442 1682 1469 in
1698 1449 1766 1469 cou-

971 1500 1094 1529 spectum
1110 1493 1221 1521 concilii
1237 1496 1397 1521 senatorum
1414 1500 1421 1519 :
1437 1494 1498 1518 erat
1511 1489 1585 1518 enim
1606 1496 1700 1517 comes
1715 1488 1767 1516 im.

972 1540 1117 1575 perialium
1126 1538 1308 1566 stabulorum.
1319 1538 1379 1571 Quo
1390 1540 1533 1572 comperto
1546 1535 1648 1571 Sophia
1657 1534 1771 1562 tristatav

973 1589 1014 1614 est
1035 1589 1063 1612 et
1084 1587 1236 1620 conquesta
1257 1583 1439 1619 imperatori',
1457 1583 1505 1618 qui
1529 1589 1559 1610 se
1582 1581 1721 1617 paenituit,
1741 1585 1769 1608 et

973 1631 1144 1660 descendens
1170 1632 1204 1659 ad
1222 1639 1284 1659 cum
1316 1630 1345 1658 in
1366 1630 1506 1658 stabulum
1528 1628 1655 1657 introivit
1675 1628 1768 1657 subito

974 1686 1038 1706 eum
1056 1678 1207 1713 praeposito
1228 1677 1473 1705 cubiculariorum.
1500 1675 1653 1704 Baduarius
1677 1678 1768 1703 autem

975 1726 1034 1752 viso
1051 1726 1218 1760 imperatore
1241 1724 1310 1759 fugit
1326 1731 1340 1750 a
1364 1724 1427 1752 loco
1444 1723 1471 1750 in
1489 1723 1593 1755 locum,
1617 1729 1668 1757 per
1687 1728 1770 1756 supe-

975 1771 1047 1798 riora
1066 1771 1208 1806 praasepis.
1224 1778 1279 1805 pra:
1293 1770 1393 1796 timore
1416 1768 1603 1804 imperatoris.
1620 1767 1671 1794 Ast
1686 1766 1770 1800 impe-

976 1821 1052 1844 rator
1074 1816 1211 1844 clamabat
1229 1825 1235 1843 :
1253 1815 1355 1850 Adjuro
1379 1819 1403 1841 te
1424 1822 1470 1849 per
1496 1813 1591 1846 Deum,
1618 1812 1703 1847 frater
1722 1811 1770 1845 mi,

975 1867 1098 1898 exspecta
1122 1870 1173 1890 nte.
1198 1862 1231 1888 Et
1248 1868 1312 1889 cum
1331 1861 1515 1893 cucurrisset,
1536 1859 1625 1887 tenuit
1650 1865 1726 1891 eum,
1743 1861 1770 1885 et

977 1908 1148 1944 amplexatus
1161 1907 1340 1935 deosculatus
1355 1911 1397 1934 est
1411 1906 1501 1938 illum,
1521 1905 1616 1933 dicens
1632 1913 1638 1932 :
1661 1903 1771 1931 Peccavi

978 1955 1040 1988 tibi,
1053 1955 1137 1984 frater
1155 1954 1204 1986 mi,
1220 1953 1266 1980 sed
1284 1953 1388 1988 suscipe
1402 1960 1441 1979 me
1454 1956 1484 1978 ut
1501 1951 1614 1986 fratrem
1628 1954 1702 1976 tuum
1714 1949 1772 1983 pri-

978 2011 1049 2029 munt
1065 2008 1089 2030 et
1109 2002 1313 2036 imperatorem:
1330 2008 1363 2028 ea:
1380 1999 1515 2027 diabolica
1532 1998 1603 2026 enim
1619 1997 1772 2032 operatione

978 2050 1037 2077 navi
1054 2049 1124 2084 quod
1139 2049 1241 2082 factum
1254 2048 1287 2075 sit
1300 2047 1359 2074 hoc.
1375 2046 1426 2080 Qui
1443 2045 1543 2074 cecidit
1558 2044 1591 2072 ad
1603 2043 1686 2079 pedes
1700 2043 1771 2076 ejus,

978 2101 1005 2124 ct
1025 2096 1093 2124 ﬂens
1111 2097 1148 2122 ait
1168 2104 1174 2122 :
1196 2094 1341 2128 Veraciter,
1364 2094 1479 2127 domine,
1497 2097 1654 2129 potestatem
1681 2091 1770 2119 habes.

986 2142 1168 2170 Verumtamen
1180 2142 1206 2169 in
1219 2141 1361 2176 prwsentia
1377 2144 1484 2168 senatus
1499 2139 1661 2174 deformasti
1670 2145 1773 2166 servum

981 2195 1065 2216 tuum.
1101 2189 1190 2221 Modo,
1225 2188 1341 2219 domine,
1374 2187 1414 2213 Itis
1453 2186 1583 2214 rationem
1615 2184 1703 2212 redde.
1741 2184 1774 2211 Et

980 2236 1143 2264 ostendebat
1159 2236 1184 2263 ei
1199 2242 1295 2270 equos.
1308 2234 1341 2260 At
1352 2241 1417 2261 vero
1435 2233 1585 2267 imperator
1596 2231 1772 2267 rogaviteum

982 2290 1076 2311 secum
1099 2281 1277 2310 manducare,
1293 2283 1320 2306 ct
1342 2278 1478 2313 pacificati
1496 2281 1572 2304 sunt.
1594 2276 1697 2303 Eodem
1710 2282 1775 2302 vero

948 2326 969 2353 Ι)
983 2337 1057 2356 anno
1074 2328 1175 2356 factum
1190 2325 1347 2354 estbellum
1363 2325 1438 2351 circa
1460 2323 1617 2357 Sargathon
1638 2322 1775 2348 Romano-

983 2383 1044 2403 rum
1070 2378 1153 2409 atque
1179 2372 1324 2399 Persarum
1347 2377 1489 2404 maguum,
1516 2371 1544 2395 et
1569 2368 1694 2394 vicerunt
1719 2365 1776 2392 Ro-

985 2429 1069 2448 mam.

1020 2476 1098 2503 Nouo
1116 2483 1189 2502 anno
1204 2473 1310 2509 imperii
1327 2472 1430 2500 Justini
1447 2471 1595 2499 llormisda
1610 2478 1656 2498 rex
1677 2469 1778 2497 Persa-

984 2529 1044 2549 rum
1061 2521 1245 2548 Ardamenum
1261 2520 1360 2546 ducem
1377 2517 1525 2545 Persarum
1543 2516 1678 2544 ordinans
1701 2516 1778 2542 misit

983 2569 1171 2596 Romanorum
1182 2567 1322 2602 regionem
1340 2564 1500 2600 depopulari
1514 2573 1522 2598 ;
1537 2563 1584 2599 qui
1594 2562 1683 2598 praeda
1693 2561 1777 2588 multa

983 2619 1064 2651 capta
1088 2623 1217 2643 reversus
1232 2618 1285 2642 est.
1311 2613 1371 2646 Quo
1388 2616 1531 2648 comperto
1550 2610 1688 2641 Justinus,
1712 2616 1779 2636 con-

986 2665 1126 2690 sternatus
1138 2661 1210 2689 mole
1230 2659 1410 2691 calamitatis,
1431 2658 1504 2694 capti
1537 2664 1637 2685 senst
1662 2656 1778 2690 languo-

987 2716 1042 2736 rem
1066 2708 1194 2740 incurrit,
1219 2711 1246 2734 et
1274 2709 1383 2741 pactum
1407 2704 1498 2732 facere
1522 2703 1592 2738 petit
1614 2700 1778 2732 llormisdte,

984 2756 1029 2791 qui
1045 2755 1072 2783 id
1088 2754 1146 2782 fieri
1161 2761 1234 2781 anno
1251 2752 1402 2781 consensit.

1021 2810 1115 2838 Mundi
1132 2817 1205 2837 anno
1219 2809 1300 2842 6067,
1312 2808 1412 2835 divina:
1421 2804 1621 2834 incarnationis
1633 2811 1705 2831 anno
1714 2803 1778 2834 567.

985 2856 1110 2884 lustinus
1126 2855 1275 2890 imperator
1289 2853 1428 2881 'l‘ihcrium
1446 2852 1573 2880 comitem
1586 2849 1778 2878 excubitorum

988 2904 1038 2931 sibi
1054 2903 1139 2931 ﬁlium
1169 2903 1272 2929 faciens
1289 2901 1424 2928 Cmsarem
1449 2898 1605 2934 appellavit,
1622 2901 1649 2925 et
1667 2904 1781 2924 conses-

988 2957 1077 2978 sorem
1091 2956 1170 2977 suum
1188 2947 1332 2976 constituit
1359 2951 1412 2973 tam
1431 2946 1458 2973 in
1474 2944 1679 2981 llippodromiis
1697 2949 1778 2978 quam
