2035 3153
278 175 342 209 1271

820 177 1020 207 ᾹΝᾹΞἘΛΞΙΙ
1053 178 1087 206 Bl
1097 177 1232 208 BLIOTH
1238 178 1333 208 ECAR
1342 180 1368 208 l1

1841 182 1914 213 12:2

1857 201 1913 214 il;-

277 234 304 262 in
321 233 419 261 diebus
435 232 602 268 insignibus.
620 232 686 259 Erat
710 237 799 259 autem
822 233 970 267 imperator
989 233 1065 268 pedi-
1079 238 1102 264 Α
1119 233 1246 262 Tiberius
1256 235 1366 263 mittens
1377 235 1454 263 duxit
1469 235 1641 264 Anastasiam
1653 236 1799 272 coniugem
1814 245 1908 269 suam,

276 281 328 307 hus
341 283 448 314 captus,
465 287 495 306 ac
511 286 559 314 per
575 279 626 305 hoc
643 279 728 313 magis
746 279 773 306 in
793 279 892 306 lectulo
904 279 1009 313 jaccns.

315 324 466 353 Undecimo
482 325 590 360 imperii
613 326 656 352 sui
671 335 742 353 anno
764 327 918 353 construxit
938 326 1064 354 Justinus

278 380 405 407 maguum
416 372 606 407 aqnzcdurtntn
620 372 756 404 Valentis,
773 378 798 400 ct
816 373 931 408 largitus
946 378 988 401 est
1002 374 1063 401 urbi

277 418 459 453 dapsilitatcm
479 426 626 454 aquarum.

315 465 481 493 Duodecimo
494 465 599 500 imperii
618 466 660 494 sui
683 475 756 494 anno
775 467 902 494 Justinus
915 467 1064 502 imperator

278 518 444 545 synagogam
464 511 650 543 llebrmorum,
678 520 737 546 qua:
753 517 813 539 erat
828 512 1064 547 Constantinopoli

278 555 306 582 in
325 555 535 591 Chaleopratiis,
566 557 684 583 ablatam
712 557 746 584 ab
767 557 808 584 eis
832 557 896 584 fecit
921 557 1064 584 ecclesiam

278 601 400 629 Domina:
408 607 508 629 saneta:
526 606 625 629 nostrzc
640 601 686 630 Dei
700 603 865 635 Genitt'icis;
880 612 941 638 qua:
960 603 1065 638 Magna:

278 647 400 682 proxima
414 651 456 674 est
471 647 603 675 ecclesiae.

314 691 516 720 Tertiodeeimo
529 693 635 727 impctii
651 692 752 721 .iustini
768 702 850 727 anno,
872 694 977 722 Joanne
991 695 1064 723 Con-

278 739 524 774 stantinopolitano
540 739 669 767 defuncto
687 740 828 775 episcopo,
854 741 1004 776 Eutychius
1021 749 1065 768 re-

277 787 350 820 cepit
370 785 468 813 iterato
486 786 613 813 thronum
629 787 757 814 euntlrm.
781 788 815 813 At
834 795 897 814 vero
918 788 1067 822 imperator

277 832 475 865 inﬁrmatus,et
488 833 636 866 pauxillum
654 841 668 859 a
681 833 812 868 languore
824 833 968 864 demissus,
985 833 1067 860 advo-

277 877 349 904 cavit
369 882 424 904 tam
447 879 602 913 pontiﬁcem
618 883 645 906 et
662 884 788 905 senatum
806 886 889 913 quam
907 885 1003 906 omnes
1020 885 1065 905 sa-

277 923 403 951 cerdotes
419 929 445 951 et
461 924 546 957 cives,
570 929 595 951 et
614 924 733 950 adducto
762 924 871 952 Caesare
894 923 1005 951 Tiberio
1020 931 1067 959 pa-

277 968 330 996 lam
360 969 489 997 omnibus
515 969 663 1004 appellavit
691 977 752 997 eum
785 970 980 1005 imperatorem
996 989 1003 1001 ,
1025 969 1068 997 his

276 1015 453 1042 Sermonibus
479 1024 544 1042 ttsus
565 1025 572 1042 :
596 1015 662 1042 Ecce
685 1015 764 1048 Datis,
792 1016 837 1049 qui
865 1015 990 1048 benefecit
1009 1015 1066 1042 tibi.

279 1059 357 1088 llunc
367 1061 486 1087 habitum
501 1061 570 1088 Dens
588 1061 636 1087 tibi
655 1061 737 1095 dedit,
758 1069 809 1088 non
832 1068 899 1095 ego:
919 1061 1020 1089 honora
1036 1061 1069 1088 il-

277 1107 344 1140 lum,
361 1113 389 1134 ut
399 1111 425 1133 tu
441 1115 542 1143 quoque
553 1108 688 1134 honoraris
705 1108 736 1134 ab
750 1108 816 1142 ipsa.
834 1107 942 1134 Honora
957 1112 1069 1134 matrem

278 1158 364 1187 (tt/tm,
384 1163 442 1189 qua:
467 1155 611 1190 aliquando
633 1159 678 1181 tua
698 1155 807 1181 domina
822 1155 885 1189 fuit.
902 1153 983 1182 Nosti
999 1154 1068 1189 quod

277 1201 391 1235 primum
406 1202 463 1235 ejus
486 1210 574 1228 servus
598 1202 692 1236 fueris,
719 1210 786 1228 nunc
810 1207 898 1228 autem
923 1202 1007 1235 filius.
1029 1201 1069 1228 Nc

277 1248 420 1282 gratuleris
435 1248 461 1274 in
474 1248 664 1283 sanguiuibus;
683 1257 714 1275 ne
725 1249 902 1276 rotnmunices
918 1248 945 1274 in
959 1248 1070 1274 homici-

278 1294 339 1327 dio;
359 1302 390 1320 ne
404 1295 502 1321 nmium
513 1302 559 1328 pro
576 1295 647 1322 maio
659 1294 770 1326 reddas;
790 1302 821 1321 ne
843 1295 868 1320 in
890 1294 962 1320 malo
978 1294 1070 1320 inimi-

278 1341 349 1367 citia:
367 1340 466 1367 similis
487 1341 551 1368 mihi
576 1341 715 1376 efficiat-is.
742 1341 797 1374 Ego
815 1341 895 1372 enim,
925 1345 953 1366 ut
980 1340 1067 1372 homo,

278 1386 384 1420 culpari
399 1395 408 1413 :
423 1388 518 1414 etenim
544 1393 568 1414 et
585 1387 727 1421 eulpabilis
751 1386 838 1421 factus
860 1395 928 1419 sunt,
941 1392 965 1413 et
986 1386 1070 1418 rer-cpi

279 1435 420 1460 secundum
434 1437 541 1466 peccata
555 1441 632 1466 mea;
653 1433 697 1461 sed
713 1441 823 1460 causam
841 1433 941 1460 habebo
955 1441 1011 1459 cum
1029 1432 1069 1459 his

278 1479 323 1513 qui
337 1478 386 1505 hoc
406 1479 473 1506 mihi
498 1479 628 1513 fecerunt,
649 1484 710 1506 ante
728 1480 846 1506 tribunal
871 1478 980 1506 Christi.
1006 1478 1068 1505 Non

278 1523 357 1550 elevet
371 1528 395 1551 te
406 1525 447 1551 hic
462 1525 567 1551 habitus
587 1525 808 1559 quemadmodum
829 1532 879 1551 me.
905 1524 949 1551 Sic
965 1524 1069 1550 attentio

279 1570 401 1596 omnibus
416 1571 484 1597 sicut
501 1570 561 1596 tibi.
584 1570 656 1597 Scito
672 1570 735 1605 quid
755 1571 847 1604 fueris,
871 1575 894 1597 et
913 1571 972 1604 quis
992 1570 1069 1597 modo

279 1617 403 1643 exsistas.
422 1615 464 1643 Ne
476 1615 624 1651 superbius,
644 1621 668 1643 et
686 1624 736 1643 non
756 1616 887 1649 peccabis.
916 1615 997 1642 Nosti
1011 1616 1069 1651 quis

280 1663 376 1697 fuerim
389 1667 412 1690 et
427 1663 484 1698 quis
502 1663 589 1697 factus
610 1663 757 1690 exstiterim
774 1667 799 1689 et
814 1663 952 1690 exsistam.
974 1662 1070 1690 Omnes

279 1708 326 1736 isti
338 1707 389 1742 ﬁlii
404 1709 442 1735 tui
457 1713 518 1734 sunt
527 1712 551 1734 et
565 1708 643 1734 servi.
653 1706 709 1735 Scis
717 1708 786 1742 quod
793 1716 849 1742 prw
857 1707 997 1734 uisceribus
1007 1707 1070 1734 meis

280 1755 463 1783 houorauerim
479 1759 512 1781 te.
527 1753 581 1780 Hos
598 1762 658 1780 cum
672 1753 770 1786 videas,
795 1762 884 1781 omnes
895 1754 940 1788 qui
953 1758 1015 1780 sunt
1032 1753 1070 1779 rei

279 1801 391 1835 pubiicm
405 1801 486 1828 uides.
509 1799 621 1827 Intende
636 1799 718 1826 militi
740 1803 796 1826 tuo.
814 1798 854 1826 Ne
871 1799 969 1826 milites
985 1799 1070 1826 susci-

280 1848 350 1882 pias,
366 1855 397 1874 ne
411 1847 502 1874 dicant
520 1846 567 1873 tibi
581 1846 690 1881 quidam
703 1846 767 1880 quia
785 1846 907 1872 decessor
932 1850 991 1872 tuus
1007 1845 1071 1871 tali-

281 1899 322 1920 ter
337 1898 505 1921 com'ersatus
522 1897 571 1920 est.
593 1892 657 1919 "(ec
666 1892 735 1919 enim
752 1891 822 1923 dico,
839 1900 855 1918 a
866 1891 959 1926 quibus
975 1898 1070 1925 passus

281 1950 349 1969 nuit.
365 1942 418 1975 Qui
429 1942 525 1969 habent
543 1941 721 1973 substantias,
734 1939 860 1974 fruantur
878 1939 915 1966 eis
930 1947 938 1966 :
958 1938 1000 1965 his
1011 1947 1069 1966 vero

281 1990 326 2023 qui
344 1997 395 2016 non
418 1989 568 2021 habuerint,
592 1988 674 2016 dona.
700 1986 733 2013 Et
755 1986 826 2014 facta
846 1986 971 2014 oratione
991 1992 1006 2012 a
1022 1993 1069 2020 pa-

282 2035 414 2066 triarcha,
433 2042 494 2061 cum
515 2034 651 2062 dixissent
667 2041 775 2065 omnes,
785 2033 883 2064 Amen,
897 2031 998 2059 cecidit
1012 2030 1070 2057 Ca:-

283 2089 329 2109 sar
343 2081 376 2107 ad
394 2080 477 2114 pedes
497 2079 684 2114 imperatoris,
704 2083 731 2106 et
747 2078 819 2106 dixit
829 2078 853 2104 ei
868 2086 874 2104 :
890 2076 920 2104 Si
935 2077 982 2108 vis,
1001 2084 1070 2109 sum,

282 2128 306 2153 si
328 2135 379 2153 non
395 2126 442 2158 vis,
461 2133 512 2151 non
534 2133 603 2151 sum.
625 2125 658 2151 Et
676 2125 826 2159 imperator
849 2123 887 2150 ait
905 2132 911 2150 :
929 2122 1010 2154 Deus,
1027 2124 1071 2158 qui

284 2172 346 2206 [erit
360 2171 453 2198 atrium
468 2175 492 2196 et
509 2175 617 2201 terram,
628 2169 684 2203 ipse
696 2170 786 2197 omnia
803 2178 861 2199 qua:
874 2169 959 2197 dicere
973 2168 1070 2196 oblitus

282 2225 351 2248 sum,
364 2217 389 2243 in
407 2224 452 2242 cor
465 2221 537 2241 tuum
562 2215 700 2242 immittat.
718 2214 803 2241 Porro
819 2222 881 2241 cum
902 2214 959 2241 ὴωο
977 2222 1072 2249 prose-

1115 285 1141 307 ct
1169 280 1312 307 coronavit
1338 288 1399 307 cam
1427 285 1588 316 Angustam,
1616 287 1644 309 et
1668 282 1785 317 jactavit
1811 291 1909 318 rogant

1117 324 1242 353 multato.

1152 370 1279 398 Secundo
1296 371 1402 406 imperii
1418 371 1521 399 Tiberii
1541 379 1615 399 anno
1639 373 1815 400 Alexandriae
1836 373 1909 400 anti—

1117 422 1173 444 stes
1188 417 1304 444 habetur
1318 417 1442 444 ecclesia:
1457 417 1598 452 Eulogius.
1613 417 1686 445 Misit
1703 419 1809 446 interea
1823 419 1911 453 impe-

1118 466 1193 488 rator
1219 462 1345 490 Tiberius
1378 463 1411 490 ad
1447 470 1538 498 regem
1572 462 1718 490 Persarum
1752 464 1908 491 secundum

1117 517 1234 542 morem,
1253 510 1385 536 nuntians
1404 509 1605 543 promotioucm
1627 518 1723 543 suam;
1740 518 1796 544 quo
1811 518 1907 545 pacem

1119 564 1171 584 non
1194 556 1354 584 admittente
1370 556 1499 584 Tiberius
1519 565 1633 592 magnas
1651 557 1766 585 virtutes
1787 565 1909 592 congre-

1117 603 1202 637 gavit,
1219 608 1245 630 et
1267 604 1453 630 disseminatis
1469 604 1552 638 regiis
1569 603 1707 631 thesauris
1725 603 1823 631 multos
1840 604 1911 632 fecit

1118 649 1274 682 exercitus,
1312 657 1410 677 creans
1445 650 1606 685 magistrum
1639 650 1756 676 militum
1784 649 1910 678 Orientis

1119 694 1264 729 quemdam
1282 693 1482 722 Justinianum.

1154 741 1247 767 Tertio
1263 741 1370 775 imperii
1385 740 1488 767 Tiberii
1507 748 1580 767 anno
1601 749 1646 768 rex
1666 741 1812 768 Persarum
1832 749 1910 768 sum-

1119 787 1172 822 ptis
1185 787 1332 814 virtutibus
1346 787 1403 813 suis
1418 787 1444 813 in
1461 786 1618 813 Armeniam
1632 791 1768 820 properat.
1784 786 1911 813 Audiens

1119 838 1209 860 autem
1231 832 1420 860 Romanorum
1446 832 1501 859 dux
1525 840 1616 868 regem
1632 832 1778 860 Persarum
1798 840 1847 867 per
1869 839 1913 859 se-

1119 879 1266 913 metipsum
1296 879 1419 914 prmliutn
1438 870 1592 910 "initurum,
1621 879 1766 914 expeditus
1793 879 1912 906 effectus

1119 935 1132 954 e
1150 929 1170 952 t.
1189 926 1284 952 Timor
1299 925 1370 952 enim
1390 925 1532 959 ingressus
1550 930 1593 952 est
1614 925 1640 951 in
1659 925 1790 960 populum
1809 924 1913 952 Roma-

1120 979 1229 1003 norum,
1247 975 1274 999 ct
1292 970 1395 998 idcirco
1415 971 1591 998 Justiniauus
1614 970 1647 997 ad
1667 972 1784 998 virtutes
1807 978 1914 998 sermo-

1120 1017 1200 1045 nibus
1222 1024 1290 1044 usus
1315 1017 1487 1052 compescuit
1515 1016 1673 1043 formidinis
1691 1024 1824 1051 pugnam.
1843 1015 1913 1042 Cum

1119 1068 1210 1091 autem
1234 1063 1335 1091 bellum
1360 1063 1436 1090 ﬁeret
1457 1067 1484 1089 et
1510 1063 1648 1097 sagittatio
1673 1062 1820 1089 Persarum
1839 1062 1914 1089 facta

1122 1109 1206 1137 multa
1222 1109 1330 1142 fuisset.
1345 1110 1382 1136 ita
1396 1113 1424 1136 ut
1436 1109 1520 1137 etiam
1538 1109 1642 1136 solares
1658 1108 1730 1135 radii
1743 1108 1915 1140 celarentur,

1120 1156 1184 1183 dum
1197 1156 1325 1183 videlicet
1339 1155 1454 1183 Romani
1472 1155 1568 1190 clipeis
1580 1155 1684 1190 jacula,
1701 1162 1763 1189 qua-
1781 1161 1814 1181 ex
1828 1161 1916 1180 areu-

1122 1201 1173 1228 ltus
1191 1201 1383 1233 mittebantur,
1401 1201 1571 1228 continuatis
1591 1201 1727 1235 projicere
1744 1200 1915 1226 niterentur.

1119 1247 1187 1274 (ium
1227 1253 1317 1275 autem
1347 1246 1484 1282 profunda
1517 1247 1682 1274 consisteret
1720 1247 1914 1273 Romanorum

1120 1294 1206 1324 acies,
1232 1293 1322 1321 Persa:
1346 1293 1417 1323 icrrc
1447 1301 1501 1320 non
1526 1297 1664 1329 poterant,
1691 1293 1738 1320 scil
1762 1293 1790 1319 in
1821 1293 1915 1327 fugam

1121 1334 1239 1366 vertitur
1257 1339 1471 1374 Babyloniorum
1497 1344 1619 1372 caterva,
1637 1344 1664 1365 et
1681 1339 1820 1365 intereunt
1842 1338 1916 1364 Inul~

1121 1385 1255 1413 titudiues
1277 1386 1407 1420 copiosae.
1425 1386 1574 1421 Accipiunt
1593 1385 1697 1412 interea
1717 1389 1744 1411 et
1766 1383 1915 1411 Persarum

1120 1432 1316 1466 sapellectilem
1338 1436 1366 1459 et
1386 1432 1492 1467 regium
1541 1432 1752 1458 tabernaculum
1766 1435 1917 1464 totumque

1121 1477 1306 1505 clarissimum
1325 1483 1497 1513 apparatum.
1515 1477 1622 1505 Tenent
1636 1483 1727 1505 autem
1741 1481 1767 1504 et
1780 1477 1918 1511 elephan-

1123 1529 1163 1551 tes
1183 1524 1311 1556 Romani,
1339 1530 1365 1551 et
1390 1524 1423 1551 ad
1442 1524 1582 1551 Tiberium
1606 1524 1720 1551 tnittunt
1737 1523 1860 1557 insignes
1886 1526 1917 1550 et

1123 1571 1214 1606 regias
1234 1571 1294 1597 illas
1318 1572 1442 1599 exuvias.
1461 1571 1555 1605 Itaque
1572 1571 1659 1606 legem
1677 1571 1752 1606 ponit
1765 1569 1916 1596 Persarum

1122 1625 1188 1650 rex,
1223 1617 1416 1645 confusionem
1454 1625 1507 1644 non
1545 1617 1658 1650 ferens,
1689 1624 1829 1650 nunquam
1856 1615 1916 1650 iam

1122 1662 1268 1690 Persarum
1287 1671 1379 1698 regem
1403 1664 1429 1690 in
1448 1664 1570 1698 pr:eliunt
1586 1671 1778 1698 cgressurnm.
1798 1662 1833 1689 At
1849 1668 1917 1688 vero

1121 1709 1263 1737 Romanus
1276 1710 1414 1737 exercitus
1430 1709 1551 1737 Persicis
1568 1709 1666 1743 adjecit
1678 1708 1825 1740 aerumnis,
1837 1711 1865 1734 et
1881 1706 1916 1733 ad

1122 1756 1218 1783 intima
1239 1755 1361 1783 Persidis
1376 1755 1545 1790 properavit,
1571 1759 1598 1783 ct
1620 1754 1737 1781 multum
1761 1753 1818 1780 illic
1839 1755 1916 1781 exci-

1122 1804 1198 1832 dium
1216 1810 1243 1831 ct
1255 1804 1442 1838 captivitatem
1459 1803 1589 1838 patravit.
1606 1801 1771 1837 perveniens
1785 1802 1870 1828 etiam
1887 1801 1915 1828 in

1122 1850 1241 1878 medium
1260 1851 1390 1886 Hyrcanii
1409 1851 1504 1878 maris.
1522 1850 1590 1877 Cum
1611 1853 1702 1876 autem
1718 1848 1815 1883 byems
1835 1848 1918 1875 ades-

1124 1901 1177 1928 set,
1193 1904 1245 1924 non
1268 1899 1462 1924 remeaverunt
1478 1894 1600 1928 Quirites
1623 1894 1657 1921 ad
1674 1893 1799 1929 propria,
1817 1893 1865 1920 sed
1887 1893 1915 1920 in

1123 1942 1236 1970 Perside
1250 1943 1375 1978 hyemem
1390 1945 1595 1976 transcgerunt.
1619 1941 1705 1968 Porro
1718 1940 1816 1968 eodem
1840 1947 1917 1966 armo

1123 1989 1207 2024 cmpit
1225 1988 1361 2015 aediﬁcare
1379 1987 1506 2015 Tiberius
1523 1987 1665 2021 publicum
1683 1985 1914 2015 Blachernaruut,

1122 2039 1150 2063 et
1171 2033 1314 2062 renovavit
1341 2034 1443 2061 multas
1469 2033 1602 2060 ecclesias
1633 2037 1661 2059 et
1688 2031 1859 2059 xenodochia
1889 2035 1917 2057 et

1122 2079 1346 2115 gerontocomia,
1371 2079 1512 2114 jussitque
1537 2087 1566 2106 se
1590 2078 1675 2107 scribi
1703 2078 1730 2105 in
1760 2077 1916 2111 phtnnicL-is

1123 2128 1222 2155 litteris
1238 2126 1379 2154 Tiberium
1395 2117 1619 2153 Constantinum.

1156 2173 1260 2206 Quarto
1277 2172 1384 2208 imperii
1400 2171 1503 2199 Tiberii
1524 2179 1597 2198 anno
1621 2175 1748 2198 mortuus
1768 2173 1811 2196 est
1834 2170 1916 2204 Euty.

1122 2219 1201 2246 chius
1226 2219 1394 2252 patriarcha,
1417 2223 1441 2245 et
1467 2222 1608 2252 promuttts
1633 2221 1676 2243 est
1702 2221 1764 2250 post
1779 2215 1915 2243 dicassex

283 2267 415 2298 queretur
431 2263 591 2297 imperator,
605 2261 726 2296 replebat
740 2261 869 2295 lacrymis
889 2265 976 2288 totum
990 2261 1072 2288 collc-
1083 2261 1110 2291 D
1128 2265 1247 2292 Joannes
1275 2263 1419 2298 Jejunamr
1430 2285 1437 2294 ,
1472 2264 1579 2298 magna:
1605 2262 1728 2290 ecclesia;
1766 2261 1915 2289 diaconus.

282 2311 368 2345 “tum.
381 2308 459 2342 Quod
485 2315 548 2335 cum
566 2308 686 2335 solututn
713 2307 822 2339 fuisset,
852 2307 977 2334 Tiberius
999 2307 1069 2333 dona

284 2355 403 2385 subditis
419 2355 573 2390 impcrtitus
589 2358 677 2384 cst,et
690 2361 860 2389 quaecunque
876 2354 902 2380 in
924 2353 1072 2388 imperato-

285 2405 322 2431 ris
337 2401 568 2438 appellationibus
587 2400 672 2428 mnris
686 2400 833 2427 exsistunt.

321 2447 412 2476 Mundi
426 2455 498 2474 anno
510 2446 590 2478 607i,
604 2446 702 2473 divina).
713 2445 910 2472 incarnationis
923 2452 994 2472 anno
1007 2445 1071 2474 571.

285 2496 423 2529 imperare
451 2493 534 2527 cmpit
557 2492 685 2519 Tiberius
710 2492 853 2518 redimitus
879 2491 912 2518 ab
938 2491 1073 2526 Eutychio

287 2540 460 2577 patriarcha,
489 2547 552 2566 cum
578 2543 653 2567 esset
680 2543 707 2565 et
743 2539 802 2572 ipsc
844 2545 943 2571 genere
970 2537 1072 2564 Thrax.

285 2589 409 2622 Ctunque
431 2587 595 2621 imperaret,
611 2585 766 2612 clamabant
790 2588 882 2619 partes
901 2592 908 2610 :
928 2584 1074 2611 Anastasio

286 2635 419 2668 Augusta,
444 2637 472 2658 tu
489 2631 590 2658 vincas.
606 2630 697 2662 Salva,
720 2630 838 2662 domine,
857 2638 923 2665 quos
946 2631 1075 2664 imperare

281 2678 402 2714 jussisti.
438 2674 577 2704 Audiens'
595 2681 685 2703 autem
713 2676 815 2710 Sophia
842 2675 946 2703 Justini
972 2676 1073 2710 coniux

286 2731 420 2759 percussa
441 2729 484 2751 est
501 2724 615 2750 animo:
631 2723 738 2749 volebat
762 2730 880 2757 namque
903 2722 1005 2749 nubere
1027 2721 1074 2748 Ti-

287 2771 363 2798 berio
376 2775 402 2797 et
416 2776 577 2805 permanere
593 2768 717 2803 Augusta
733 2778 739 2795 :
755 2768 895 2796 nesciebat
915 2769 986 2795 enim
1002 2767 1074 2802 qttod

287 2817 400 2844 haberet
417 2823 542 2844 uxorem.
568 2815 684 2848 Quidam
704 2819 794 2842 autem
812 2815 938 2842 dicebant
953 2815 1024 2850 quod
1047 2819 1074 2842 et

289 2859 317 2886 in
332 2859 386 2887 vita
401 2859 501 2887 Justini
519 2859 672 2888 atlanticata
693 2859 774 2887 fuerit
788 2860 824 2892 ei,
842 2864 868 2887 et
884 2860 942 2894 ipsa
961 2868 1074 2896 persua—

288 2905 355 2934 serit
382 2906 490 2935 Iustino
518 2912 547 2935 ut
577 2915 638 2935 cum
667 2905 800 2935 Caesarem
831 2907 941 2935 faceret.
973 2906 1072 2935 Verum

1122 2310 1275 2345 Imperator
1293 2314 1384 2336 autem
1397 2308 1525 2336 Tiberius
1544 2308 1646 2343 emptis
1664 2307 1831 2342 corporibus
1849 2315 1916 2342 geu-

1124 2356 1213 2382 tilimu
1244 2355 1387 2382 constituit
1416 2354 1542 2381 militiam
1569 2354 1596 2380 in
1626 2361 1725 2381 nomen
1753 2353 1916 2388 proprium,

1125 2402 1257 2429 amiciens
1274 2405 1300 2428 ct
1318 2409 1427 2428 armans
1445 2408 1493 2428 eos
1509 2401 1535 2427 in
1557 2400 1642 2427 millia
1656 2399 1825 2434 quintletim,
1848 2398 1918 2426 dam

1124 2450 1164 2477 eis
1187 2449 1286 2476 ducem
1311 2447 1473 2474 Mauricium
1502 2447 1629 2474 comitem
1654 2446 1865 2476 fmderatorutu,
1890 2450 1918 2472 et

1126 2496 1277 2523 subducem
1302 2494 1419 2526 Narscn,
1444 2498 1471 2521 et
1498 2493 1573 2520 misit
1598 2501 1646 2520 eos
1678 2497 1774 2520 contra
1805 2491 1916 2518 Persas.

1125 2541 1202 2569 Bello
1227 2544 1317 2567 autem
1345 2540 1417 2567 facto
1435 2546 1533 2574 magno
1553 2539 1642 2566 valide
1659 2538 1775 2565 Romani
1797 2539 1919 2565 victores

1126 2589 1300 2621 cﬁiciuntnr,
1326 2592 1353 2615 ct
1377 2588 1552 2615 abstulerunt
1578 2594 1592 2612 a
1615 2585 1707 2612 Persis
1734 2584 1866 2611 civitates
1891 2590 1919 2612 et

1126 2635 1266 2670 regiones,
1282 2641 1351 2667 quas
1364 2633 1416 2660 sub
1430 2632 1590 2672 Justiniano
1603 2633 1733 2665 ceperant
1754 2634 1779 2656 et.
1794 2628 1918 2656 Justiuo.

1127 2682 1230 2709 Abiens
1250 2685 1342 2708 autem
1362 2679 1512 2706 Mauricius
1528 2676 1796 2710 Constantinopolim
1818 2683 1919 2703 susce-

1126 2731 1189 2760 ptus
1212 2731 1254 2754 cst
1277 2727 1312 2752 ab
1337 2726 1504 2760 imperatore
1529 2731 1591 2750 cum
1616 2722 1720 2756 ingenti
1750 2721 1868 2751 honore,
1891 2725 1919 2747 et

1127 2770 1277 2805 publicavit
1292 2769 1420 2796 Tiberius
1439 2768 1569 2795 victorias
1586 2765 1721 2797 Mauricii,
1736 2769 1761 2791 et
1782 2772 1916 2799 generum

1129 2817 1200 2843 hunc
1217 2815 1329 2842 admisit
1345 2815 1378 2842 ad
1396 2813 1605 2842 Constantinam
1622 2811 1705 2838 ﬁliam
1723 2817 1814 2838 suam.
1832 2809 1920 2836 Simi-

1127 2862 1190 2889 litcr
1208 2867 1236 2889 ct
1250 2862 1387 2889 Germano
1404 2860 1515 2896 praetori
1532 2857 1625 2893 iunxit
1642 2856 1726 2884 ﬁliani
1743 2863 1822 2883 suam
1842 2855 1918 2882 Cha-

1128 2908 1201 2938 rito.
1233 2911 1380 2942 utrumque.
1410 2906 1545 2934 Cmsarem
1581 2910 1688 2931 creans.
1718 2901 1812 2929 Mense
1849 2908 1918 2928 veto
