2035 3153
211 200 278 231 12ῖὸ

747 198 943 228 ANASTASII
977 196 1293 227 BlBLlO’I‘HECARII

1776 196 1786 227 1
1793 198 1846 228 276

211 257 385 292 sumptisque
407 256 514 284 militiis
532 255 709 292 Babyloniam
727 255 805 287 adiit,
826 259 852 281 et
871 253 1001 282 Chloma-
1015 252 1039 283 Α
1053 253 1255 288 Comentiolus,
1291 253 1338 289 qui
1368 253 1395 280 itt
1416 253 1494 281 silvis
1517 252 1589 280 [Emi
1615 253 1751 286 latitabat,
1781 262 1844 281 cum

210 310 304 330 rorum
339 301 482 329 castellum
516 301 635 329 obsidet.
672 301 707 328 At
737 308 804 328 vero
836 299 1002 334 Cardarigas

211 348 287 384 eligit
309 348 412 376 milites
439 347 541 376 idiotas
568 355 630 375 cum
665 347 857 382 subjttgalibus
882 346 949 381 (56),
974 350 1002 373 et

212 395 292 422 turba
315 394 430 422 collecta
454 395 607 421 exercitum
633 401 663 421 se
684 401 795 421 movere
816 393 952 428 iactabat,
975 397 1002 419 et

213 449 260 474 per
278 440 383 467 munita
401 440 461 467 loca
478 441 598 468 obscura
621 444 702 467 nocte
717 440 745 467 in
760 439 843 467 dorsa
863 439 997 466 Romano-

213 495 272 513 rum
287 486 455 518 efficiuntur,
473 493 647 521 nequaquam
669 485 784 513 fidentes
799 494 829 513 se
852 493 950 514 manus
975 486 1002 512 in

212 540 262 560 eos
284 532 431 560 missuros.
455 531 568 560 Timore
591 536 685 560 autem
705 532 864 566 importuno
886 532 1003 560 cadente

215 579 242 606 in
266 579 452 615 l’hilippicum
466 579 528 615 fuga
555 580 738 608 irrationabili
766 587 833 608 usus
861 585 915 608 est.
943 580 1004 613 Quo

214 631 355 661 comperto
379 627 497 654 Romani
526 626 554 653 itt
582 627 672 661 fugam
696 627 930 654 convcrtebantur
956 635 1004 662 per

215 673 274 700 loca
295 672 327 700 ad
344 673 492 700 meandum
514 672 645 705 dillicilia,
662 674 748 701 multa
768 674 942 702 incurrentes
957 681 1005 709 pe-

215 718 314 745 ricula.
342 718 467 753 Cumque
493 719 533 746 sol
562 723 642 747 ortus
668 719 778 752 fuisset,
807 727 822 747 a
849 720 1004 747 calamitate

215 764 415 798 liberabantur,
431 765 539 793 nemine
557 771 751 801 persequente,
770 772 797 794 et
814 768 1005 802 pervenientes

216 811 249 836 ad
272 815 417 844 praetorem
443 810 515 838 httnc
544 811 653 846 injuriis
674 813 802 847 pessimis
827 812 1006 848 blasphema-

216 856 294 884 Itant.
321 855 423 884 Verum
455 857 546 885 Perse
574 859 664 885 fictam
696 859 888 886 existimantes
913 859 1005 895 fugam

218 903 345 937 persequi
367 903 426 931 ausi
456 911 510 931 non
532 908 608 931 sunt.
631 904 717 932 Porro
744 904 891 933 lleraclius
915 909 1006 933 trans-

218 956 313 976 means
344 949 459 984 Tigrim,
475 958 646 985 quascunque
663 951 774 978 Medica:
791 952 912 986 regionis
929 957 1008 980 erant

217 995 338 1030 insignia
356 996 469 1031 praedia,
489 997 544 1031 igni
562 997 700 1030 tradebat,
714 1002 742 1025 et
759 999 799 1026 sic
817 999 849 1026 ad
874 1000 1007 1035 Philippi-

217 1049 279 1068 cttm
296 1041 379 1069 rediit
390 1049 454 1070 cum
470 1043 568 1078 spoliis
584 1043 690 1070 multis.

255 1087 348 1115 Mundi
361 1096 435 1116 anno
449 1088 529 1122 6079,
540 1090 639 1119 divinae
651 1090 851 1119 incarnationis
860 1099 933 1119 anno
946 1093 1007 1126 579,

219 1135 318 1168 quinto
345 1135 454 1170 imperii
483 1135 608 1163 Mauricii
634 1144 708 1164 anno
728 1137 847 1165 Avarum
869 1140 1008 1174 chaganus

219 1179 321 1207 fcedere
336 1180 473 1209 dissoluto
489 1181 603 1217 Mysiam
621 1186 648 1210 et
660 1183 801 1218 Scythiam
818 1186 948 1213 atrociter
962 1194 1009 1214 ex-

220 1227 368 1260 pugnabat,
393 1228 559 1256 subvertens
576 1229 735 1256 Itatiarnam
753 1235 780 1258 et
809 1230 959 1259 Bononiam
983 1237 1009 1260 et

218 1272 307 1307 Aquis
317 1279 343 1300 et
357 1273 531 1302 Dorostolum
544 1279 572 1302 ct
587 1275 716 1310 Zandapa
731 1282 758 1305 et
773 1277 1007 1314 Marcianopolim.

219 1319 409 1348 Comentiolus
425 1328 490 1348 vero
514 1321 547 1348 ad
569 1322 708 1349 maritima
728 1323 815 1357 venit,
831 1329 859 1352 et
884 1330 1010 1360 separato

219 1364 342 1391 exercitu
358 1365 555 1400 improbabiles
568 1366 700 1394 discrevit
715 1369 749 1395 ab
769 1369 891 1404 optimis,
907 1375 933 1397 et
947 1371 1010 1398 inu-

220 1411 277 1438 tilis
299 1412 411 1446 quidem
437 1412 548 1441 virtutis
568 1415 750 1450 quadraginta
768 1416 854 1443 millia
871 1418 1010 1446 custodire

219 1457 321 1484 vallum
340 1459 429 1493 jubet,
446 1459 596 1488 electorum
612 1466 703 1489 autem
716 1470 762 1489 scx
781 1464 866 1490 millia
885 1472 1009 1498 sumens,

219 1503 274 1530 duo
295 1505 380 1532 millia
399 1513 430 1532 cx
449 1505 491 1533 bis
512 1507 597 1534 tradit
612 1508 695 1536 Casto
716 1513 744 1536 et
766 1509 822 1536 duo
839 1510 970 1542 Martino,
984 1515 1012 1539 et

221 1548 279 1582 ipse
309 1549 417 1577 duobus
444 1552 564 1586 sumptis
592 1558 689 1580 contra
715 1553 849 1582 barbaros
871 1561 1010 1592 properat.

1054 299 1172 327 Martino
1189 300 1284 334 exivit,
1303 304 1330 327 et
1349 300 1513 336 perveniens
1529 299 1563 326 ad
1583 299 1739 334 chaganum
1757 300 1846 335 impa-

1054 351 1144 374 ratum
1170 347 1274 374 invenit
1289 355 1322 375 co
1347 347 1420 383 quod
1438 347 1558 374 Avarum
1576 346 1725 374 multitudo
1743 347 1846 376 diffusa

1054 394 1128 422 esset
1154 402 1202 429 per
1225 393 1377 426 Thracem;
1393 397 1419 420 et
1446 393 1535 428 prima
1555 393 1649 428 vigilia
1673 395 1763 422 noctis
1780 402 1847 429 pro—

1055 445 1134 474 perat
1149 441 1284 468 adversus
1304 440 1392 473 illum,
1414 446 1544 475 essetque
1560 440 1685 476 profecto
1699 448 1714 468 ιι
1729 449 1759 468 se
1776 449 1848 475 opus

1054 487 1151 523 ingeps
1166 491 1315 523 patratum,
1333 487 1384 514 nisi
1407 490 1524 514 eventus
1540 487 1652 521 quidam
1666 486 1773 514 falleret
1786 488 1848 522 ejus

1055 538 1196 561 conatum.
1216 533 1276 561 Uno
1293 534 1395 568 qttippe
1413 533 1555 560 animante
1570 540 1641 560 onus
1658 533 1847 564 subvertente,

1055 581 1166 615 quidam
1184 581 1297 608 domino
1314 580 1464 608 animantis
1484 580 1621 608 acclatnat
1636 587 1709 607 onus
1727 579 1845 614 erigere,

1057 630 1143 664 patria
1157 629 1341 662 voce,diccns
1356 627 1455 660 Torna,
1466 632 1553 660 torua,
1568 627 1660 661 frater.
1673 626 1707 653 Et
1719 626 1845 654 dominus

1057 675 1167 710 quidem
1180 674 1262 701 mulze
1272 681 1365 701 vocem
1384 673 1497 700 tuinime
1513 673 1652 700 sentiebat.
1667 681 1674 699 :
1691 671 1738 699 sed
1754 671 1847 706 populi

1057 721 1110 748 hoc
1136 721 1231 748 audito
1249 720 1343 747 hostes
1372 719 1517 746 imminere
1532 719 1585 746 sibi
1611 718 1801 746 existimantes
1821 718 1849 745 in

1058 765 1148 801 fugam
1167 765 1292 792 conversi
1308 769 1383 797 suttt,
1397 770 1483 795 tanta,
1499 769 1586 797 torua,
1596 764 1723 792 maximis
1736 764 1852 791 vocibus

1058 811 1256 839 exclamantes.
1280 811 1428 845 Chaganus
1454 816 1545 838 autetn
1565 811 1701 846 ingentem
1722 810 1853 837 formidi-

1059 865 1120 885 nem
1137 857 1250 885 indutus
1261 857 1372 892 penitus
1387 857 1517 892 fugiebat,
1526 862 1553 885 et
1565 857 1727 884 videbantur
1737 856 1853 883 Barbari

1061 908 1088 930 et
1109 903 1226 930 ltomani
1251 903 1368 931 invicem
1397 903 1502 938 fugere,
1529 904 1638 931 nemine
1657 907 1853 938 persequente.

1063 948 1197 977 Praeterea
1214 949 1354 984 chaganus
1370 950 1489 985 sumptis
1505 950 1654 977 virtutibus
1672 950 1794 985 Apiriam
1812 950 1853 976 ci—

1060 997 1171 1025 vitatem
1193 997 1312 1030 obsedit,
1336 997 1534 1032 inventumque
1560 996 1651 1024 Busan
1679 996 1755 1024 urbis
1775 1003 1854 1023 man-

1060 1043 1204 1080 ganarium
1223 1044 1382 1072 interficere
1395 1044 1548 1077 ttitebatur,
1565 1044 1611 1079 qui
1626 1043 1760 1078 pecunias
1775 1050 1856 1077 roga-

1060 1091 1108 1118 bat
1124 1091 1148 1119 ci
1169 1092 1271 1119 ntultas
1286 1091 1420 1126 pmbcre,
1435 1091 1458 1118 si
1475 1091 1559 1118 vitam
1577 1090 1629 1118 sibi
1654 1090 1782 1118 donaret.
1807 1089 1855 1117 Ille

1061 1144 1126 1164 vero
1146 1137 1221 1164 hunc
1236 1136 1351 1172 ligatum
1370 1136 1430 1163 urbi
1445 1135 1634 1171 prmsentavit.
1648 1135 1682 1163 At
1704 1135 1764 1169 ipse
1777 1142 1854 1170 qua:-

1061 1183 1140 1211 rcbat
1154 1183 1312 1210 habitantes
1326 1182 1422 1210 urbem
1439 1186 1468 1209 ut
1478 1186 1627 1215 emeretur,
1639 1189 1756 1213 narrans
1770 1189 1854 1216 quam

1062 1237 1134 1265 smpe
1151 1237 1200 1264 pro
1220 1229 1333 1256 civitate
1347 1228 1505 1258 certaverit.
1527 1228 1603 1256 Civis
1626 1227 1734 1263 quidam
1760 1227 1856 1254 multi-

1063 1276 1207 1304 tudinibtts
1221 1275 1361 1311 persuasit
1383 1275 1436 1303 ltoc
1461 1275 1576 1302 minime
1599 1274 1765 1302 faciendum.
1781 1274 1856 1307 Quia

1065 1329 1130 1358 ergo
1146 1323 1222 1358 parvi
1238 1329 1342 1357 pensus
1354 1325 1396 1350 est
1407 1321 1491 1355 Busa,
1504 1322 1672 1357 rcpromittit
1687 1324 1810 1356 ettagano
1826 1329 1858 1348 se

1063 1369 1174 1397 tradere
1189 1368 1342 1401 civitatem.
1363 1373 1390 1396 et
1416 1368 1645 1396 externtinatoriu
1671 1367 1857 1395 instrumento

1064 1415 1147 1448 facto,
1168 1415 1242 1450 quod
1272 1415 1386 1443 arietem
1407 1415 1564 1448 nominant,
1583 1414 1724 1442 civitatem
1741 1414 1857 1449 adeptus

1063 1465 1123 1494 est;
1145 1461 1278 1489 dttcentcs
1292 1461 1367 1496 quod
1391 1460 1506 1488 barbari
1534 1463 1761 1496 argumentosum
1780 1460 1857 1495 inge-

1065 1511 1140 1536 nium
1162 1508 1229 1545 (57),
1248 1512 1274 1536 et
1292 1508 1361 1535 alias
1374 1507 1468 1543 plures
1482 1507 1566 1535 urbes
1583 1507 1611 1534 in
1627 1506 1787 1534 servitutem
1811 1513 1858 1532 re-

1064 1556 1208 1591 degerunt,
1231 1559 1259 1583 et
1285 1562 1347 1583 cum
1366 1554 1452 1581 multa
1475 1553 1635 1589 captivitate
1654 1551 1759 1580 reversi
1779 1555 1856 1579 sunt.

219 1593 320 1622 Castus
337 1601 427 1622 autem
448 1597 564 1624 veniens
582 1597 711 1634 Zandapa
731 1603 758 1627 et
778 1600 877 1636 Emon,
894 1604 1012 1638 repertis
1024 1600 1047 1631 C
1064 1602 1214 1630 Audientes
1230 1605 1321 1628 autem
1336 1599 1461 1636 Byzantii
1477 1600 1550 1636 quod
1571 1599 1672 1627 Castus
1688 1607 1703 1626 a
1726 1598 1860 1625 Barbaris

221 1639 349 1668 barbaris
364 1641 390 1667 in
408 1641 512 1669 desidia
530 1644 701 1677 constitutis,
727 1646 828 1674 multos
849 1655 881 1675 cx
898 1649 938 1676 cis
956 1649 1012 1677 dis-

220 1687 320 1720 prrdit,
342 1688 518 1723 praedamque
542 1690 654 1718 multam
677 1692 807 1721 obtinens
823 1696 960 1730 armigero
978 1698 1011 1724 ad

221 1733 382 1760 salrandum
408 1735 544 1762 tradebat.
571 1736 707 1765 Martinus
724 1743 815 1766 autem
837 1742 912 1769 circa
935 1741 1011 1770 Mean

221 1779 359 1807 civitatem
386 1780 510 1815 effectus,
532 1786 558 1809 et
583 1782 610 1809 in
640 1784 796 1819 chsganum
815 1794 848 1813 ex
874 1787 1013 1823 insperato

222 1826 376 1860 incurrens,
389 1828 491 1856 tnultos
507 1829 616 1858 virtutis
631 1831 692 1865 ejus
709 1833 854 1866 exstinxit,
869 1831 906 1861 ita
920 1840 949 1862 ut
967 1836 1013 1864 ille

221 1873 338 1900 salutem
366 1881 444 1901 suam
467 1873 529 1911 fuga
556 1881 696 1905 mercatus
717 1878 762 1905 sit.
789 1879 924 1909 Martinus
950 1890 1014 1910 vero

221 1920 336 1947 victoria
356 1920 476 1955 gloriosa
491 1927 620 1958 percepta
636 1924 670 1951 ad
693 1929 837 1959 praetorem
854 1930 1013 1956 revertebao

222 1971 277 1999 tur,
293 1967 338 1994 ttbi
356 1976 385 1995 se
400 1969 566 2004 promiserat
579 1978 628 1998 cos
643 1977 878 2007 exspectaturum.
896 1975 1014 2004 Comen-

223 2014 306 2041 tiolus
323 2019 415 2042 autem
434 2016 581 2045 formidine
597 2025 711 2052 pressus
727 2018 951 2056 Marcianopolim
970 2031 1014 2050 re-

222 2061 294 2094 diit;
313 2062 359 2097 qui
381 2071 438 2090 non
464 2063 636 2092 invenientes
654 2073 717 2093 cum
743 2067 914 2102 collegerunt
936 2077 1015 2096 excr-

221 2106 296 2134 cittts
308 2116 385 2140 suos,
398 2114 425 2136 ct
438 2117 484 2143 per
496 2115 585 2136 artunt
601 2110 689 2138 locum
703 2111 776 2138 [Emi
791 2117 882 2140 castra
893 2120 1013 2143 movent.

225 2155 257 2180 At
277 2161 341 2181 vero
369 2154 504 2182 Martinus
525 2156 619 2184 videns
643 2157 799 2192 chaganum
823 2163 1013 2189 transeuntem

223 2200 336 2226 ﬂuvium
353 2201 384 2227 ad
401 2205 546 2235 prtetoretn
565 2202 657 2230 rediit.
673 2202 774 2231 Castus
791 2210 881 2233 autem
899 2208 1015 2236 transito

224 2245 336 2273 flumine
351 2248 578 2282 appropinquans
594 2248 637 2275 his
650 2249 696 2284 qui
716 2256 928 2287 prtecurrcrant,
943 2238 1014 2282 Ava-

224 2300 284 2319 rum
298 2293 402 2321 obtinet
413 2302 543 2329 pugnam.
552 2294 639 2323 Porro
651 2296 713 2323 vani
726 2297 870 2331 cujusdattt
883 2300 1015 2330 tltentonis

225 2341 489 2373 rrprotnissiouibus
500 2341 632 2376 deceptus
643 2350 698 2369 ιιοη
716 2343 797 2371 rediit
809 2345 842 2372 ad
859 2350 1014 2380 prattorcm.

225 2385 394 2421 Posteraque
409 2388 452 2414 die
468 2392 563 2415 tenens
579 2389 711 2416 transitus
725 2390 865 2426 chaganus
881 2394 1018 2422 conclusit

224 2439 300 2458 cum.
313 2431 455 2459 Scinditur
470 2433 553 2468 igitur
573 2435 704 2469 populus,
722 2441 750 2463 et
767 2438 970 2474 unusquisque,
987 2445 1015 2466 ut

225 2478 300 2505 vires
327 2478 456 2512 habebat,
483 2488 531 2514 per
550 2488 664 2508 nemora
695 2481 828 2517 fugiebat.
862 2485 1017 2520 Capiuntur

226 2524 319 2559 itaque
333 2525 444 2559 quidattt
462 2533 476 2551 a
494 2525 631 2560 barbaris,
647 2531 674 2554 et
690 2527 813 2556 indicant
829 2530 874 2556 ubi
891 2531 1016 2559 latitabat

225 2569 342 2602 Castus;
359 2575 386 2597 et
418 2570 470 2597 hoc
493 2576 575 2606 capto
600 2573 776 2601 exsultabant
791 2580 819 2602 et
840 2575 1015 2605 ltetabantur.

225 2616 373 2651 Chaganus
400 2625 466 2644 sane
496 2625 545 2652 per
565 2618 705 2645 meridiem
730 2619 783 2646 iter
810 2628 894 2655 agens
922 2627 1017 2650 contra

227 2660 361 2690 Thracem
389 2667 528 2698 properat,
553 2663 716 2700 Longosque
741 2673 835 2693 muros
854 2668 968 2702 acer-pit.
985 2669 1018 2696 At

1065 1649 1189 1684 captivus
1205 1647 1319 1675 effectus
1331 1647 1378 1679 sit,
1394 1646 1501 1681 magnis
1523 1646 1657 1674 conviciis
1670 1649 1765 1673 contra
1782 1643 1859 1672 Mau-

1067 1693 1165 1720 ricium
1182 1692 1343 1725 utebantur,
1356 1692 1466 1719 ethunc
1479 1691 1507 1719 in
1515 1691 1663 1719 manifesto
1677 1690 1860 1726 blasphemiis

1066 1739 1240 1774 appetebant.

1101 1786 1153 1814 Per
1173 1785 1243 1813 idem
1260 1792 1371 1821 quoque
1389 1789 1498 1820 tempus
1513 1783 1659 1812 licraclius
1674 1784 1793 1812 llcraciii
1808 1792 1860 1819 pa-

1066 1835 1108 1859 ter
1122 1832 1263 1859 Persicum
1281 1839 1428 1866 aggressus
1442 1835 1485 1859 est
1500 1834 1634 1864 castrum,
1646 1831 1721 1866 quod
1737 1831 1858 1871 etcepit.

1068 1878 1203 1906 Similiter
1218 1882 1246 1905 et
1270 1877 1432 1905 Theodorus
1454 1882 1576 1905 castrum
1600 1877 1783 1909 Mazarorum,
1799 1885 1860 1904 am-

1067 1927 1159 1961 boque
1177 1924 1294 1952 Bavides
1311 1924 1436 1951 veniunt.
1463 1923 1497 1950 Et
1513 1931 1575 1951 cum
1595 1929 1715 1951 castrtttn
1733 1923 1861 1951 munitis-

1067 1973 1168 2001 simum
1184 1977 1269 2003 esset,
1290 1971 1368 1998 ntilcs
1386 1970 1497 2006 quidam
1519 1969 1651 2005 Saphircs
1671 1971 1792 2003 nomine,
1809 1971 1862 1998 sti-

1068 2020 1158 2047 tnulos
1172 2023 1215 2046 est
1230 2021 1370 2054 operatus,
1388 2021 1415 2045 et
1435 2021 1532 2044 contra
1545 2017 1722 2053 compagines
1738 2017 1860 2052 lapidum

1069 2067 1119 2093 hos
1134 2065 1221 2100 ﬁgens
1237 2072 1284 2099 per
1305 2071 1353 2091 eos
1368 2063 1474 2090 aditum
1497 2063 1572 2091 fecit.
1590 2063 1658 2090 Cum
1674 2067 1764 2091 autem
1782 2063 1862 2092 fortis

1069 2112 1115 2140 ille
1140 2111 1313 2139 ascendisset
1335 2110 1407 2137 mttri
1437 2116 1580 2141 coronam,
1606 2109 1648 2136 vir
1675 2110 1757 2137 Persa
1785 2110 1861 2137 hunc

1069 2159 1183 2194 expulit.
1209 2157 1290 2186 Cadit
1323 2164 1390 2192 ergo
1415 2155 1547 2192 Sapltires
1560 2155 1702 2188 deorsum,
1724 2160 1750 2182 et
1769 2156 1862 2186 susci-

1069 2206 1148 2241 piunt
1163 2213 1225 2233 cutn
1246 2205 1273 2232 in
1292 2203 1380 2231 scutis
1396 2203 1454 2230 suis
1475 2201 1607 2229 Romani.
1622 2201 1654 2228 Et
1677 2208 1774 2229 rursus
1790 2209 1862 2236 opus

1070 2254 1202 2280 audenter
1225 2250 1334 2285 arripit,
1352 2254 1380 2277 et
1407 2248 1498 2276 denuo
1522 2256 1536 2275 a
1561 2248 1691 2275 firmitate
1707 2247 1861 2282 repellitur.

1069 2301 1226 2332 lterutnquc
1243 2296 1360 2324 Romani
1377 2296 1451 2323 hunc
1465 2295 1550 2322 scutis
1561 2294 1726 2329 suscipiunt,
1737 2298 1764 2321 et
1779 2294 1864 2321 tertio

1069 2347 1102 2373 ad
1117 2345 1367 2372 machinamentum
1383 2346 1502 2370 conatus
1523 2345 1574 2369 est.
1588 2341 1714 2376 Cumque
1737 2340 1771 2367 ad
1789 2340 1862 2367 muri

1068 2395 1152 2427 caput
1177 2390 1360 2426 pervenisset,
1385 2389 1499 2416 Persam
1527 2387 1640 2420 excidit,
1660 2387 1760 2414 deinde
1779 2391 1865 2421 caput

1068 2439 1129 2474 ejus
1145 2437 1278 2464 Romanis
1292 2436 1417 2471 praebens
1431 2435 1483 2462 hos
1500 2434 1599 2461 fiducia
1614 2441 1714 2469 magna
1729 2433 1863 2468 replevit;

1069 2486 1218 2520 multisque
1245 2483 1420 2510 imitantibus
1437 2482 1527 2509 virum
1543 2481 1653 2512 fortem,
1667 2485 1695 2508 ct
1715 2488 1764 2515 per
1787 2480 1866 2515 palos

1069 2532 1282 2560 ascendentibus
1300 2537 1421 2562 nutrttm,
1442 2528 1574 2556 Romanis
1591 2527 1711 2555 traditur
1728 2531 1865 2554 castrum.

1069 2579 1102 2605 Et
1122 2579 1191 2605 alios
1206 2577 1316 2612 quidem
1344 2576 1490 2603 Persarum
1512 2573 1685 2606 ceciderunt,
1702 2573 1772 2599 alios
1799 2580 1866 2600 vero

1070 2624 1192 2659 captivos
1208 2623 1347 2649 duxerunt
1363 2628 1416 2648 una
1436 2627 1498 2647 ettnt
1522 2619 1701 2655 supellectili,
1725 2618 1781 2653 igni
1800 2626 1866 2653 pro-

1070 2670 1127 2697 dito
1144 2673 1245 2696 castro.
1263 2668 1368 2695 Interea
1390 2667 1560 2702 Philippicus
1580 2674 1678 2694 rursus
1699 2665 1865 2700 Byzantium

981 2749 1098 2778 NOTAE.

249 2799 320 2839 _(36)
338 2800 551 2839 "Subjuga‘liltus.
571 2802 683 2839 filossaé
711 2814 716 2830 :
744 2803 890 2837 ὑποζύγιον
922 2806 1016 2839 subju-

228 2836 321 2875 glttttt._
333 2836 528 2875 Onomasticon
543 2846 550 2875 _:
566 2837 720 2875 Sttbjttgalis
734 2836 899 2875 Αὑποξύγιοςί
918 2836 1016 2875 Sub-ju-

230 2869 403 2911 galiibestia
418 2869 719 2911 Prttdcntioin‘agone
733 2869 861 2902 Romani.
880 2869 963 2902 Fiunt.

267 2905 323 2943 (δῖ)
347 2906 501 2943 λγιρηιᾰιψι.
522 2909 608 2936 Gallis
637 2905 729 2943 eitgin.
756 2911 882 2936 machina
910 2911 1016 2938 bellica.

234 2939 329 2969 Matth.
345 2939 448 2969 ναί-ΒΑ
462 2942 496 2969 lit
507 2945 647 2976 ingenium
657 2939 831 2973 adhiberetur
844 2946 876 2972 ad
887 2947 995 2974 turrim.
1007 2956 1015 2972 ι

1076 2808 1120 2835 Sic
1136 2808 1234 2843 l‘apias
1252 2807 1279 2834 in
1302 2804 1495 2843 Yocabulat‘id
1508 2801 1865 2843 argntnctttttm_iug_eujpm

1075 2836 1280 2878 interpr-utatur.
1304 2841 1370 2868 Vide
1391 2836 1625 2878 ljlltnenhorstinm
1641 2837 1675 2863 ad
1701 2839 1780 2871 Apul.
1798 2836 1864 2863 Μτι.

1074 2879 1091 2905 l.
1107 2887 1133 2911 v,
1192 2879 1253 2904 207.
1270 2878 1375 2904 Clossze
1399 2875 1519 2903 ltositltci
1535 2885 1539 2901 ;
1563 2883 1571 2899 t
1594 2875 1804 2908 Atguatentunt,
1821 2880 1866 2898 ar-

1075 2920 1136 2950 gute
1153 2916 1302 2942 inventum.
1320 2913 1357 2939 In.
