2035 3153
152 217 219 250 12ἳἹ

543 215 1030 248 1]ISTORLLECCLESIASTICA
1050 214 1100 245 EX
1119 214 1362 245 TIIEOPIIANE.

1716 213 1788 244 1278

151 273 204 300 iter
218 272 286 307 egit,
316 270 442 299 Heraclio
455 269 644 298 Romanorum
666 270 738 297 duce
763 269 868 297 relicto.
890 268 941 297 Ve-
956 271 980 299 Α
1031 268 1124 297 Mundi
1138 275 1210 295 anno
1221 267 1304 300 6080,
1318 267 1419 295 divina:
1428 266 1628 295 incarnationis
1642 275 1715 296 anno
1723 268 1789 298 580,

153 319 233 346 uiens
260 321 353 345 autent
380 316 510 348 Tarsum,
531 319 559 343 ct
580 315 676 343 dicens
698 315 772 350 quod
796 315 946 350 imperator

151 364 280 393 Priscum
313 363 436 391 Orientis
465 366 609 396 praetorem
643 365 767 389 creatum
796 361 944 393 direxerit,

150 410 249 437 scribit
269 409 397 438 Heraclio
406 409 522 436 dimisso
538 407 660 436 exercitu
676 408 704 434 iu
725 407 884 435 Armeniam
898 415 945 434 ve-

150 456 213 484 nire
228 455 263 482 ad
284 455 390 483 Narseo
412 459 440 482 et
462 454 551 482 Prisci
572 455 633 489 ejus
658 454 833 488 praesentiam
855 453 946 481 facere

151 501 340 529 manifestam.
367 501 520 536 Imperator
545 500 619 528 enim
641 500 796 535 Philippico
821 501 946 535 jusserat

153 553 252 583 quarta
278 555 351 582 roga:
369 551 447 582 parte
473 547 584 581 privare
609 546 748 573 militiam.
773 546 946 581 Philippicus

153 599 246 622 autem
270 594 372 621 timens
389 600 423 620 ne
445 593 557 621 occasio
580 592 735 627 tyrannidis
755 592 844 625 ﬁeret,
865 599 947 627 super

153 641 205 667 hoc
222 639 382 674 imperatori
399 646 454 666 non
476 638 578 673 paruit,
600 638 718 672 ideoque
729 645 744 664 a
764 641 884 672 praetura
897 637 945 664 de-

153 687 275 722 ponitur.
309 685 422 713 Priscus
459 689 550 712 autem
579 684 746 719 perveniens
772 684 945 712 Antiochiam

152 731 285 767 pracepit
300 731 402 758 milites
413 730 485 766 apud
501 729 692 757 M‘onocartum
704 730 807 765 colligi.
824 729 948 757 Advocat

154 783 247 805 autem
263 784 289 805 ct
299 777 481 810 Germanum,
493 776 536 803 cui
549 776 768 804 lledcssenorum
780 776 947 811 principatus

152 825 275 852 creditus
298 828 368 855 erat,
387 830 442 850 nua
460 830 522 851 eutn
541 823 686 858 episcopo.
704 827 731 850 et
751 830 805 850 una
825 830 887 850 eum
907 822 947 850 cis

152 871 189 899 ad
207 871 358 899 exercitum
379 871 448 902 ibat,
460 870 664 898 solemnitatem
682 869 795 898 Pascha:
811 878 874 898 cum
892 870 947 898 illis

153 917 293 945 facturus.
310 918 344 944 At
358 924 423 945 vero
439 916 525 944 duces
539 916 678 944 exercitus
692 915 800 943 obviam
814 920 947 943 venerunt

152 965 179 991 ei
195 972 256 991 cum
280 963 391 995 bandis,
411 963 520 991 duobus
540 963 629 998 signis
646 963 742 998 procul
757 963 792 991 ab
810 963 944 991 exercitu.

154 1011 206 1038 Ast
228 1010 342 1038 Priscus
365 1009 518 1038 secundum
535 1017 639 1037 morem
671 1017 725 1037 non
751 1008 896 1037 descendit
911 1009 946 1036 ab

155 1063 239 1092 equo,
257 1063 309 1084 nec
325 1047 468 1084 consuetis
493 1055 710 1083 salutationibus
725 1063 793 1083 usus
810 1060 861 1083 est.
878 1054 947 1082 Hinc

152 1111 220 1138 ergo
231 1107 259 1130 et
272 1103 328 1131 odii
342 1103 486 1131 exordium
510 1102 616 1130 factum
629 1107 691 1130 est:
708 1102 736 1130 in
752 1102 947 1130 communibus

154 1157 274 1184 namque
299 1149 409 1184 injuriis
428 1149 620 1176 multitudines
647 1149 773 1176 severius
790 1149 945 1184 patiuntur.

154 1195 221 1223 Post
236 1195 336 1222 festum
354 1198 445 1222 autem
467 1194 539 1222 diem
564 1194 828 1222 demonstrabantur
851 1195 947 1223 tetrico

155 1239 330 1273 imperatoris
346 1238 453 1265 litterae.
471 1237 620 1266 Conﬂuunt
640 1239 732 1273 itaque
753 1239 946 1268 multitudines

154 1285 187 1312 ad
205 1285 332 1320 pra-loris
347 1284 463 1312 ﬂxuram
484 1285 667 1318 tabernaculi,
685 1285 748 1313 aliis
762 1286 873 1320 quidem
889 1287 947 1322 gla-

156 1331 218 1359 dios
229 1331 418 1366 portantibus,
428 1331 490 1360 aliis
505 1339 569 1359 vero
585 1332 690 1366 lapides
703 1332 746 1360 vel
760 1332 831 1368 ligna
841 1333 946 1367 jactan-

158 1378 241 1404 tibus.
270 1376 313 1404 Fit
340 1377 423 1413 igitur
452 1377 570 1412 pavidus
595 1378 718 1411 Priscus,
741 1383 770 1406 et
795 1380 947 1408 ascendens

156 1429 257 1458 equum
275 1422 338 1458 fuga
354 1424 443 1452 evasit
457 1423 623 1459 periculum.
644 1425 686 1451 Illi
710 1432 775 1452 vero
790 1425 948 1453 scinde-vtes

158 1470 241 1497 fixum
257 1470 340 1504 huius
355 1469 575 1503 tabernaculum,
590 1470 683 1497 omnia
696 1478 757 1505 qua:
768 1471 856 1506 ipsius
869 1477 949 1499 erant

157 1515 343 1550 diripuerunt.
359 1515 408 1543 Ast
422 1515 467 1542 ille
481 1514 672 1543 Constantiam
687 1516 849 1551 perveniens
863 1524 878 1543 a
890 1524 948 1544 me-

157 1561 228 1589 dicis
234 1561 269 1588 de
276 1560 627 1596 pereussionibuslapidum
633 1565 660 1589 et
667 1562 826 1590 vulneribus
833 1563 950 1590 curaba-

157 1613 215 1640 tur,
225 1611 252 1634 et
262 1607 344 1635 mittit
352 1607 512 1642 episcopum
522 1607 643 1635 civitatis
658 1608 795 1636 rationem
805 1609 909 1637 faciens
919 1617 950 1638 ac

160 1654 294 1689 pollicens
305 1653 478 1682 exercituise
494 1660 645 1682 suasurum
662 1653 832 1690 imperatori,
843 1664 877 1684 ne
886 1657 948 1684 illos

160 1701 248 1734 privet
265 1700 356 1735 aliqua
368 1699 601 1728 conferendarum
627 1701 863 1729 consuetudinum
881 1703 951 1737 (58).

159 1747 354 1775 Astexercitus
361 1746 521 1781 episcopum
535 1753 599 1774 eum
611 1745 721 1781 injuriis
739 1748 954 1783 respueruutkt

159 1793 330 1821 Germanum
347 1793 464 1821 invitum
478 1796 624 1827 praetorem
638 1793 893 1828 pronuntiaverunt
907 1801 954 1822 su-

160 1846 208 1873 per
225 1830 334 1866 scutum
351 1838 465 1870 elatum,
477 1837 743 1872 imperetoriamquc
758 1842 877 1866 statuam
890 1839 954 1867 sub

161 1889 313 1918 verterunt,
330 1889 359 1913 et
381 1885 464 1920 hujus
487 1884 622 1920 imagines
640 1884 764 1913 demoliti
786 1889 862 1913 sunt.
877 1885 910 1912 Et
926 1886 952 1913 in

161 1931 334 1966 tyrannidem
358 1934 572 1966 prorumperent
595 1934 622 1957 et
649 1930 733 1958 urbes
761 1931 953 1966 dispoliarent,

160 1978 214 2005 nisi
235 1977 391 2006 Germanus
412 1977 439 2004 id
464 1984 546 2011 agere
567 1976 653 2004 multa
681 1978 899 2006 commonitione
927 1983 954 2006 et

159 2023 351 2051 exhortatione
383 2023 526 2051 vetuisset.
546 2022 658 2050 Priscus
683 2027 774 2051 autem
811 2013 869 2051 hinc
900 2025 952 2051 im-

159 2070 283 2104 peratori
299 2068 445 2097 manifesta
461 2067 537 2102 fecit,
555 2073 583 2096 et
600 2069 750 2103 imperator
767 2069 952 2105 Philippicum

161 2118 253 2144 denuo
271 2119 415 2151 praetorem
437 2113 556 2142 Orientis
582 2115 736 2142 constituit.
752 2114 868 2142 Priscus
889 2122 954 2142 vero

160 2162 323 2199 Byzantium
351 2161 446 2188 rediit.
465 2160 552 2188 Porro
573 2161 715 2188 exercitus
737 2161 904 2196 juramentis
923 2169 953 2189 se

163 2208 317 2237 afﬁrmabat
331 2216 346 2235 a
361 2207 494 2236 Mauricio
507 2207 665 2235 nullatenus
682 2207 824 2243 imperari.
840 2208 952 2236 Barbari

161 2264 228 2283 sane
246 2255 379 2282 Romanis
394 2254 602 2282 calamitatibus
617 2254 835 2282 delectabantur.
853 2254 952 2283 Verum

161 2303 310 2337 imperator
339 2301 559 2333 Aristobolum,
577 2305 735 2328 curatorem
766 2301 950 2335 impcrialium

160 2349 317 2379 domorum,
337 2347 370 2375 ad
386 2347 537 2374 exercitum
556 2347 641 2380 misit,
658 2352 796 2382 quatenus
809 2348 952 2383 juramen-

163 2396 199 2422 tis
215 2399 243 2421 et
259 2394 341 2422 donis
365 2393 539 2429 tyrannidem
566 2393 705 2426 solveret;
728 2395 801 2428 quod
822 2398 851 2421 et
875 2394 949 2421 fecit.

162 2441 321 2478 Tyrannide
338 2447 404 2467 vero
419 2439 561 2466 destructa
579 2439 609 2465 fit
628 2438 775 2466 Persarum
794 2444 876 2474 atque
892 2439 949 2466 lio-

161 2495 306 2516 manormn
328 2487 401 2514 circa
429 2484 634 2520 Martyropolim
663 2485 814 2512 maximum
840 2486 952 2513 bellum.

162 2534 296 2561 Ηθιιιίιιιίς
322 2541 387 2560 vero
414 2532 535 2568 potentia
559 2535 586 2558 et
611 2531 715 2558 ducum
739 2532 840 2559 virtute
869 2540 954 2567 expu—

162 2581 312 2615 gnant.bus
332 2579 442 2612 Persas,
470 2578 633 2606 interficitur
657 2577 782 2605 Marusas
805 2577 952 2607 Persarum

163 2632 274 2662 pnetor.
294 2625 572 2660 Comprshcuduntur
587 2624 669 2651 etiam
687 2623 837 2651 viventium
855 2632 887 2652 ex
912 2624 953 2652 his

165 2674 218 2700 tria
233 2673 332 2704 millia,
344 2678 371 2700 et
386 2672 560 2700 Persicorum
576 2671 715 2706 principes
726 2671 865 2705 agminum
880 2671 953 2700 mille

163 2723 272 2745 tantum
292 2718 394 2746 reversi
413 2721 477 2744 sunt
504 2717 531 2743 in
553 2715 705 2744 Persidem.
732 2715 818 2743 Porro
836 2716 951 2744 ltontani

163 2766 355 2793 transmittunt
378 2764 410 2791 ad
436 2764 629 2799 imperatorem
646 2771 678 2790 ex
702 2762 821 2791 Persicis
843 2763 952 2791 exuviis

165 2811 252 2838 multa
266 2814 293 2839 et
309 2814 405 2846 captos
420 2814 446 2837 et
461 2809 606 2837 universos
621 2817 675 2836 una
693 2816 754 2836 cum
770 2808 880 2837 bandis.

996 323 1096 344 mense
1120 315 1306 350 Septetnbrio,
1331 314 1481 341 indictione
1505 318 1594 347 sexta,
1616 314 1788 350 Langobardi

999 363 1100 391 bellum
1124 362 1259 389 adversus
1286 360 1427 388 Romanos
1449 360 1615 392 intulerunt,
1633 364 1661 388 et
1679 359 1791 387 Mauru-

998 409 1106 437 siorum
1132 412 1229 443 gentes
1245 407 1379 434 adversus
1403 406 1526 434 Africam
1550 415 1665 442 magnas
1685 413 1791 442 pertur-

998 456 1126 483 bationes
1141 458 1381 490 perpetraverunt.
1401 453 1431 481 In
1447 453 1565 482 Perside
1588 459 1680 481 autem
1696 462 1792 482 carcer

997 507 1041 531 est
1057 502 1106 537 qui
1119 502 1223 530 dicitur
1243 500 1340 534 Lethe,
1368 505 1397 528 et
1420 501 1524 528 multos
1541 500 1686 527 Persarum
1714 508 1760 527 rex
1775 507 1790 526 a

997 549 1118 577 diversis
1135 548 1265 583 gentibus
1280 547 1308 574 in
1325 547 1377 574 hoc
1394 547 1509 574 inclusit
1531 555 1584 574 una
1600 554 1663 574 cum
1676 547 1792 580 captivis

998 596 1122 624 civitatis
1133 595 1222 622 Darat.
1236 593 1284 622 Isti
1300 601 1367 628 ergo
1381 591 1522 628 desperati
1536 593 1683 627 insurgunt
1696 597 1792 620 contra

997 650 1047 671 eos
1062 642 1111 677 qui
1135 649 1165 670 se
1185 640 1393 673 custodiebant,
1413 643 1441 667 et
1456 639 1552 666 occiso
1577 639 1685 665 Marusa
1709 642 1794 674 caput

998 689 1060 724 ejus
1086 688 1249 724 Byzantium
1276 689 1439 716 attulerunt.
1471 686 1520 713 Ast
1547 685 1700 721 imperator
1729 692 1792 711 Clllll

999 734 1101 769 gaudio
1119 742 1217 770 magno
1245 735 1309 762 illos
1333 732 1466 767 suscepit.
1489 730 1674 766 Philippicum
1702 735 1792 756 autem

999 781 1042 807 vix
1059 785 1205 815 praetorem
1227 780 1332 815 recepit
1347 778 1498 807 exercitus.
1515 777 1584 803 Cum
1610 780 1700 803 autem
1726 775 1792 801 Pcr-

999 834 1092 854 sarum
1113 826 1358 861 Romanorumque
1375 825 1478 853 bellum
1503 823 1679 859 Martyropoli
1706 822 1792 853 ﬁeret,

999 879 1170 907 superantur
1193 872 1324 900 Romani.
1347 873 1499 907 Imperator
1514 874 1605 898 autem
1628 877 1643 896 a
1670 872 1790 903 praetura

1002 920 1157 955 Philippico
1171 926 1269 947 rursus
1284 921 1386 950 amoto,
1400 916 1631 945 Commentiolum
1647 918 1792 949 prauorum

999 966 1125 993 Orientis
1151 964 1263 992 direxit.
1288 963 1435 992 lleraclius
1457 967 1549 990 autem
1567 964 1748 996 prosperatus
1768 959 1794 985 in

998 1011 1071 1040 bello
1088 1011 1205 1046 peremit
1217 1010 1364 1038 Persarum
1383 1013 1542 1045 praetorem.
1560 1007 1718 1042 Apbrahato
1731 1012 1795 1032 vero

999 1059 1165 1092 interempto
1179 1057 1289 1092 fugiunt
1308 1055 1399 1084 Persa:
1419 1060 1446 1083 et
1463 1056 1649 1089 insequuntur
1666 1051 1795 1078 Romani.

998 1103 1066 1132 Cum
1099 1107 1190 1130 autem
1215 1102 1333 1130 multum
1355 1101 1454 1129 fuisset
1477 1103 1505 1129 in
1533 1101 1574 1128 eis
1594 1098 1731 1128 excidium
1755 1097 1796 1123 fa-

999 1155 1086 1183 ctum,
1108 1149 1351 1185 comprehendunt
1372 1150 1455 1176 ctiam
1479 1148 1635 1176 custodiam
1651 1150 1677 1173 et
1692 1145 1796 1172 multas

999 1196 1113 1224 exuvias
1147 1196 1310 1231 Byzantium
1342 1195 1467 1223 mittunt.
1497 1193 1620 1227 Denique
1647 1192 1797 1226 imperator

999 1242 1174 1277 equestribus
1195 1241 1434 1277 speculationibus
1458 1246 1481 1268 et
1501 1238 1677 1267 commerciis
1701 1237 1796 1264 urbem

999 1288 1174 1323 splendidam
1194 1287 1327 1315 reddidit.
1341 1285 1488 1314 llormisda
1503 1285 1651 1313 Persarum
1666 1290 1712 1310 rex
1730 1289 1798 1318 pra:—

1000 1340 1089 1362 torem
1118 1334 1219 1360 Baram
1250 1338 1409 1368 promotum
1434 1339 1488 1360 una
1515 1339 1578 1359 cum
1609 1329 1798 1365 potentatilms

1001 1380 1098 1407 multis
1117 1384 1214 1407 contra
1232 1379 1366 1406 Suaniam
1383 1379 1479 1406 mittit.
1498 1378 1535 1404 Ex
1552 1377 1693 1411 insperato
1708 1378 1798 1401 autem

1000 1426 1065 1453 huic
1086 1425 1196 1453 instans
1217 1425 1251 1452 ad
1268 1426 1390 1452 Araxem
1406 1424 1508 1451 flumen
1524 1425 1616 1450 castra
1632 1423 1797 1449 commovet.

1001 1472 1137 1507 siquidem
1153 1471 1323 1507 expugnatis
1332 1470 1432 1498 Turcis
1444 1478 1459 1497 a
1471 1469 1562 1496 Persis
1574 1467 1641 1495 adeo
1653 1465 1798 1493 Hom-isda

1000 1518 1087 1545 crevit
1104 1521 1133 1545 ut
1148 1517 1234 1545 etiam
1257 1516 1364 1544 tributa
1378 1515 1562 1550 quadraginta
1587 1512 1672 1540 millia
1698 1510 1756 1538 auri
1784 1518 1799 1536 a

1001 1563 1100 1591 Turcis
1127 1563 1276 1598 acciperet,
1300 1569 1363 1589 cum
1385 1561 1462 1596 prius
1488 1561 1547 1595 ipse
1568 1557 1685 1593 aequalia
1701 1555 1800 1583 Turcis

964 1623 988 1655 ο
1004 1609 1183 1644 persolveret.
1210 1607 1312 1636 Verum
1340 1607 1492 1634 Mauricius
1514 1606 1566 1633 hoc
1584 1607 1724 1639 comperto
1741 1604 1799 1630 lto-

1006 1662 1118 1682 manum
1141 1653 1271 1690 provehit
1294 1658 1451 1688 praetorem,
1468 1656 1496 1679 et
1525 1652 1553 1678 in
1577 1650 1710 1678 Snaniam
1736 1655 1799 1675 cum

1006 1704 1150 1736 potentatu
1174 1699 1347 1728 transmittit.
1363 1699 1489 1733 Cumque
1510 1697 1680 1732 pervenisset
1700 1695 1801 1721 Roma-

1006 1755 1059 1775 nus
1077 1747 1206 1775 Lazicam
1221 1750 1249 1774 et
1264 1746 1297 1774 ad
1317 1745 1427 1773 Phasim
1446 1744 1558 1772 (luvium
1574 1741 1752 1772 accessisset,
1771 1741 1798 1766 in

1005 1793 1151 1820 Albaniam
1166 1791 1320 1820 exercitum
1337 1791 1433 1819 movit.
1449 1790 1546 1816 Baram
1570 1793 1662 1815 autem
1680 1786 1800 1813 audiens

1005 1839 1160 1868 Romanum
1173 1838 1325 1874 profectum
1334 1845 1391 1865 rem
1402 1835 1554 1864 deridebat.
1568 1833 1704 1868 Cupiebat
1715 1832 1798 1858 etiam

1007 1887 1195 1914 Romanorum
1208 1885 1294 1912 aciem
1313 1891 1395 1910 manu
1414 1889 1534 1918 capere:
1552 1888 1606 1908 non
1622 1880 1695 1907 enim
1712 1879 1801 1905 adhuc.

1005 1933 1139 1960 adversus
1163 1930 1304 1958 Romanos
1318 1928 1419 1961 bellum
1437 1927 1546 1954 inierat.
1562 1925 1597 1951 At
1617 1931 1681 1951 vero
1701 1923 1800 1949 Itoma-

1006 1986 1059 2006 nus
1084 1977 1236 2005 Romanam
1264 1973 1470 2002 multitudinem
1487 1970 1637 2006 separavit,
1665 1977 1718 1996 non
1736 1975 1801 2003 pro-

1010 2025 1081 2052 batis
1098 2030 1182 2059 penes
1198 2022 1323 2050 sarcinas
1335 2019 1487 2048 derelictis.
1499 2018 1597 2045 Decem
1617 2015 1701 2042 millia
1716 2014 1800 2041 etiam

1006 2078 1100 2099 secum
1119 2068 1261 2104 accipiens
1276 2067 1411 2095 adversus
1426 2065 1560 2093 barbaros
1578 2061 1759 2098 properabat,
1773 2064 1801 2085 ct

1005 2118 1061 2145 duo
1091 2115 1176 2143 millia
1207 2114 1364 2149 praecedere
1386 2112 1465 2148 jubet
1486 2109 1649 2139 exercitum.
1676 2107 1728 2140 Qui
1752 2115 1800 2134 ve-

1005 2164 1114 2190 nientes
1127 2161 1236 2190 obviam
1263 2160 1308 2188 bis
1332 2159 1380 2195 qui
1400 2160 1614 2194 praecesserant,
1629 2154 1728 2182 Persas
1751 2153 1802 2180 lms

1007 2211 1034 2237 in
1046 2213 1122 2244 terga
1136 2212 1256 2240 vertunt,
1267 2211 1294 2235 et
1306 2214 1403 2234 omnes
1418 2205 1600 2232 interimunt:
1613 2202 1686 2229 facta
1700 2200 1802 2235 quippe

1008 2255 1072 2290 fuga
1099 2259 1127 2282 et
1148 2253 1302 2289 pracipilio
1328 2251 1379 2279 sibi
1407 2251 1538 2278 obstante
1553 2247 1678 2276 conclusi
1704 2253 1802 2273 omnes

1005 2301 1183 2330 interierunt.
1215 2300 1263 2327 Ast
1293 2297 1409 2325 Romani
1439 2303 1527 2330 usque
1557 2295 1589 2321 ad
1621 2293 1802 2321 barbarorum

1006 2348 1109 2375 vallum
1122 2349 1268 2376 venerunt,
1285 2344 1322 2371 ita
1336 2347 1365 2370 ut
1389 2342 1487 2368 Baram
1503 2347 1585 2374 super
1605 2339 1658 2365 hoc
1670 2337 1801 2370 obstupe—

1006 2397 1106 2421 scerct.
1118 2391 1195 2424 Quod
1208 2390 1323 2417 audiens
1335 2388 1478 2416 Romanus
1490 2385 1614 2412 animare
1625 2382 1710 2418 carpit
1721 2389 1800 2409 excr—

1006 2440 1103 2470 eitum,
1134 2442 1161 2464 ct
1179 2435 1328 2471 pradiaturi
1342 2436 1477 2470 parantur
1497 2432 1524 2458 in
1552 2437 1650 2464 campo
1669 2428 1800 2456 Albaniae.

1007 2484 1104 2511 Baram
1131 2488 1222 2510 autent
1238 2482 1378 2510 nitebatur
1401 2480 1502 2508 bellum
1529 2477 1628 2508 furari.
1653 2476 1803 2503 frustratus

1007 2535 1098 2557 tamen
1128 2529 1247 2557 consilio
1261 2533 1304 2557 est
1323 2538 1329 2556 :
1360 2526 1483 2555 surrexit
1505 2524 1577 2552 enim
1603 2522 1755 2552 Romanus,
1772 2525 1801 2547 ct

1008 2577 1197 2612 comptissime
1213 2575 1372 2611 parabatur.
1395 2575 1463 2602 Cum
1483 2576 1574 2599 autem
1598 2570 1714 2597 invicem
1735 2574 1802 2594 con—

1009 2623 1099 2651 flictus
1124 2623 1277 2658 agitaretur
1291 2626 1319 2649 et
1338 2621 1416 2648 multi
1436 2620 1620 2647 Barbarorum
1635 2614 1720 2644 occisi
1733 2614 1802 2640 fuis-

1008 2675 1080 2704 sent,
1104 2672 1133 2699 llt
1157 2671 1276 2699 maxima
1304 2669 1437 2698 Romanis
1455 2666 1582 2695 victoria.
1613 2663 1801 2698 Dispoliantur

1007 2719 1090 2754 igitur
1106 2718 1232 2748 Barbari.
1258 2722 1286 2745 ct
1314 2717 1458 2751 sepultura
1482 2717 1610 2741 carentes
1641 2709 1800 2737 efficiuntur

1006 2766 1103 2794 bestiis
1119 2773 1193 2793 esca.
1210 2764 1268 2792 Hoc
1284 2764 1380 2792 audito
1397 2760 1560 2789 Hormisdas
1574 2759 1721 2786 Persarum
1737 2762 1797 2785 rex,

1008 2811 1199 2840 confusionem
1220 2819 1274 2839 non
1288 2809 1391 2843 ferens,
1408 2806 1570 2835 muliebrem
1581 2807 1685 2832 vestem
1699 2801 1796 2829 Baram

961 944 986 974 Β

968 2295 990 2324 D

928 2869 1045 2900 NOTJ‘).

200 2917 257 2952 ('58)
275 2918 499 2944 Consurlurlinum
523 2918 700 2946 Cunsuvluclo
731 2919 879 2953 prmstalio,
898 2919 1151 2954 7.7{301ﬂﬂlﬂssmi
1171 2917 1301 2945 salarium
1321 2913 1461 2949 συνήθεια,
1475 2920 1499 2938 v.
1514 2910 1583 2937 Hist.
1617 2909 1679 2944 Τήν
1713 2909 1729 2935 Ι-
1753 2915 1791 2941 Vl,

164 2961 190 2980 c.
205 2953 231 2987 7,
246 2959 271 2981 et
287 2954 305 2982 Ι.
322 2962 369 2987 vn,
387 2962 412 2981 c.
428 2955 453 2982 5,
469 2953 548 2980 Pasti.
