2035 3153
226 189 316 235 .1219

799 188 996 219 ANASTASII
1017 189 1338 222 BIBLIOTHECARII

1816 193 1889 227 1280

247 247 412 280 transmisit,
426 251 453 276 ct
474 247 546 275 hunc
564 251 681 281 praetura
704 247 831 281 privavit.
853 247 1038 276 Paratc.con-
1053 253 1074 282 Α
1093 249 1221 277 misdam.
1250 249 1282 276 Et
1306 250 1412 277 ducunt
1435 250 1461 277 in
1487 249 1743 278 medium’urorcm
1772 251 1835 286 ejus
1860 257 1891 280 ct

246 302 288 323 tra
302 296 480 323 rebelli0netn
495 295 603 328 Baratn,
621 295 797 330 progreditur
810 295 836 322 in
853 296 1038 331 tyrannidem,

245 348 272 371 et
287 342 437 378 reciprocis
467 341 576 376 injuriis
601 349 648 375 per
671 342 774 368 litteras
800 341 972 369 llurmisdam
1003 343 1041 369 la-

246 389 342 421 cessit,
366 388 575 423 superscribens
599 388 721 422 cpistola:
739 387 775 414 ita
791 396 797 414 :
813 388 962 416 llorntisda:
976 389 1040 423 ﬁlia:

246 437 374 464 Cltasroa:
396 435 496 461 Baram
513 434 568 460 Ita'c
593 434 688 460 mittit.
705 434 836 462 Collectis
854 442 918 462 vero
935 435 1040 463 militiis

247 483 390 511 asserebat
416 481 590 509 llormisdam
612 481 783 517 indignatum
815 482 948 511 adversus
967 484 1041 510 utili-

248 530 311 561 tias,
333 532 429 563 tttpote
463 535 523 562 qua:
551 535 566 553 a
597 527 729 555 Romanis
758 529 865 556 fuerant
894 534 1040 564 superatae.

247 575 419 604 Ostendebat
441 578 574 601 autemet
597 574 673 601 licius
696 575 803 603 litteras
821 576 899 610 quasi
917 576 952 604 ab
973 576 1042 604 lior-

247 621 335 648 ntisda
360 620 459 647 missas
482 619 516 645 ad
546 619 710 646 minuendas
741 620 857 647 tnilitum
886 628 976 655 rogas,
1006 620 1041 647 ad

248 669 410 697 memoriam
428 667 468 696 eis
484 666 619 694 reducens
632 668 803 694 atrocitatem
816 667 979 699 llormisdte,
993 675 1041 696 seu

248 715 453 748 crudelitatem,
476 714 619 741 avaritiam
649 718 676 741 et
694 713 864 746 violentiam,
885 718 912 742 et
925 714 1042 749 qualiter

249 761 407 790 homicidiis
426 761 577 789 delectatus
593 766 619 788 et
631 768 645 787 a
666 769 732 796 pace
755 761 860 788 alienus
876 766 957 794 esset,
974 769 1042 796 qua-

248 809 366 844 literque
377 807 525 842 optimates
543 807 661 835 vittettlis
675 807 822 839 dediderit,
838 816 957 843 quorum
973 809 1042 837 alios

246 854 358 889 quidem
384 853 476 889 gladio
502 853 654 884 reciderit,
684 854 753 880 alios
777 859 868 881 autent
903 854 1043 881 necaverit

247 899 380 934 Tigride,
410 903 438 926 et
463 899 582 934 qualiter
610 899 726 933 cogebat
755 899 854 927 Persas
880 901 908 927 in
936 901 1042 936 magnis

247 946 353 982 prteliis
369 946 506 981 separari,
524 953 580 980 quo
593 946 822 981 disperderentur
833 952 857 974 et
875 955 929 974 non
946 952 1042 975 eontra

248 992 326 1020 illum
345 993 595 1020 tumultuarentur.
621 992 735 1020 Talibus
754 1000 819 1027 ergo
837 994 927 1020 verbis
946 994 1041 1021 Bai-am

248 1039 376 1066 militiam
407 1039 506 1066 atratus
529 1039 701 1073 tyrannidem
733 1039 879 1067 maximam
910 1041 1042 1069 adversus

251 1084 426 1113 Hormisdam
449 1084 605 1117 succendit,
631 1092 658 1112 et
674 1085 841 1120 jurantentis
859 1087 956 1114 Baram
982 1096 1042 1115 llill-

250 1132 360 1160 trientes
385 1132 571 1167 dogmatilant
594 1139 690 1159 omnes
716 1140 746 1160 se
769 1133 944 1168 deposituros
972 1134 1042 1162 llor-

250 1177 378 1205 misdam.
397 1178 558 1206 [Iormisdas
576 1182 667 1205 autent
687 1177 863 1206 Ferocbanen
881 1180 1042 1214 magistrum

251 1233 331 1253 suum
350 1230 486 1252 armatum
501 1233 564 1252 cum
587 1225 689 1252 virtute
708 1225 832 1252 destinat
846 1226 978 1254 adversus
995 1226 1044 1252 Ba-

251 1278 321 1298 ratn.
346 1270 444 1298 Bai-am
464 1279 528 1298 vero
552 1271 717 1306 significavit
736 1271 888 1300 Feruchani
903 1281 952 1299 seu
974 1273 1044 1299 ritili—

251 1317 299 1345 tiis
327 1319 392 1352 quia
423 1325 479 1345 non
513 1318 642 1346 convenit
676 1325 750 1345 arma
782 1318 883 1346 Persas
911 1320 1043 1347 adversus

250 1361 350 1390 Persas
382 1361 500 1395 eﬁerre,
524 1368 551 1390 et
584 1363 618 1390 ad
646 1364 808 1391 memoriam
831 1365 871 1392 eis
895 1366 1044 1393 reduCebat

252 1408 409 1436 ﬂormisdre
428 1409 615 1444 asperitatem,
628 1409 806 1444 injustitiam,
822 1411 848 1438 in
864 1412 1044 1446 sanguinibus

251 1455 404 1490 gaudium,
426 1456 452 1483 in
483 1456 641 1484 homicidiis
669 1464 810 1490 amorem,
836 1457 1044 1489 inﬁdelitatem,

251 1501 415 1535 jar-lantiunt
429 1506 457 1529 et
477 1501 647 1529 violentiam.
663 1502 726 1531 Htec
743 1504 896 1531 sentientes
912 1504 1045 1531 veraciter

253 1547 289 1574 ab
315 1554 348 1574 eo
367 1546 440 1574 dicta
471 1547 557 1575 fuisse
577 1548 670 1583 populi
693 1549 740 1583 qtti
766 1549 840 1577 circa
867 1550 1044 1578 Feroehancn

253 1595 333 1619 erant
359 1591 393 1617 ad
425 1591 521 1619 Baram
546 1600 607 1620 sese
633 1593 792 1627 conferunt,
814 1598 842 1621 et
868 1594 1044 1624 Ferochanen

253 1637 412 1664 occidentes
422 1645 452 1665 se
465 1637 562 1664 Baram
576 1638 684 1673 ttnittnt,
694 1644 824 1667 etcontra
836 1640 1045 1676 Ctesiphontem

255 1682 359 1718 impetu
380 1683 490 1710 abeunt.
514 1683 677 1712 Hormisdas
693 1690 784 1712 atttem
809 1686 927 1714 habebat
944 1686 1047 1715 Bindo—

255 1728 319 1758 lien.
344 1737 449 1764 magna:
468 1729 611 1764 dignitatis
632 1730 733 1763 virum,
751 1731 779 1759 iit
791 1732 910 1760 vinculis
928 1741 935 1760 :
954 1733 1047 1768 itaque

253 1783 317 1802 cuttt
336 1776 362 1803 in
382 1784 479 1811 magna
505 1775 686 1805 ﬂuctuatione
713 1779 822 1812 negotia
837 1778 980 1814 degerent,
997 1779 1047 1807 Be-

254 1826 317 1850 stan
336 1822 452 1850 Biudolti
470 1821 565 1856 frater,
585 1824 612 1851 in
630 1825 785 1852 custodiam
803 1825 937 1858 insiliens,
954 1826 1048 1854 eduxit

255 1866 397 1894 Bindoltcn
411 1867 522 1896 fratrem
539 1875 631 1901 suum,
645 1873 672 1896 et
687 1873 854 1904 congregata
871 1870 1048 1898 multitudine

255 1911 360 1939 rustica
383 1919 432 1939 sctt
453 1912 541 1946 civili,
558 1913 639 1940 tertia
655 1913 721 1940 liora
737 1913 791 1943 diei
812 1914 913 1949 regalia
931 1914 1047 1948 intrant,

255 1962 283 1986 et
303 1958 415 1985 invento
432 1957 578 1987 Hormisda
595 1966 678 1994 super
695 1960 795 1987 solium
815 1961 892 1996 regio
911 1968 987 1988 more
1005 1969 1049 1989 se-

255 2004 338 2032 dente
354 2004 448 2033 tnttltis
464 2005 537 2033 hunc
554 2006 666 2040 injuriis
680 2007 813 2034 subdunt.
837 2007 935 2034 lndues
957 2012 1047 2035 autent

255 2054 354 2078 tenens
372 2050 549 2079 llonnisdam
563 2051 678 2079 abstulit
696 2051 823 2079 diadema
844 2059 858 2079 a
875 2052 964 2087 capite
977 2052 1047 2086 ejus,

255 2099 284 2123 et
297 2096 370 2124 hunc
385 2097 412 2124 in
423 2104 561 2124 carcerem
574 2098 754 2130 tradiderunt,
772 2098 940 2132 rogabatque
954 2097 1045 2125 Chos-

256 2150 324 2169 roen
361 2142 452 2176 patrio
478 2142 548 2169 solio
567 2142 663 2169 tribui.
690 2143 826 2170 Praeterea
853 2143 1015 2171 llormisdas
1034 2152 1049 2171 e

256 2187 384 2215 custodia
402 2187 530 2214 nuntiuin
549 2188 635 2219 misit,
653 2189 745 2216 Persis
763 2194 859 2223 petens
880 2190 965 2225 loqui,
984 2190 1050 2218 Per-

257 2233 311 2260 sidi
328 2241 389 2268 quae
408 2234 578 2268 expedirent.
598 2234 628 2261 In
649 2234 801 2262 crastinum
818 2235 902 2270 igitur
916 2236 1049 2264 collectus

1092 296 1232 330 lilium,et
1253 304 1336 325 serra:
1361 297 1485 324 sectione
1511 297 1561 325 bos
1585 298 1679 332 partiti
1706 303 1772 325 sunt
1793 306 1888 326 coram

1093 341 1246 370 liorntisda:
1265 343 1384 375 visibus,
1397 342 1628 379 llortnisdantqne
1643 346 1732 372 oculis
1748 346 1891 380 privantt-s

1094 389 1120 415 in
1144 396 1282 416 carcerem
1310 395 1472 424 postternnt.
1491 391 1523 417 Et
1540 391 1678 419 Chosroes
1703 392 1814 427 quidem
1838 394 1890 419 ali-

1092 435 1216 469 quandiu
1238 441 1342 470 patrem
1363 437 1481 472 benigne
1498 438 1644 470 tractabat,
1659 438 1685 465 in
1701 439 1830 466 custodia
1850 439 1891 466 illi

1093 487 1202 507 onmem
1218 481 1344 508 tribuens
1362 489 1464 508 escatn.
1481 482 1530 509 Ast
1547 482 1708 511 llortnisdas
1724 483 1796 510 hunc
1815 484 1890 518 inju-

1093 526 1143 553 riis
1157 533 1172 553 c
1189 527 1299 554 diverso
1323 527 1474 559 lacerabat,
1493 528 1662 555 conculcans
1674 535 1705 555 ea
1721 536 1782 563 qua:
1796 529 1891 556 mitte-

1094 572 1194 599 bantur
1210 580 1225 600 a
1241 581 1314 608 rege.
1332 572 1410 600 Unde
1421 573 1560 601 Cbosroes
1574 573 1661 601 iratus
1680 575 1798 602 fustibus
1812 575 1890 602 hunc

1094 619 1272 648 silvestribus
1287 619 1371 654 jussit
1392 627 1441 654 per
1459 620 1505 647 ilia
1522 627 1623 647 catsutn
1643 620 1732 647 obire.
1746 620 1821 653 Quod
1843 622 1890 647 fa-

1094 670 1167 692 ctum
1190 669 1216 692 et
1233 665 1332 694 Persas
1350 666 1443 693 tristes
1461 665 1577 693 reddidit
1590 671 1616 692 et
1631 672 1726 694 contra
1745 667 1888 695 Chosroen

1093 712 1187 739 odium
1201 713 1289 738 auxit.
1306 712 1442 740 Chosrocs
1461 719 1527 739 vero
1550 713 1724 747 cengrcgatis
1738 713 1891 741 virtutibus

1094 765 1243 793 regnorum
1263 765 1392 793 egressus
1406 764 1502 786 contra
1514 760 1612 785 Baratn
1631 759 1757 793 pervenit
1772 760 1799 786 in
1813 767 1892 786 canto

1094 811 1159 838 pnttt
1187 803 1260 830 Zaba
1282 803 1415 835 ﬂuminis,
1445 803 1491 831 ubi
1510 803 1607 830 lJaram
1636 804 1735 831 vallum
1758 803 1891 831 habebat.

1094 849 1259 883 Suspicatus
1276 854 1366 877 autent
1387 849 1527 876 Cbosroes
1538 848 1610 884 qttod
1630 849 1713 883 aliqui
1731 849 1890 883 principum

1096 895 1256 930 adjacerent
1279 895 1390 927 Baram,
1410 895 1462 922 hos
1479 894 1590 922 occidit.
1607 895 1675 921 Cum
1693 901 1759 922 vero
1772 895 1892 929 populus

1058 937 1081 966 B
1097 941 1268 973 turbaretur,
1285 940 1375 975 fugam
1404 941 1466 967 iniit
1483 940 1622 968 Cltosroes
1639 948 1701 968 cum
1718 942 1815 974 paucis
1829 941 1894 976 qui-

1059 1611 1081 1640 ο

1095 987 1222 1018 busdam,
1234 995 1261 1014 et
1270 995 1366 1014 ontncs
1379 987 1425 1021 qui
1442 992 1520 1014 erant
1533 994 1595 1014 cum
1610 986 1732 1014 Cltosroe
1743 986 1776 1013 ad
1791 986 1892 1014 Baratn

1097 1037 1290 1060 accesserunt.
1307 1033 1341 1059 At
1359 1041 1424 1060 vero
1441 1033 1582 1060 Chosroes
1597 1032 1742 1059 ltmsitabat
1758 1033 1891 1066 quidnam

1095 1087 1176 1114 agere
1190 1079 1342 1107 debuisset.
1358 1079 1505 1106 Nonnullis
1519 1086 1585 1106 sane
1600 1077 1747 1106 consilium
1757 1077 1892 1105 dantibus

1096 1126 1149 1154 sibi
1170 1126 1202 1152 ad
1229 1125 1335 1153 Tui-cos
1360 1126 1498 1158 secedere,
1520 1125 1661 1153 nonnullis
1672 1129 1762 1152 autent
1781 1124 1814 1152 ad
1836 1124 1892 1151 Ro-

1095 1179 1205 1204 manus,
1228 1171 1367 1199 Cltosrocs
1386 1179 1487 1206 equum
1512 1171 1668 1199 ascendens
1695 1171 1772 1198 freno
1797 1171 1891 1198 laxato

1095 1220 1160 1254 equi
1177 1224 1268 1247 mottts
1279 1219 1357 1254 sequi
1372 1218 1599 1253 omnibusjubet.
1618 1218 1652 1245 At
1669 1226 1734 1245 vero
1751 1225 1842 1252 equus
1855 1218 1891 1244 ad

1097 1265 1237 1293 Romanas
1252 1271 1342 1300 partes
1364 1271 1455 1293 motus
1470 1273 1537 1293 sttos
1556 1265 1669 1298 direxit,
1689 1270 1715 1292 et
1735 1263 1808 1299 apud
1823 1263 1890 1292 Cer‘

1098 1313 1216 1340 tensium
1228 1313 1375 1345 invenitur,
1390 1316 1417 1339 et
1428 1312 1533 1347 legatos
1542 1311 1635 1344 mittit,
1650 1311 1798 1338 adventum
1808 1317 1888 1337 suum

1097 1359 1230 1387 Romanis
1259 1359 1365 1387 faciens
1388 1360 1577 1387 manifestum.
1593 1357 1713 1392 Contigit
1740 1362 1830 1384 autem
1860 1360 1891 1383 ut

1097 1405 1205 1432 Probus
1219 1406 1366 1440 patricius.
1380 1406 1426 1440 qui
1440 1405 1498 1432 illic
1509 1411 1578 1436 erat.
1594 1404 1667 1431 hunc
1686 1403 1851 1437 susciperet,
1863 1407 1892 1429 et

1092 1452 1131 1479 de
1156 1459 1189 1479 eo
1217 1451 1377 1487 imperatori
1403 1459 1451 1486 per
1483 1451 1590 1478 litteras
1618 1450 1764 1478 indicaret.
1789 1449 1891 1476 Baram

1098 1501 1190 1524 autem
1202 1498 1278 1525 misit
1295 1497 1400 1532 legatus
1413 1497 1446 1524 ad
1465 1495 1627 1523 Mauricium
1643 1500 1742 1531 petens
1755 1502 1791 1523 ne
1809 1496 1892 1522 auxi-

1098 1543 1214 1570 liaretur
1227 1541 1356 1571 Chosroi.
1372 1542 1458 1569 Porro
1470 1541 1549 1577 jubet
1570 1542 1720 1577 imperator
1740 1541 1891 1569 Mauricius

1098 1589 1300 1617 Commentiolo
1322 1589 1434 1624 praetori
1455 1588 1527 1624 apud
1553 1588 1722 1623 Hierapolim
1746 1587 1892 1615 Chosroen

1097 1635 1245 1670 suscipere
1261 1639 1288 1663 et
1302 1635 1494 1671 imperialibus
1506 1635 1650 1669 obsequiis
1663 1635 1812 1662 honorare.

1133 1681 1236 1709 Eodem
1252 1689 1318 1708 vero
1333 1689 1407 1708 anno
1426 1680 1630 1708 demonstravit
1645 1681 1796 1715 imperator
1814 1679 1893 1707 ὶιςιιι-

1097 1727 1185 1755 ricius
1200 1729 1227 1754 in
1246 1728 1408 1755 memoriam
1422 1728 1465 1755 dei
1479 1726 1631 1754 Genitricis
1647 1727 1762 1754 letanias
1779 1727 1808 1753 in
1831 1726 1894 1754 Bla-

1098 1773 1212 1801 clternis
1225 1773 1283 1800 tieri
1301 1778 1330 1800 et
1351 1772 1447 1801 laudes
1468 1772 1560 1800 dicere
1572 1771 1695 1800 Dominae
1713 1777 1826 1805 nostrze,
1841 1781 1893 1800 no-

1098 1820 1209 1847 minans
1224 1827 1285 1847 eam
1301 1820 1474 1855 panegyrim.

1133 1865 1227 1893 Mundi
1239 1874 1313 1893 anno
1324 1867 1389 1894 6081
1398 1886 1404 1898 ,
1414 1865 1515 1894 divinae
1526 1865 1729 1894 incarnationis
1742 1873 1816 1893 anno
1828 1866 1876 1893 581
1885 1886 1894 1897 ,

1099 1911 1252 1940 Mauricius
1268 1912 1354 1940 lilium
1379 1912 1431 1940 sibi
1453 1912 1596 1940 Chosroen
1623 1920 1713 1946 regem
1743 1913 1893 1940 Persarum

1099 1958 1215 1990 faciens.
1235 1958 1427 1987 Dontetianum
1450 1959 1613 1994 episcopum
1634 1958 1840 1986 Melitenensem
1858 1958 1894 1985 ad

1099 2012 1162 2034 eum
1179 2004 1292 2036 direxit,
1309 2009 1457 2040 cognatum
1473 2012 1568 2037 suum,
1585 2011 1639 2032 una
1655 2011 1718 2031 eum
1734 2003 1834 2035 Narse,
1848 2003 1894 2031 cui

1099 2051 1232 2080 ducatum
1263 2050 1328 2079 belli
1353 2051 1509 2084 commisit;
1539 2051 1587 2086 qui
1630 2050 1826 2086 pervenientes
1860 2049 1894 2075 ad

1098 2097 1244 2125 Chosroen
1259 2105 1356 2125 omnes
1375 2097 1514 2125 Romanos
1530 2100 1692 2132 potentatus
1710 2096 1738 2122 in
1752 2094 1895 2122 Persidem

1100 2144 1296 2172 introducunt.
1321 2145 1420 2172 Baram
1442 2149 1534 2171 autem
1556 2143 1610 2171 hoc
1638 2142 1749 2178 agnito,
1775 2142 1896 2176 sumptis

1101 2193 1251 2220 virtutibus
1273 2192 1343 2224 suis,
1362 2192 1390 2219 in
1410 2191 1471 2218 loco
1486 2191 1533 2225 qui
1551 2189 1749 2217 Alexandrines
1768 2189 1898 2216 nomina-

1100 2240 1182 2268 batur
1200 2245 1290 2267 castra
1313 2243 1433 2266 metatus
1448 2243 1500 2270 est,
1519 2237 1668 2272 prohibere
1681 2241 1759 2263 ratus
1781 2236 1897 2262 militias

255 2285 369 2308 senatus
391 2280 536 2307 Persarum
561 2281 587 2307 in
606 2281 746 2316 regalibus
768 2289 821 2308 una
840 2290 903 2309 cum
927 2283 1050 2310 multitu-
1065 2281 1087 2309 D
1104 2285 1138 2312 ab
1151 2284 1280 2312 Armenia
1293 2284 1444 2316 venientes,
1455 2291 1489 2310 ne
1500 2282 1580 2310 Narsi
1594 2283 1740 2309 unirentur
1753 2290 1759 2308 :
1773 2281 1898 2316 jusserat

255 2327 321 2355 dine
342 2326 465 2354 vinctum
483 2327 657 2354 Ilorntisdam
683 2327 798 2355 dttctntt.
820 2328 872 2356 Ast
887 2328 1049 2356 llormisdas

257 2373 449 2401 commonebat
460 2372 559 2401 Persas
570 2374 643 2408 quod
656 2382 710 2401 non
720 2378 845 2409 oporteat
858 2375 1048 2410 hujuscemodi

258 2420 286 2447 in
309 2427 387 2454 rcges
409 2420 592 2453 committere,
609 2425 635 2447 et
649 2424 751 2454 quanta
767 2428 801 2448 ex
827 2429 881 2455 qtto
896 2421 1050 2456 regnaverit

258 2469 360 2500 tropaea
376 2465 484 2497 fecerit,
504 2470 531 2493 et
549 2465 576 2492 in
593 2466 696 2500 quibus
714 2473 778 2500 erga
796 2465 897 2495 Persas
917 2467 989 2494 bona
1005 2473 1051 2501 pa-

258 2512 381 2542 traverit.
396 2515 423 2538 et
439 2511 557 2546 qualiter
572 2511 680 2539 Turcos
698 2511 805 2540 Persidi
821 2513 924 2540 tribttta
944 2513 1051 2540 solvere

258 2557 455 2593 Romanosque
479 2565 573 2593 pacem
598 2565 691 2586 amare
717 2560 849 2593 coegerit,
875 2559 1051 2594 qualiterque

259 2604 466 2640 Martyropolim
493 2604 615 2639 ceperit;
642 2605 710 2640 quiti
728 2609 756 2632 et
777 2609 890 2640 patertta
917 2606 1050 2633 beneﬁcia

258 2652 411 2679 enarravit.
441 2651 566 2687 Rogabat
594 2656 686 2678 autem
707 2657 734 2679 et
754 2652 897 2679 Chosroen
923 2660 938 2679 a
966 2660 1052 2687 regno

259 2699 361 2733 deponi
376 2703 407 2726 ut
423 2698 479 2726 litis
497 2699 616 2726 amicum
632 2703 660 2727 et
674 2699 852 2726 ambitiosum
865 2703 893 2726 et
908 2699 1051 2734 sanguinis

259 2749 413 2773 amatorem
434 2745 639 2780 superbumque
663 2752 695 2772 ac
722 2745 886 2779 iniuriosum
906 2749 933 2772 et
950 2745 1051 2780 praeliis

261 2791 414 2819 inhiantem
431 2799 438 2819 :
457 2799 520 2819 esse
540 2795 631 2819 autem
647 2791 700 2819 sibi
718 2791 835 2819 alterttnt
852 2791 937 2818 liliuttt
961 2791 1052 2826 perbi-

263 2837 355 2869 bebat,
367 2845 448 2872 quem
469 2839 496 2865 in
514 2846 604 2874 regem
620 2839 733 2873 provehi
751 2838 899 2874 ﬂagitabat.
915 2837 1052 2865 Biudnbes

264 2891 330 2911 vero
342 2884 374 2911 ad
389 2884 565 2913 llormisdam
578 2885 772 2920 respondebat,
784 2890 811 2913 et
823 2884 906 2919 hujus
921 2892 1051 2912 excessus

266 2931 294 2959 in
321 2931 441 2960 medium
465 2941 622 2969 proponens
642 2941 737 2961 omnes
757 2933 843 2962 ert-xit
871 2937 966 2962 contra
982 2933 1051 2961 Ilur-

1101 2332 1174 2359 cnim
1192 2330 1349 2364 Mauricius
1365 2328 1466 2356 Joanni
1486 2329 1652 2360 Muslaconi,
1668 2328 1803 2362 magistro
1822 2327 1899 2353 mili-

1101 2382 1158 2404 tum
1184 2376 1333 2408 Arntenim,
1347 2375 1476 2410 accipere
1500 2375 1613 2402 tnilitias
1625 2379 1653 2402 et
1673 2381 1704 2402 se
1720 2373 1800 2401 Νειτδί
1817 2373 1899 2400 nnire

1101 2422 1204 2458 pariter
1233 2426 1333 2449 contra
1360 2421 1458 2448 Baram
1487 2420 1590 2447 bellum
1619 2419 1820 2448 constituendi.
1846 2418 1900 2446 Per

1101 2471 1210 2495 noctem
1235 2472 1324 2495 autem
1341 2472 1368 2494 et
1389 2467 1474 2494 unita:
1497 2470 1562 2494 sttnt
1586 2466 1717 2494 Romanae
1736 2466 1857 2492 virtutes
1872 2471 1900 2492 et

1101 2520 1199 2542 contra
1219 2514 1316 2541 Baram
1332 2515 1420 2542 aciem
1446 2514 1620 2541 direxerunt.
1646 2512 1733 2540 Porro
1750 2512 1852 2539 Baratu
1871 2514 1898 2539 in

1102 2567 1194 2588 monte
1204 2565 1296 2588 castra
1310 2564 1429 2588 metatus
1440 2564 1493 2592 est,
1508 2567 1610 2594 pavore
1622 2559 1761 2586 detentus.
1771 2558 1900 2593 Cumque

1103 2608 1203 2635 bellum
1227 2614 1369 2642 gereretur
1385 2606 1530 2639 horribile,
1551 2606 1655 2634 Narses
1681 2605 1784 2632 Iudicis
1801 2605 1900 2631 bestiis

1102 2655 1276 2689 parvipensis
1309 2653 1427 2680 ntediam
1464 2653 1647 2680 barbarorum
1673 2652 1801 2680 dissolvit
1829 2651 1900 2686 pha—

1102 2700 1226 2736 langem;
1243 2705 1269 2727 et
1286 2701 1337 2727 hoc
1354 2701 1424 2727 l'acto
1442 2703 1548 2727 cteteraa
1569 2706 1681 2734 quoque
1701 2697 1799 2724 Bal-ant
1817 2697 1900 2724 inﬁr-

1102 2751 1183 2774 mata:
1199 2751 1263 2774 sunt
1286 2746 1449 2782 phalanges,
1464 2751 1491 2773 et
1517 2746 1545 2773 lit
1562 2753 1659 2781 magna
1685 2744 1747 2780 fuga
1772 2743 1898 2780 tyranni.

1103 2793 1205 2822 Narscs
1218 2801 1285 2821 vero
1299 2794 1358 2821 sine
1376 2793 1432 2820 ulla
1449 2792 1604 2820 retentione
1618 2798 1787 2827 persequens
1798 2789 1899 2816 Persas

1103 2840 1178 2868 cardo
1194 2841 1345 2872 sternebat,
1369 2843 1396 2866 et
1415 2847 1462 2867 sex
1487 2839 1572 2866 millia
1590 2846 1622 2866 ex
1646 2837 1689 2864 bis
1704 2840 1785 2870 capta
1803 2835 1897 2863 vincta

1103 2885 1137 2913 ad
1156 2885 1299 2914 Chosroen
1326 2884 1453 2912 adduxit.
1479 2884 1530 2911 Ast
1552 2883 1690 2911 Cltosroes
1713 2889 1809 2909 omnes
1833 2888 1895 2907 mu-

1105 2941 1188 2960 crane
1209 2932 1336 2968 percutit.
1356 2932 1495 2967 Quotquot
1515 2935 1605 2959 autent
1628 2929 1713 2958 Turci
1733 2933 1821 2961 erant,
1846 2928 1900 2956 hos
