2035 3153
125 156 193 191 1281

515 158 698 188 HISTORIA
727 157 1014 188 EtICLESlASTICA
1033 157 1084 187 EX
1096 158 1339 189 THEOPHANE.

1691 159 1760 193 1282

125 218 158 243 al
176 217 370 251 imperatorem
387 216 548 251 Ilymntium
565 217 649 244 misit.
669 214 741 243 Sane
756 224 818 242 cum
833 215 916 242 Turci
932 216 955 244 Δ
969 214 1156 242 occideretur.
1181 215 1238 244 llac
1263 216 1381 251 denique
1403 215 1448 242 die
1470 215 1645 251 imperatoris
1659 225 1760 252 equus,

127 269 226 289 cruces
242 261 375 288 haberent
390 261 418 288 in
436 261 541 289 frontes
553 265 693 293 exaratas,
709 261 918 296 interrogaban-

127 315 172 336 tnr
195 309 230 335 ab
250 308 419 343 imperatore
435 315 556 343 quonam
578 308 661 335 modo
684 308 792 343 signum
816 308 869 334 hoc
891 307 918 334 in

127 354 218 382 fronte
245 358 398 390 portarent.
417 354 453 382 At
477 363 543 383 vero
569 354 651 382 Turci
669 355 831 382 asserebant
856 360 920 382 ante

128 402 230 428 multos
255 408 344 428 annos
369 401 554 436 pestilentiam
583 401 610 428 in
636 400 738 428 Turcia
762 402 873 432 factam,
892 405 919 427 et

127 448 261 482 quosdam
275 447 501 475 Christianorum
527 448 579 475 hoc
605 447 792 480 adinvenisse,
809 452 836 475 et
853 448 919 475 hinc

128 494 204 520 salus
221 494 247 520 in
267 494 356 528 patria
373 494 444 522 facta
465 498 518 522 est.
544 494 630 522 Porro
653 494 792 523 exercitus
817 494 920 521 Roma-

129 549 227 568 norum
242 541 451 569 tabernaculum
466 542 565 569 Baram
580 546 608 570 et
637 542 836 577 supellectilem
848 541 920 568 acci-

129 587 237 621 pientes
248 595 311 614 cum
320 587 514 622 clephantibus
526 588 812 615 attuleruntChosroi.
823 588 919 615 Baram

129 637 220 660 autem
237 633 272 660 ad
287 633 436 661 interiores
449 639 542 669 partes
554 635 676 662 Persidis
690 634 782 669 fugam
799 634 875 666 fecit,
894 638 920 661 et

130 679 170 706 sic
185 687 280 706 eorum
293 679 456 707 dissolvitur
473 680 585 708 bellum.
603 681 698 715 Itaque
711 680 850 708 Chosroes
863 688 921 707 ma-

130 733 182 760 gna
207 726 323 753 victoria
352 727 542 754 circumdatus
567 727 667 754 solium
695 736 774 755 stttun
806 728 920 763 recepit.

133 770 233 799 Verum
243 772 345 800 Narses
356 773 496 801 rediturus
507 774 539 801 ad
550 775 660 809 propria
670 775 786 802 Chosroi
796 775 920 802 diccbat:

131 816 234 844 Memor
247 819 294 851 sis,
319 818 459 852 Cltosroes,
476 821 613 854 pra-sentis
635 821 710 848 diei:
731 821 847 848 Romani
872 821 921 848 tibi

131 871 239 899 regnum
255 864 366 892 donant.
388 866 423 892 At
451 866 496 894 ille
520 866 725 895 fraudulentam
751 868 920 896 occisionem

131 914 267 942 metuens,
286 911 364 945 petiit
379 918 394 938 a
416 911 548 939 Mauricio
569 912 644 940 mille
667 913 806 941 Romanos
823 914 850 940 in
871 922 920 940 cu-

131 955 249 982 stodiant:
267 957 308 983 sui
329 957 480 985 habendos.
496 958 583 986 Porro
600 959 751 988 Mauricius
767 968 829 987 cum
851 961 922 988 dile-

131 1001 250 1029 ctionem
272 1002 385 1030 haberet
405 1011 471 1040 erga
489 1004 638 1033 barbarum
656 1008 780 1040 multam,
797 1008 922 1042 peslula-

132 1046 235 1072 tionem
262 1046 323 1081 ejus
346 1050 505 1083 complevit,
532 1051 628 1085 sicque
646 1051 788 1079 Persicum
819 1050 921 1080 llomaé

132 1099 286 1127 normaque
302 1094 402 1122 bellum
423 1097 555 1124 cessavit.

167 1136 261 1165 Mundi
272 1146 346 1166 anno
360 1140 440 1173 6082,
453 1141 552 1169 divina:
564 1143 762 1171 incarnationis
773 1152 846 1172 anno
857 1145 919 1176 582.

131 1189 284 1212 comitatus
301 1191 343 1212 est
361 1186 536 1215 solemnitate
558 1189 680 1222 paschali
699 1188 870 1218 Theodosius
891 1192 922 1218 Ii-

130 1230 183 1258 lius
207 1229 333 1258 Mauricii
354 1239 370 1258 a
386 1230 492 1260 Joanne
509 1234 667 1268 patriarcha
685 1235 921 1272 Constantinopo-

131 1276 226 1303 Hann.

164 1321 268 1350 Eodem
285 1331 396 1359 quoque
409 1332 484 1352 anno
501 1325 651 1361 imperator
666 1327 814 1356 Mauricius
829 1330 920 1358 cccle-

130 1369 201 1395 siam
210 1374 368 1397 sanctornm
377 1371 559 1406 quadraginta
573 1379 736 1408 martyrum,
747 1382 827 1409 quam
838 1376 921 1411 empit

129 1414 266 1442 aediﬁcare
278 1415 418 1448 Tiberius,
432 1419 645 1447 consummavit.
661 1420 767 1448 Interea
780 1429 842 1448 cum
859 1430 921 1456 pro-

131 1461 214 1488 funda
230 1461 369 1491 Orientem
389 1471 441 1499 pax
461 1471 635 1500 occupasset,
655 1467 755 1495 belltun
773 1470 845 1496 circa
864 1468 920 1496 Eu-

132 1513 227 1541 ropam
242 1508 390 1536 Avaricum
413 1510 600 1545 incumbebat,
628 1512 743 1548 ideoque
770 1514 921 1550 imperator

131 1557 291 1587 potentatus
304 1555 338 1581 ab
349 1553 463 1584 Oriente
479 1557 507 1584 in
523 1557 659 1586 Thracem
677 1561 808 1588 traduxit.

166 1599 246 1627 Anno
271 1600 377 1634 imperii
410 1602 452 1630 sui
475 1611 558 1636 nono,
577 1613 639 1631 eum
667 1613 714 1633 ver
737 1607 870 1642 inciperet
895 1614 922 1636 et

131 1647 239 1679 agznina
258 1648 452 1681 pervenissent
473 1649 507 1676 ad
523 1649 668 1684 Thracem,
694 1654 779 1680 exivit
803 1662 865 1682 etnn
881 1656 922 1683 eis

131 1691 282 1720 Mauricius
301 1693 394 1721 videre
417 1703 478 1730 quae
501 1703 514 1722 τι
540 1697 667 1725 barbaris
691 1705 784 1726 essent
812 1708 921 1729 eversa.

130 1738 255 1773 Augusta
278 1748 342 1767 vero
369 1744 395 1768 et
421 1742 579 1777 patriarcha
599 1748 625 1770 et
653 1750 765 1772 senatus
789 1748 923 1781 rogabant

131 1786 326 1819 imperatorem
351 1795 384 1814 ne
404 1795 453 1822 per
479 1794 566 1816 semet
588 1789 674 1824 ipsum
702 1791 801 1819 bcllmn
829 1793 920 1825 iniret,

132 1830 181 1857 sed
197 1832 288 1866 potius
305 1832 331 1859 id
354 1834 465 1867 ρωποι-ἰ
487 1835 684 1863 committeret.
704 1838 754 1864 Ast
771 1838 922 1873 imperator

132 1884 186 1903 non
212 1879 359 1912 aequicvit.
390 1879 514 1908 Excunte
536 1887 627 1909 autem
655 1891 686 1910 co
705 1884 739 1910 ad
767 1885 920 1919 Septimum

131 1924 199 1951 solis
216 1925 329 1959 eclipsis
354 1925 424 1953 facta
447 1931 507 1961 est;
528 1936 645 1963 cumque
669 1925 740 1964 apud
764 1931 920 1966 llhcginum

131 1975 218 2003 esset,
241 1968 391 2006 pauperum
414 1974 607 2002 multitudines
633 1976 758 2010 pecuniis
777 1977 919 2006 animavit.

130 2017 302 2045 (latitantem
320 2023 450 2045 venatum
469 2026 605 2055 pergeret,
624 2028 673 2048 sus
691 2022 828 2050 silvestris
843 2024 922 2052 valde

130 2062 245 2097 grandis
258 2063 390 2098 impetum
403 2067 501 2091 contra
512 2065 647 2093 Caesarem
661 2065 738 2094 fecit.
751 2067 845 2103 Equus
857 2077 922 2097 vero

130 2110 167 2136 ob
185 2114 322 2137 terrorem
348 2110 477 2137 miraculi
496 2111 596 2146 ejicere
613 2112 748 2141 Ctesarem
768 2116 921 2144 nitebatur.

132 2155 241 2182 Diutius
256 2162 323 2189 ergo
342 2155 528 2184 tumultuatus
543 2157 681 2186 Caesarem
699 2155 808 2194 jactare
823 2161 922 2196 nequi-

130 2202 179 2228 vit.
198 2200 293 2235 Itaque
310 2209 358 2230 sus
370 2209 385 2229 a
399 2203 508 2231 nemine
519 2205 659 2239 accipiens
677 2205 761 2233 letum
775 2207 919 2235 abscessit.

971 262 1018 296 qui
1032 268 1116 288 aureo
1127 261 1317 289 circumdatus
1328 266 1386 289 erat
1400 266 1511 293 ornatu,
1527 266 1639 296 repente
1654 264 1759 291 solssns

970 311 1013 334 est
1029 307 1142 335 cadens.
1160 307 1196 334 At
1211 315 1279 335 vero
1296 308 1448 342 imperator
1466 308 1508 335 his
1522 308 1651 335 omnibus
1673 316 1761 344 augu—

970 359 1048 382 ratus
1065 353 1121 390 (59)
1135 354 1224 381 tristis
1238 359 1307 381 erat.
1325 354 1436 382 Postera
1458 362 1568 390 quoque
1584 355 1628 382 die
1640 356 1690 382 viri
1706 361 1762 383 tres

972 401 1093 428 Sclavini
1112 409 1224 436 genere,
1243 401 1281 428 nil
1301 401 1406 436 aliquid
1424 401 1544 428 ferreum
1563 402 1730 436 bajulantes,
1747 410 1762 428 ιι

972 446 1104 475 Romanis
1129 447 1232 474 detenti
1262 453 1337 481 sunt,
1358 447 1483 475 citharas
1506 454 1610 475 tantum
1630 447 1760 475 ferentes.

971 493 1122 529 Imperator
1146 497 1238 520 autem
1266 493 1457 528 interrogabat.
1488 498 1540 521 tam
1571 494 1644 521 unde
1669 497 1764 521 essent

971 548 1053 575 quam
1077 540 1189 566 ubinam
1211 540 1343 567 habitatio
1360 547 1455 567 eorum
1473 541 1628 568 exsisteret.
1644 540 1694 574 Qui
1716 548 1763 575 ge-

972 594 1038 614 nere
1052 586 1164 622 quidem
1187 587 1265 613 aiunt
1287 594 1317 613 se
1331 594 1392 614 esse
1409 587 1562 618 Sclaviuos,
1583 587 1657 614 circa
1681 588 1762 614 finem

972 642 1037 661 vero
1054 633 1242 661 Oceidentalis
1262 633 1387 660 habitare
1405 633 1515 661 Oceani.
1533 633 1692 668 Clraganum
1715 641 1764 660 an-

973 683 1026 707 tem
1043 680 1077 706 ad
1092 687 1122 707 se
1149 680 1315 715 legationem
1343 679 1452 707 misisse
1473 683 1500 707 et
1517 687 1630 706 munera
1658 679 1764 714 princi-

973 726 1053 760 pibus
1068 727 1161 761 gentis
1179 734 1237 753 sum
1261 726 1411 753 auxiliandi
1429 726 1481 753 sibi
1498 730 1594 753 contra
1611 724 1762 753 llomanos.

973 771 1142 799 'I‘axiarchas
1161 779 1253 800 autern
1279 781 1345 800 suos
1364 772 1500 800 direxisse
1522 772 1655 799 rationem
1673 771 1764 799 reddi-

973 821 1052 845 turos
1069 818 1205 853 chagano,
1222 818 1287 852 quia
1305 826 1359 845 non
1378 821 1495 853 possunt
1511 823 1622 853 propter
1642 817 1765 852 Ιοιιίςὶιιι⁴

973 863 1065 891 dinem
1087 863 1195 891 itineris
1214 864 1325 891 mittere
1344 865 1384 892 illi
1407 865 1542 891 auxilium
1559 874 1565 891 :
1582 865 1676 891 decem
1690 865 1764 891 cnim

975 915 1001 939 et
1020 917 1084 939 octo
1097 919 1206 939 menses
1223 912 1420 939 asseverabant
1438 912 1465 939 in
1490 912 1588 939 itinere
1604 920 1633 940 se
1655 912 1764 946 fecisse,

975 963 1002 988 et
1018 960 1056 987 ita
1075 959 1215 987 Romanos
1239 960 1351 987 adiisse.
1376 959 1463 987 Porro
1477 960 1600 987 citharas
1618 959 1689 987 ferre
1704 964 1765 986 tan-

975 1015 1058 1042 quam
1085 1014 1140 1034 non
1169 1007 1294 1034 videntes
1324 1014 1490 1042 quemquam
1533 1015 1644 1034 suorum
1681 1007 1765 1034 armis

976 1054 1124 1087 indutum,
1151 1054 1264 1089 regione
1292 1061 1342 1082 sua
1377 1053 1444 1089 quid
1490 1053 1592 1080 ferrum
1624 1053 1659 1080 sit
1689 1052 1767 1087 igno-

977 1105 1065 1128 rante.
1096 1100 1248 1135 Imperator
1281 1105 1372 1128 autem
1404 1105 1457 1127 tam
1487 1104 1593 1127 aetatem
1625 1099 1766 1126 admirans

975 1155 1058 1183 quam
1079 1147 1164 1175 moles
1177 1146 1303 1183 corporis
1319 1154 1414 1174 eorum
1430 1146 1600 1178 collaudans,
1617 1145 1666 1172 hos
1681 1144 1766 1172 llera-

976 1193 1057 1221 cliatn
1079 1193 1165 1220 misit.
1181 1193 1252 1220 Cum
1271 1195 1363 1219 autem
1375 1192 1498 1219 venisset
1517 1192 1549 1218 ad
1574 1192 1722 1222 maritima,
1738 1195 1765 1218 et

975 1239 1120 1267 didicisset
1133 1238 1206 1274 quod
1230 1238 1311 1274 legati
1335 1237 1482 1266 Persarum
1505 1237 1667 1274 Byzantium
1685 1243 1767 1273 atque

977 1285 1147 1313 Francorum
1166 1286 1318 1319 venissent,
1335 1285 1369 1312 ad
1382 1285 1484 1321 regalia
1501 1285 1646 1314 remeavit.

991 1341 997 1347 ‘
1012 1332 1124 1360 Decimo
1135 1332 1242 1367 imperii
1256 1331 1380 1359 Mauricii
1394 1339 1466 1359 anno
1477 1332 1616 1367 chaganus
1628 1331 1767 1366 quaerebat

976 1383 1122 1415 augmenta
1144 1383 1286 1414 pactorum
1304 1379 1440 1413 accipere.
1457 1378 1609 1412 Imperator
1627 1385 1690 1404 vero
1709 1385 1767 1404 scr-

976 1433 1071 1454 niones
1095 1425 1205 1454 barbari
1230 1432 1284 1452 non
1310 1424 1425 1460 recepit,
1448 1427 1475 1450 et
1499 1424 1602 1451 idcirco
1626 1423 1767 1458 chaganus

977 1473 1076 1500 iterum
1106 1472 1208 1499 bellum
1236 1471 1303 1507 agit,
1328 1475 1355 1498 et
1379 1470 1504 1498 devastat
1527 1469 1716 1504 Singidoncm,
1739 1473 1766 1496 et

975 1524 1066 1546 castra
1090 1523 1187 1546 contra
1213 1517 1347 1546 Sirmium
1373 1521 1473 1545 movet.
1499 1517 1650 1552 ltnpcrator
1675 1521 1766 1543 autem

936 1578 959 1609 ρ
976 1569 1122 1599 praetorem
1141 1564 1257 1599 Europa:
1277 1563 1403 1592 Priscum
1421 1567 1506 1590 creat.
1525 1564 1559 1589 At
1576 1570 1640 1590 vero
1654 1561 1765 1589 Priscus

976 1610 1137 1638 Salvianunt
1152 1610 1352 1646 subpraatorem
1366 1610 1469 1638 factum
1485 1608 1765 1644 praecurrerejnssit;

974 1661 1001 1684 et
1020 1663 1115 1685 contra
1137 1656 1274 1684 Barbaros
1295 1658 1478 1692 procedentes
1496 1656 1596 1683 bellum
1618 1656 1724 1687 ineunt,
1738 1660 1765 1681 et

975 1704 1089 1732 vincunt
1104 1703 1232 1731 Romani.
1244 1703 1303 1736 Quo
1318 1703 1412 1730 audito
1425 1703 1566 1738 ebaganus
1579 1702 1766 1737 polentatibus

975 1751 1093 1786 sumptis
1109 1750 1275 1785 properabat
1299 1749 1333 1776 ad
1354 1749 1467 1777 bellutn.
1486 1749 1520 1775 At
1539 1756 1603 1775 vero
1620 1748 1766 1775 Salvianus

974 1797 1043 1824 visis
1068 1796 1295 1824 multitudinibus
1325 1796 1496 1830 stupefactus
1522 1795 1554 1821 ad
1583 1794 1707 1821 Priscum
1736 1800 1766 1820 se

974 1843 1101 1870 contulit.
1119 1843 1299 1878 Compcriens
1315 1847 1404 1869 autem
1417 1842 1559 1876 cbaganus
1575 1839 1765 1867 Romanormn

974 1897 1115 1917 recessum
1150 1886 1182 1915 ad
1213 1888 1351 1915 maritima
1379 1887 1539 1922 egreditur,
1570 1887 1700 1921 deinceps
1731 1885 1765 1912 ad

974 1939 1101 1963 sanctum
1126 1934 1331 1966 Alexandrum,
1359 1938 1387 1961 et.
1411 1934 1485 1961 hunc
1510 1933 1603 1960 omnia
1620 1932 1764 1959 dcroranti

974 1981 1088 2011 tradidit
1106 1981 1173 2016 igni.
1192 1980 1343 2008 Transiens
1364 1985 1454 2007 autem
1474 1980 1501 2006 in
1522 1978 1663 2014 Drizipcra
1683 1986 1766 2006 cona-

975 2032 1018 2055 tur
1034 2027 1221 2055 exterminare
1242 2035 1298 2054 rcm
1323 2026 1474 2062 publicam,
1494 2025 1678 2053 devastatoria
1699 2033 1765 2059 ope-

975 2078 1052 2102 ratus
1070 2074 1265 2101 instrumcnta.
1280 2073 1313 2100 Hi
1331 2081 1394 2100 vero
1407 2073 1452 2108 qui
1472 2072 1612 2107 Dri7ipera
1628 2071 1763 2101 habitant,

974 2121 1080 2148 diutius
1096 2128 1110 2148 c
1123 2120 1234 2148 diverso
1245 2120 1330 2147 aciem
1345 2118 1508 2146 direxerant
1523 2128 1528 2145 :
1550 2125 1610 2144 nam
1628 2122 1655 2145 ct
1671 2121 1765 2152 portas

975 2166 1130 2201 aperientes
1156 2165 1336 2192 minabantur
1361 2164 1500 2192 Barbaros
1524 2163 1682 2195 debellare,
1702 2170 1763 2190 cum

975 2218 1069 2240 essent
1095 2214 1122 2240 in
1149 2211 1296 2239 formidine
1327 2210 1446 2245 ingenti.
1474 2210 1552 2237 Tunc
1576 2217 1641 2244 ergo
1673 2209 1765 2236 divina

130 2249 159 2276 In
176 2247 339 2276 Perinthum
355 2254 487 2284 praetcrea
507 2252 616 2286 navigio
630 2252 681 2279 iter
697 2252 812 2287 faciens,
833 2255 921 2281 ventis

975 2258 1100 2293 quredam
1122 2258 1163 2286 eis
1181 2258 1322 2285 consuluit
1335 2256 1445 2283 virtus:
1471 2255 1561 2281 media
1585 2262 1704 2289 namque
1720 2253 1764 2282 dic

131 2295 339 2323 vehementibus
357 2299 383 2323 et
402 2296 493 2331 pluvia
515 2297 586 2325 facta
603 2299 750 2334 nautisque
770 2300 920 2336 desperan-

131 2341 207 2369 tibus
222 2342 323 2376 scapha
342 2341 517 2377 imperatoris
539 2345 745 2379 asportabatur,
762 2346 798 2372 ita
812 2351 841 2373 ut
861 2347 920 2374 ino-

129 2381 225 2423 pinate
238 2387 330 2416 salvus
351 2389 385 2416 ad
402 2388 504 2422 locum,
524 2391 570 2425 qui
589 2391 691 2418 dicitur
710 2391 856 2425 Daonium,
876 2394 919 2420 vix

130 2434 248 2462 veniret.
261 2433 345 2462 Nocte
356 2443 421 2462 vero
433 2436 479 2463 illa
493 2437 653 2464 muliercula
665 2438 788 2472 pariebat
802 2445 828 2466 ct
841 2447 922 2466 voces

129 2481 304 2509 miserabiles
324 2482 486 2516 emittebat;
503 2490 622 2518 cumque
638 2492 719 2512 tuane
732 2484 834 2512 factum
852 2485 921 2512 fuis-

129 2533 184 2562 set,
200 2529 276 2556 misit
298 2529 450 2564 imperator
469 2530 564 2558 videre
580 2530 646 2565 quid
662 2535 736 2558 esset
750 2531 823 2566 quod
848 2532 922 2558 acci-

129 2575 222 2603 derat.
240 2575 270 2603 Et
287 2575 453 2603 invenerunt
469 2584 584 2612 puerum
611 2580 717 2610 natum,
736 2577 880 2605 oculorum
895 2580 921 2604 ct

131 2622 327 2657 palpebrarum
350 2626 502 2656 exsortem,
520 2630 673 2658 manusque
689 2631 720 2651 ac
736 2624 848 2651 brachia
865 2631 919 2651 non

132 2668 298 2701 habentem;
316 2677 331 2695 a
352 2668 446 2696 lumbo
461 2673 552 2697 autem
567 2673 627 2696 erat
644 2669 668 2697 ei
690 2674 718 2696 nt
734 2670 821 2697 cauda
835 2670 920 2705 piscis

130 2714 297 2743 naturaliter
308 2715 426 2743 haerens.
442 2714 502 2748 Quo
514 2715 573 2744 viso
587 2715 737 2751 imperator
749 2716 877 2752 prmcepit
892 2720 921 2743 ut

975 2305 1067 2331 videre
1081 2307 1246 2339 putaverunt
1257 2301 1377 2333 barbari,
1387 2300 1518 2327 Romanis
1531 2299 1679 2326 virtutibus
1688 2307 1766 2333 egre-

975 2349 1112 2378 dientibus
1129 2348 1163 2376 ab
1186 2348 1265 2379 urbe,
1292 2346 1414 2373 futurum
1437 2345 1488 2373 sibi
1513 2345 1572 2373 fore
1594 2349 1622 2372 ut
1638 2350 1699 2372 Cum
1723 2345 1764 2372 eis

976 2394 1136 2422 conflictum
1154 2397 1343 2421 consererent.
1361 2391 1394 2419 Et
1412 2392 1581 2419 censternati
1605 2392 1668 2426 fuga
1691 2392 1763 2418 infa-

976 2439 1081 2475 tigabili
1108 2438 1228 2474 fugiunt,
1256 2443 1282 2466 et
1310 2437 1381 2473 apud
1408 2437 1567 2465 Perinthum
1596 2437 1762 2465 efficiuntur.

973 2485 1087 2513 Priscus
1095 2490 1198 2518 autem,
1213 2492 1263 2512 nec
1279 2484 1338 2511 visu
1354 2484 1465 2519 quidem
1481 2483 1553 2511 ferre
1571 2483 1763 2511 multitudines

974 2532 1153 2560 barbarorum
1173 2532 1277 2564 valens,
1300 2531 1449 2559 Tzurtllum
1476 2532 1618 2568 ingressus
1637 2536 1761 2558 castrum

973 2577 1159 2605 muniebatur.
1172 2577 1222 2605 Ast.
1241 2577 1376 2604 barbarus
1393 2575 1518 2605 Priscum
1540 2577 1666 2604 obsidere
1678 2583 1761 2603 cona-

973 2624 1063 2651 batur.
1081 2623 1129 2651 His
1153 2624 1254 2652 auditis
1279 2623 1428 2651 Mauricius
1445 2623 1587 2651 hzesitahat
1603 2623 1667 2658 quid
1691 2622 1762 2649 foret

971 2669 1117 2705 agendum.
1150 2669 1227 2696 Tunc
1253 2669 1358 2704 optimo
1387 2669 1456 2696 inito
1490 2668 1609 2696 consilio
1639 2671 1762 2695 armatur

972 2720 1069 2744 contra
1095 2716 1230 2744 infinitam
1249 2716 1431 2744 barbarorum
1447 2716 1590 2750 virtutem,
1606 2720 1632 2744 ct
1651 2715 1698 2743 uni
1713 2722 1762 2743 cx-

890 2794 935 2823 NU
939 2795 993 2823 ΤιιΕ
998 2816 1005 2823 .

165 2875 224 2912 (59}
242 2876 412 2912 Attguriatns
424 2877 485 2906 cod.
500 2877 618 2905 Gruteri.
