2035 3153
278 143 347 176 1283

819 139 1021 170 ANASTASII
1053 139 1366 169 BIBIJOTIIECARII

1845 135 1915 168 128$

277 201 433 228 cubitorum
461 198 567 232 magnis
604 197 684 224 donis
720 200 802 230 atque
839 195 1105 240 promissionibusl‘
1123 195 1285 230 imperatori
1316 195 1426 222 direxit,
1459 193 1609 228 Imperator
1637 198 1738 224 autem,
1765 193 1850 221 tnisso
1879 196 1912 221 ad

279 247 376 275 suadet
401 249 430 272 ιιι
447 249 543 279 sponte
561 245 587 271 in
608 244 740 271 barbaros
760 243 856 274 irruat,
871 242 952 277 eique
971 242 1017 268 dat
1033 241 1066 268 ad

278 293 402 320 Priscum
428 292 532 318 litteras
557 291 734 317 continentes
757 289 814 316 lucc
835 298 841 315 :
867 288 1066 316 Gloriosissimo

275 339 384 373 pra'tori
410 338 516 365 Prisco.
544 337 663 364 Nomium
687 337 862 363 barbararum
885 340 1010 362 conatum
1036 343 1067 361 ne

276 384 428 418 formidet:
448 383 481 409 ad
510 383 685 418 perditionem
703 383 771 409 enim
794 390 884 408 eorum
904 381 1004 416 factum
1027 384 1067 407 est

275 427 323 457 Iroi:
336 438 345 456 :
359 430 424 456 stilo
439 430 507 456 enim
521 430 582 464 quia
592 437 650 455 cum
660 430 744 455 multa
757 428 912 462 confusione
925 432 1067 454 revertetur

275 478 410 512 clurganus
427 477 454 503 in
472 476 604 511 regionem
621 484 678 510 qum
692 475 743 501 sibi
758 483 774 501 η
790 475 917 500 Romanis
932 478 969 500 est
986 473 1067 507 depu-

276 528 342 550 tata.
365 523 507 557 Propterea
532 526 676 555 prrsereret
695 521 781 556 gloria
797 525 843 547 tua
864 527 940 554 partes
959 519 1067 545 Tauru-

275 571 341 601 lum,
356 570 549 603 circnmragari
566 568 665 602 faciens
686 567 769 593 illas:
791 566 921 592 mittimus
935 565 1004 592 enim
1020 572 1065 598 per

276 623 350 640 mare
363 622 451 646 tumes,
464 618 488 640 et
503 613 694 647 captirabimus
708 611 826 646 familias
838 619 941 643 eorum,
953 615 975 636 et
990 617 1064 644 coge-

277 665 320 686 tur
332 659 367 686 ad
383 660 491 694 propria
510 659 666 694 confusione
682 658 796 692 refertus
814 657 1009 692 atquejactura
1026 665 1066 682 re-

276 706 351 734 uerti.
363 706 398 733 At
408 714 471 733 vero
481 705 726 740 ebaganuslittcris
739 704 977 739 eomprcbensiset
989 704 1066 731 lectis

277 756 377 783 pavens
396 748 522 781 edicitur,
539 754 566 776 et
581 746 778 784 sponsionibus
812 749 934 783 pacilicis
955 748 988 775 ad
1010 748 1067 774 Pri-

275 804 352 822 scum
370 796 514 830 dispositis
536 796 562 822 in
587 795 748 822 muneribus
768 796 867 830 paucis
883 799 965 829 atque
992 794 1064 820 indi-

273 843 346 876 gnis,
368 842 393 868 in
419 849 496 869 suam
521 846 565 869 est
591 846 693 868 terram
713 849 776 868 cum
802 840 866 875 fuga
893 840 998 876 potenti
1024 847 1067 867 re—

275 894 400 922 gressus.

311 934 462 962 Undecimo
487 933 595 966 imperii
607 940 680 960 anno
699 932 824 960 Mauricii
841 932 1066 967 IIierosolymita-

275 988 328 1008 nus
354 981 436 1007 Amos
459 979 575 1006 habetur
605 979 761 1014 episcopus.
791 979 944 1014 Imperator
972 982 1062 1006 autem

275 1026 398 1053 Priscum
426 1033 487 1052 cum
517 1024 645 1052 omnibus
663 1024 794 1052 Romanis
816 1024 1001 1059 potentatibus
1030 1024 1063 1051 ad

276 1072 375 1099 Istrum
407 1070 519 1097 ﬂuvium
545 1069 633 1100 misit,
663 1075 691 1095 ut
714 1069 906 1096 Sclarinorutn
939 1069 1064 1096 nationes

275 1116 394 1144 transire
419 1115 588 1151 prohiberet.
609 1114 670 1146 Quo
694 1114 765 1148 apud
788 1114 951 1141 Dorostolon
974 1114 1065 1142 babito

275 1164 418 1198 cltaganus
431 1162 483 1189 boc
498 1161 635 1195 comperit
647 1169 654 1193 ;
665 1161 710 1195 qui
728 1160 822 1194 legalis
834 1159 867 1186 ad
876 1168 938 1187 eum
953 1160 1066 1188 directis

275 1208 445 1236 calumniam
463 1207 600 1234 inferebat
614 1207 748 1233 Romanis
768 1206 910 1233 exordium
935 1206 1065 1233 dantibus

276 1255 352 1281 belli.
366 1254 476 1281 Priscus
490 1256 580 1280 autem
591 1252 742 1279 excusabat
756 1259 797 1282 se,
809 1252 881 1285 quod
896 1258 949 1278 non
961 1251 1065 1278 venerit

277 1301 411 1327 adversus
428 1300 559 1327 barbaros
570 1298 772 1333 belligeratum,
791 1297 839 1324 sed
853 1297 926 1332 quod
942 1297 975 1323 ad
991 1296 1066 1324 Scia-

275 1346 402 1374 vinorurn
416 1345 543 1372 nationes
567 1352 581 1371 a
599 1344 722 1380 principe
735 1343 817 1370 fuerit
829 1343 993 1370 destinatus.
1011 1342 1066 1369 Au-

275 1392 356 1419 diens
372 1395 462 1418 autem
475 1390 588 1418 Priscus
603 1389 676 1425 quod
686 1389 858 1424 Ardogastus
874 1389 1066 1416 multitudines

276 1438 469 1465 Sclavinorum
486 1437 519 1464 ad
535 1436 713 1472 praedandum
729 1436 904 1470 disperserit,
924 1435 1065 1462 transiens

275 1483 375 1511 Istrum
389 1483 480 1510 media
494 1487 574 1510 nocte
585 1483 724 1516 inopinate
734 1481 887 1516 Ardagasto
896 1482 1065 1516 coniunctus

275 1531 328 1557 est.
355 1528 390 1556 At
409 1535 475 1555 vero
500 1527 671 1562 Ardagastus
685 1527 845 1554 discrimine
858 1534 941 1554 senso
961 1527 1064 1554 nudum

276 1572 429 1599 ascendens
445 1580 557 1606 equum,
587 1572 632 1598 vix
656 1571 750 1598 salvus
769 1572 869 1602 erasit,
892 1572 1064 1607 Romanique

277 1617 500 1645 multitudinibus
524 1617 713 1644 Selavinoruut
738 1617 838 1644 occisis
850 1637 858 1651 ,
877 1623 904 1645 et.
919 1618 1064 1653 Ardagasti

275 1663 388 1698 regione
412 1669 553 1696 perversa,
574 1662 694 1697 praedam
715 1663 857 1697 copiosam
880 1669 989 1698 captam
1011 1663 1064 1697 By-

277 1710 398 1737 1antiunt
421 1717 470 1744 per
493 1708 664 1736 Taternerem
693 1709 865 1736 direxerunt.
894 1709 980 1736 Porro
1000 1717 1064 1736 eum

276 1756 403 1783 Tatentcr
418 1755 564 1790 expeditus
580 1755 632 1782 iter
646 1754 754 1782 faciens
766 1754 893 1782 ebrietati
909 1763 970 1783 sese
983 1760 1065 1790 atque

275 1802 382 1829 deliciis
398 1802 529 1835 traderet,
548 1802 740 1829 Sclavinorum
755 1803 782 1829 in
795 1810 857 1829 cum
873 1802 1064 1830 multitudines

275 1851 403 1882 irruuut;
418 1849 463 1883 qui
479 1848 624 1876 formidine
638 1856 751 1884 pressus
763 1849 892 1882 fugiendo
903 1848 1064 1884 Byzauliutn

275 1894 362 1922 venit.
380 1895 430 1922 Ast
456 1894 585 1926 Romani,
614 1894 659 1929 qui
675 1902 736 1921 eum
764 1895 824 1929 ipso
841 1894 960 1927 fuerant,
975 1894 1065 1922 valide

275 1940 415 1968 Sclavinis
435 1940 535 1969 infensi
556 1940 683 1967 obtinent
701 1940 904 1975 gloriosissime
919 1940 1063 1972 barbaros,

275 1992 300 2014 ct
314 1987 502 2021 captivitatem
517 1987 622 2014 salvam
638 1986 799 2022 imperatori
817 1990 997 2021 prazsentant.
1012 1986 1063 2019 Qui

276 2033 382 2059 Iactatus
406 2032 544 2067 gratiﬁcos
567 2032 622 2059 Deo
639 2032 756 2068 hymnos
776 2040 829 2059 una
853 2040 915 2059 etrtn
940 2036 996 2059 tota
1016 2033 1065 2059 0b—

277 2079 338 2104 tulit
357 2078 436 2104 urbe.
450 2078 562 2105 Priscus
578 2085 640 2104 vero
653 2078 752 2105 fiducia
769 2077 856 2105 fretus
870 2078 903 2105 ad
917 2077 1064 2106 interiores

276 2121 468 2149 Sclavinorutn
497 2127 589 2156 partes
620 2123 749 2150 acceSSit.
785 2122 868 2158 Gipes
892 2127 995 2157 autem,
1024 2124 1065 2151 vir

275 2166 438 2194 Christiana:
456 2167 609 2202 religionis,
623 2167 812 2203 transfugiens
827 2167 860 2194 ad
877 2167 1017 2196 Romanos
1037 2172 1064 2196 et

1120 242 1243 270 Priscum
1258 241 1412 274 'I‘alcmerc,
1423 240 1501 275 jubet
1521 240 1576 267 illic
1589 244 1644 266 toto
1662 239 1773 266 hiemali
1787 244 1914 276 tempore

1119 287 1284 315 commorari
1298 287 1450 314 Romanos.
1465 286 1525 319 Quo
1540 289 1682 320 comperto
1708 285 1825 313 Rornani
1838 294 1909 313 con-

1120 335 1504 367 tradici-bant,asseverantes
1518 332 1545 360 id
1560 339 1614 359 non
1630 339 1713 367 posse
1724 332 1783 359 ﬁeri
1798 338 1913 368 propter

1119 382 1213 416 copias
1228 381 1420 410 Ilarbarorum,
1438 383 1464 407 ct
1481 387 1529 414 pro
1545 387 1577 406 eo
1589 379 1662 413 quod
1679 379 1755 414 regio
1772 384 1846 407 esset
1858 380 1912 407 sibi

1119 428 1187 455 satis
1220 428 1344 454 adversa.
1378 426 1492 454 Priscus
1515 434 1580 454 vero
1605 426 1698 454 verbis
1725 426 1912 461 persuasoriis

1119 473 1193 501 Ili-xit
1218 482 1265 501 eos
1282 473 1383 501 ibidetn
1408 473 1532 500 hiemare
1546 472 1756 508 jussionemquc
1776 473 1912 508 principis

1119 526 1322 547 consummare.

1154 565 1247 592 Tertio
1265 564 1373 591 decimo
1386 563 1493 598 imperii
1520 563 1644 590 Mauricii
1662 569 1746 594 anno,
1765 571 1819 598 qua
1834 564 1911 591 ride-

1119 610 1183 637 licet
1207 614 1370 644 tempestate
1384 610 1535 644 Gregorius
1554 610 1720 640 Romanam,
1748 609 1911 636 Constanti-

1119 656 1305 690 nopolitanam
1332 655 1466 690 Cyriacus
1480 661 1508 683 et
1533 655 1656 683 secundo
1668 655 1832 682 Anastasius
1851 654 1909 681 An-

1120 702 1273 728 tiocbenarn
1290 702 1404 736 regebat
1426 701 1590 732 Ecelcsiam,
1619 705 1770 728 nascuntur
1785 701 1911 735 prodigia

1119 748 1145 774 in
1165 747 1334 774 suburbanis
1351 747 1485 781 Byzantii,
1508 754 1576 781 puer
1603 747 1726 773 videlicet
1741 746 1910 780 quadrupes.

1118 798 1145 821 et
1156 794 1226 820 alter
1249 794 1318 820 duos
1333 795 1450 821 vertices
1469 793 1585 820 habens.
1600 793 1684 819 Aiunt
1705 797 1796 819 autent
1814 792 1841 819 bi
1863 793 1911 827 qui

1119 840 1249 867 historias
1270 839 1398 874 diligenti
1420 839 1513 866 studio
1534 839 1672 870 scribunt,
1690 846 1744 865 non
1758 838 1911 872 signiﬁcari

1081 889 1102 916 Β
1120 887 1188 914 bona
1203 886 1366 914 civitatibus
1393 885 1419 913 in
1435 886 1536 920 quibus
1564 889 1715 912 nascuntur
1739 885 1911 918 ltujusmodi.

1117 932 1152 959 At
1162 939 1226 959 vero
1240 932 1388 966 imperator
1408 931 1534 958 Priscum
1552 936 1670 966 prtetura
1686 931 1785 965 privat,
1807 935 1836 958 et
1852 931 1905 958 Pe-

1118 973 1315 1005 trum'lratrcm
1339 984 1419 1004 suurn
1437 980 1581 1012 praetorem
1598 976 1729 1003 Romana:
1745 975 1810 1003 fecit
1825 976 1911 1002 virtu-

1091 1030 1097 1036 "
1118 1024 1164 1050 tis.
1193 1022 1286 1057 Itaque
1314 1023 1427 1050 Priscus
1459 1022 1570 1057 quidem
1603 1021 1752 1049 virtutibus
1776 1022 1910 1056 sumptis,

1117 1069 1277 1103 priusquam
1293 1068 1390 1096 Petrus
1413 1069 1580 1103 pervenisset
1596 1089 1604 1102 ,
1621 1072 1773 1096 transmeat
1788 1075 1910 1095 amnem.

1117 1114 1264 1149 Cbaganns
1277 1119 1369 1141 autem
1391 1115 1507 1141 transitu
1520 1114 1636 1141 Romani
1657 1115 1752 1141 audito
1768 1114 1911 1142 exercitus

1117 1160 1196 1187 valde
1221 1160 1336 1187 miratus
1363 1163 1417 1191 est,
1441 1164 1469 1187 et
1493 1160 1526 1187 ad
1541 1159 1665 1187 Priscum
1693 1159 1778 1190 misit,
1799 1159 1912 1187 discere

1118 1213 1230 1233 causam
1248 1200 1386 1240 quaerens,
1404 1209 1431 1232 et
1443 1206 1541 1240 praeda:
1553 1213 1664 1233 sumere
1681 1210 1796 1240 partem,
1812 1205 1912 1240 sicque

1117 1255 1224 1278 amnem
1239 1252 1356 1278 transire
1371 1260 1377 1277 :
1394 1252 1476 1279 rtimis
1491 1252 1564 1278 enim
1579 1252 1709 1278 satviebat
1721 1259 1804 1286 super
1820 1251 1911 1278 felici-

1117 1296 1219 1323 tatibus
1233 1297 1432 1324 Ilomanorurn.
1447 1297 1533 1324 Mittit
1547 1304 1612 1331 ergo
1626 1297 1736 1324 Priscus
1754 1305 1839 1331 super
1857 1297 1910 1324 hoc

1118 1342 1151 1369 ad
1164 1343 1319 1378 cbaganurn
1339 1343 1457 1378 legatum
1475 1343 1667 1375 Theodorum,
1683 1344 1810 1371 videlicet
1824 1345 1912 1371 medi-

1117 1397 1179 1416 cum
1206 1389 1356 1424 sagacitate
1379 1397 1411 1416 ac
1436 1389 1618 1425 intelligentia
1642 1395 1832 1424 perornatutn.
1854 1390 1912 1417 Iste

1117 1435 1213 1463 videns
1228 1435 1382 1470 cbaganum
1398 1443 1495 1471 magna
1514 1436 1667 1471 sapientem
1683 1436 1913 1471 responsiorrern-

1117 1489 1170 1516 quc
1184 1482 1335 1516 jat-tantins
1347 1481 1492 1510 facientem
1505 1482 1606 1517 (mittas
1619 1483 1692 1509 enim
1709 1482 1911 1517 praetendebat,

1117 1535 1146 1554 se
1168 1532 1330 1555 cunctarum
1365 1535 1426 1555 esse
1447 1529 1570 1563 gentium
1610 1527 1752 1555 dominum
1781 1529 1913 1563 jactans)

1117 1574 1278 1601 narratione
1302 1575 1387 1601 veteri
1418 1574 1554 1609 mitigavit
1580 1574 1756 1601 barbaricum
1780 1575 1911 1610 typbum.

1115 1619 1160 1646 Ait
1175 1619 1246 1646 enim
1261 1627 1268 1645 :
1289 1619 1369 1652 Audi,
1399 1619 1527 1655 clraganc,
1549 1619 1697 1654 proﬁcuum
1712 1621 1914 1654 narrationem.

1117 1665 1243 1692 Sesostris
1261 1665 1449 1701 .Egyptiorum
1473 1673 1520 1692 rex
1536 1665 1652 1692 illustris
1671 1671 1696 1693 rt
1722 1666 1818 1700 oppido
1832 1666 1914 1701 felix,

1117 1712 1210 1746 opibus
1229 1712 1319 1738 clarus
1343 1716 1367 1738 et
1384 1711 1584 1746 inexpugnabili
1600 1716 1749 1746 potentatu,
1776 1711 1915 1746 plurimas

1115 1762 1140 1784 et
1168 1758 1284 1792 ingentes
1311 1758 1431 1784 servituti
1454 1759 1576 1785 nationes
1593 1758 1704 1792 redegit.
1736 1757 1812 1785 Unde
1836 1763 1863 1784 et
1887 1759 1917 1786 in

1117 1804 1300 1838 arrogantiam
1330 1812 1418 1837 ruens,
1446 1812 1527 1831 curru
1548 1804 1699 1832 adlrtercute
1723 1804 1775 1831 sibi
1797 1812 1869 1831 auro
1891 1810 1916 1832 ct

1117 1849 1250 1883 lapidibus
1279 1849 1401 1884 pretiosis
1424 1854 1588 1882 constructo,
1612 1849 1682 1877 sedet
1699 1857 1778 1883 super
1791 1858 1868 1882 eum,
1890 1857 1917 1877 et

1116 1894 1214 1930 subigit
1235 1895 1303 1930 jugo
1327 1903 1360 1922 ea:
1390 1896 1521 1930 superatis
1544 1896 1648 1931 regibus
1671 1901 1788 1931 quatuor
1804 1897 1916 1923 trahere

1117 1949 1237 1969 currum.
1263 1941 1381 1976 Cumque
1405 1941 1455 1968 hoc
1474 1943 1548 1977 ﬁeret
1577 1943 1603 1969 in
1632 1942 1732 1977 insigni
1753 1942 1916 1976 festivitate,

1117 1995 1183 2014 unus
1195 1994 1227 2013 ex
1240 1992 1355 2022 quatuor
1373 1987 1478 2023 regibus
1495 1988 1646 2022 frequenter
1672 1988 1777 2015 oculum
1794 1990 1916 2016 terrebat

1117 2039 1272 2066 retrorsum,
1283 2039 1308 2061 et
1321 2034 1552 2069 contemplabatur
1567 2040 1665 2068 rotam,
1677 2043 1735 2061 curn
1750 2035 1916 2062 volveretur.

1116 2079 1201 2112 Quem
1216 2079 1345 2107 Sesostris
1357 2085 1545 2115 percunctatus
1558 2081 1596 2108 ait
1610 2089 1619 2108 .'
1636 2090 1647 2108 ι
1666 2081 1722 2109 Cur
1734 2085 1794 2116 post
1808 2087 1916 2117 tergum

1116 2126 1231 2159 ofﬁrmas
1245 2126 1356 2154 oculos?
1375 2136 1385 2153 ι
1399 2127 1433 2154 At
1451 2127 1496 2154 ille
1512 2136 1521 2156 :
1539 2137 1548 2154 ι
1567 2126 1656 2159 Hanc,
1672 2137 1682 2154 |
1694 2128 1788 2163 inquit,
1801 2137 1810 2154 ι
1823 2134 1916 2156 rotant

1117 2172 1199 2199 miror
1217 2173 1379 2205 instabilem,
1396 2177 1420 2200 ct
1437 2173 1507 2201 alias
1524 2177 1602 2208 atque
1618 2174 1698 2200 aliter
1709 2181 1737 2200 se
1751 2180 1916 2207 morentent,

275 2215 428 2249 ingressum
457 2215 589 2242 Itoruanis
607 2214 727 2242 ostendit
756 2219 782 2243 et
809 2215 944 2243 barbaros
964 2216 1062 2243 tenuit.
1077 2227 1102 2257 ο
1116 2219 1229 2246 etmodo
1244 2219 1348 2246 excelsa
1372 2219 1567 2252 Itunriliantem,
1590 2227 1684 2247 rursus
1705 2219 1820 2247 humilia
1833 2222 1918 2248 exal-

276 2262 369 2297 llaqne
401 2260 513 2297 Gipedis
542 2261 699 2296 proditione
725 2261 904 2290 transfretato
934 2261 1063 2296 ﬂumine,

274 2308 388 2336 Priscus
400 2308 488 2336 media
503 2312 583 2336 nocte
590 2308 694 2343 reperit
707 2308 859 2335 Musaciurn
880 2308 1064 2336 Barbarorum

275 2363 379 2389 regem,
410 2354 542 2382 ebrietate
570 2359 732 2389 corruptum
755 2363 762 2382 :
790 2354 932 2382 funebrem
964 2354 1065 2389 quippe

275 2401 377 2436 proprii
396 2399 489 2428 Iratris
511 2400 669 2427 celebrabat
690 2399 886 2432 festivitatem;
912 2407 967 2434 quo
987 2407 1065 2426 corn-

275 2446 412 2481 prcltenso
437 2445 499 2472 vivo
515 2443 616 2472 cmdern
642 2445 669 2471 in
702 2444 830 2471 Barbaris
852 2449 984 2480 operatus
1010 2448 1065 2476 est,

277 2492 416 2526 multaque
431 2491 543 2526 copiosa
558 2491 649 2527 prmda
671 2496 751 2526 rapta
780 2491 906 2518 ebrietati
923 2498 984 2518 sese
1003 2498 1066 2526 pro-

277 2537 346 2563 dunt
361 2541 388 2564 et
401 2537 529 2572 crapulae.
546 2537 580 2564 At
593 2541 648 2564 tum
675 2537 785 2564 barbari
806 2535 961 2563 eoacervati
977 2535 1064 2562 victo—

279 2583 354 2611 ribus
381 2583 542 2616 imminent,
583 2583 708 2618 feretque
734 2582 896 2610 vicissitudo
924 2582 1065 2616 reciproca

276 2630 444 2665 praecedenti
460 2629 591 2661 virilitate
608 2630 717 2661 szevior,
748 2629 800 2656 nisi
826 2628 918 2655 Genzo
946 2627 1064 2662 pedestri

275 2677 379 2704 virtute
394 2675 581 2703 Romanorum
617 2676 750 2703 insistens
764 2683 856 2711 pugna
880 2675 942 2702 forti
971 2674 1065 2710 probi-

277 2723 383 2749 buisset
398 2723 515 2758 impetus
532 2722 728 2751 Barbarorum.

310 2768 477 2797 Duodecimo
495 2769 602 2804 imperii
621 2769 746 2796 Mauricii
762 2777 843 2802 anno,
868 2777 929 2797 cum
951 2768 1064 2796 Priscus

273 2815 373 2842 iterum
389 2816 421 2843 ad
435 2816 534 2843 Istrttm
567 2815 737 2851 pervenisset
756 2821 906 2851 gentesque
919 2815 1064 2843 ScIavino-

277 2868 338 2888 rum
363 2862 533 2897 deprredatus
562 2861 668 2894 fuisset,
697 2862 769 2890 baud
797 2862 933 2890 tnodicam
959 2866 1063 2897 partem

1119 2270 1228 2292 tantem.
1242 2275 1251 2290 ι
1272 2265 1306 2291 At
1322 2273 1381 2292 vero
1397 2265 1528 2293 Sesostris
1548 2264 1707 2299 parabolam
1730 2265 1918 2301 intelligenter

1117 2311 1348 2345 animadverteris,
1364 2311 1445 2347 legem
1462 2311 1551 2345 posuit
1569 2319 1600 2338 ne
1612 2319 1720 2338 currum.
1745 2319 1818 2346 reges
1841 2312 1917 2339 ulte-

1118 2357 1174 2383 rius
1191 2357 1336 2384 traherent.
1368 2356 1417 2384 His
1436 2357 1578 2392 cbaganus
1600 2356 1702 2384 auditis
1728 2356 1861 2389 subrisit,
1889 2364 1918 2385 rt

1117 2403 1156 2430 ait
1176 2411 1205 2430 se
1219 2411 1312 2438 pacem
1329 2403 1442 2430 sectari.
1459 2403 1572 2431 Priscus
1583 2408 1674 2431 autem
1697 2403 1825 2440 cbagauo
1848 2406 1917 2431 red-

1117 2447 1186 2476 didit
1207 2456 1257 2484 pro
1282 2449 1402 2476 transitu
1428 2449 1561 2484 praedam,
1588 2454 1615 2477 et
1640 2449 1748 2477 exuviis
1778 2450 1918 2477 omnibus

1117 2495 1235 2530 sumptis
1263 2495 1324 2523 sine
1346 2495 1492 2531 dispendio
1520 2502 1629 2523 amnem
1655 2495 1794 2523 transivit.
1825 2495 1917 2523 Porro

1116 2541 1257 2576 cbaganus
1280 2541 1323 2569 bis
1338 2541 1476 2576 susceptis
1503 2541 1650 2576 magniﬁce
1673 2541 1830 2568 laetabatur.
1851 2541 1914 2569 Pri-

1117 2593 1181 2614 scus
1207 2585 1369 2621 Byzantium
1387 2587 1477 2620 vertit,
1504 2591 1532 2615 et
1559 2586 1657 2615 Petrus
1676 2592 1830 2622 pra'turam
1849 2597 1917 2616 sus-

1116 2632 1198 2667 cepit.

1152 2676 1257 2709 Quarto
1268 2675 1375 2704 decimo
1389 2677 1499 2712 imperii
1513 2677 1555 2705 sui
1574 2685 1647 2705 anno
1657 2677 1740 2712 jussit
1757 2677 1917 2708 Mauricius

1116 2721 1198 2749 Petro
1211 2722 1320 2756 praetori
1337 2727 1368 2750 ut
1385 2723 1495 2750 tertiam
1514 2722 1667 2757 portionem
1679 2730 1752 2757 roga:
1768 2723 1796 2750 in
1809 2731 1881 2751 auro
1898 2731 1916 2751 a

1118 2768 1249 2796 Romanis
1271 2769 1418 2803 acciperet,
1438 2773 1466 2797 et
1484 2769 1593 2797 tertiam
1616 2769 1643 2796 in
1667 2770 1763 2802 armis,
1784 2775 1812 2797 et
1826 2771 1915 2797 aliam

1117 2814 1226 2842 tertiam
1240 2815 1266 2842 in
1280 2816 1452 2844 resumentis
1467 2816 1597 2843 diversis.
1615 2815 1709 2851 Itaque
1721 2817 1836 2844 Romani
1858 2817 1914 2843 hoc

1116 2861 1209 2889 audito
1232 2864 1264 2889 ad
1286 2863 1456 2898 tyrannidem
1473 2863 1663 2890 vertebantur.
1678 2862 1782 2890 Praetor
1795 2870 1861 2892 vero
1877 2864 1916 2892 ti~
