2035 3153
178 128 188 159 1
195 129 247 159 285

572 128 755 158 HISTORM
770 126 1058 157 ECCLESIASTiCA
1076 127 1125 156 EX
1143 121 1386 157 THEOPHANE.

1739 130 1806 164 1386

177 193 255 211 mens
283 183 472 212 satisfaciebat
494 184 551 219 (40)
573 186 707 212 militibus
722 185 772 212 hoc
787 192 881 212 verum
907 192 961 211 non
981 187 1002 214 Α
1017 186 1052 211 At
1066 191 1129 211 vero
1142 183 1240 211 Petrus
1251 185 1344 211 verbis
1355 184 1521 213 seductoriis
1531 194 1597 214 usus
1607 194 1661 214 non
1674 195 1704 214 se
1718 189 1806 216 scisse

174 238 248 262 esse.
263 236 289 258 et
304 231 453 258 exhibebat
466 231 635 259 exercitibus
650 232 718 258 alias
732 232 852 263 litteras,
865 231 963 266 juben-

175 281 216 305 tes
232 277 284 304 sibi
300 282 437 312 quatenus
453 278 480 305 hi
495 279 541 313 qui
563 278 644 305 fortia
665 283 810 314 gesserant
825 284 853 306 et
867 279 900 307 de
917 287 964 314 pe-

175 323 271 350 riculis
287 323 494 359 triumpltarant
508 324 536 351 in
552 325 668 352 urbibus
680 333 787 352 summa
802 325 896 360 requie
915 333 964 359 po-

176 370 306 402 tirentur,
324 370 358 397 de
371 370 490 405 publicis
503 371 660 406 sumptibus
674 373 745 398 inter
760 378 840 398 senes
860 371 962 404 alendi,

175 416 252 452 pueri
267 423 332 443 vero
353 416 470 443 militum
486 417 513 444 in
536 417 605 444 locis
627 417 801 452 propriorum
819 421 964 452 parentum

175 462 412 496 inscriberentur;
425 463 528 498 talique
541 464 654 491 suadela
671 464 800 499 populum
818 464 963 498 mitigavit,

174 512 202 533 et
226 507 364 535 Caesarem
394 510 471 536 bona:
494 509 572 536 fama:
596 510 736 544 pra-conio
772 509 962 537 laudaverunt.

175 552 238 580 Haec
254 559 344 580 autem
361 553 459 582 Petrus
474 555 634 590 imperatori
648 555 964 591 denuntiaviLCutnque

175 599 295 626 venisset
308 599 542 636 Marcianopolim,
561 601 657 636 dirigit
671 602 744 629 mille
767 610 961 637 prmcessuros.

176 643 208 670 lli
222 647 339 679 repertis
351 644 485 673 Sclavinis
504 647 618 674 multam
632 647 798 675 ducentibus
812 648 963 675 Romanam

175 691 307 725 prmdam,
336 691 385 718 hos
408 692 593 726 insequentes
619 692 791 725 occiderunt,
824 693 964 728 multaque

174 736 266 772 praeda
288 742 397 771 recepta
413 737 544 764 Romaica
559 738 702 765 redieruttt
713 738 746 765 ad
762 746 838 766 rura.

210 782 311 810 Eodem
325 790 390 810 vero
405 790 478 810 anno
493 784 650 812 construxit
666 785 817 819 imperator
829 785 961 812 solarium

174 828 330 863 Magnaurzc
346 829 505 862 rotundum,
515 833 543 857 et
557 829 584 857 in
602 830 692 858 medio
709 830 782 858 atrio
793 831 853 865 ejus
865 831 962 860 statuit

173 878 291 901 statuant
308 882 397 908 suam,
419 879 446 902 et
462 875 519 903 illic
534 876 626 910 posuit
637 881 849 904 armamentum.

209 920 311 954 Quinto
327 921 433 948 decittto
454 922 561 957 imperii
577 921 704 950 Mauricii
731 930 804 950 anno
817 921 901 951 Petro
917 932 964 950 ve-

175 964 472 995 nationcnfexercenti
497 976 544 996 sus
562 969 680 1004 agrestis
702 969 811 996 obviant
829 970 962 1002 occurrit,

174 1013 326 1048 pedemque
338 1014 427 1050 ipsius
443 1015 476 1042 ad
493 1015 620 1043 arborem
639 1016 847 1050 conquassavit,
870 1022 897 1043 et
912 1016 964 1042 im-

174 1059 356 1094 portabilibus
373 1060 429 1096 (tt)
445 1060 588 1090 doloribus
599 1062 686 1089 multo
707 1065 831 1097 tempore
848 1062 962 1097 languit.

173 1104 224 1131 Ast
239 1105 388 1140 imperator
401 1107 502 1134 litteris
516 1099 648 1141 pessimis
664 1112 692 1134 et
708 1107 888 1142 improperiis
902 1115 964 1143 gra-

175 1150 252 1178 vibus
264 1152 289 1179 ei
303 1152 434 1184 detraxit,
460 1152 554 1179 audito
571 1153 643 1187 qttod
662 1153 755 1180 multa:
771 1152 963 1180 Sclavinorum

173 1202 268 1231 gentes
285 1196 388 1223 fuerint
405 1201 502 1225 contra
520 1197 683 1232 Byzantium
695 1203 786 1226 mota}.
799 1198 901 1226 Petrus
914 1207 963 1225 au-

174 1247 227 1270 tent
248 1247 362 1271 coactus
380 1242 470 1270 Novas
486 1245 620 1279 pervettit.
639 1244 670 1271 lli
687 1252 751 1272 vero
766 1245 814 1280 qui
833 1249 912 1273 erant
931 1246 965 1273 de

173 1289 294 1321 civitate,
314 1297 366 1317 una
382 1298 445 1317 cum
460 1290 629 1325 ignobilibus
645 1291 779 1319 militibus
791 1295 819 1318 et
833 1292 964 1326 episcopo

175 1336 283 1370 prattori
304 1337 411 1363 obviam
424 1338 556 1371 veniunt;
578 1345 648 1372 quos
675 1341 777 1372 prmtor
794 1337 922 1371 intuitus,
937 1343 965 1365 ct

175 1389 250 1408 arma
264 1390 360 1409 eorum
374 1390 406 1409 ac
419 1382 610 1410 fortitudinem
627 1382 791 1415 admiratus,
803 1383 883 1418 jubet
897 1383 965 1411 urbe

173 1427 287 1454 ditnissa
303 1428 434 1456 Romanae
447 1428 556 1456 misceri
569 1433 698 1456 catervm.
712 1428 814 1456 Milites
825 1432 917 1455 autent
930 1428 964 1455 ad

174 1474 296 1502 civitatis
324 1475 479 1503 custodiam
493 1475 614 1503 ordinati
632 1475 683 1503 ltoc
704 1482 786 1510 agere
802 1479 962 1502 rettuerunt.

174 1519 244 1547 Tum
263 1526 361 1555 pra‘tor
378 1521 406 1548 itt
422 1521 544 1549 furorem
571 1529 667 1549 versus
695 1521 844 1549 destinavit
858 1521 964 1548 Genzo—

175 1574 237 1593 nem
255 1574 309 1594 uua
324 1574 386 1594 cum
405 1568 581 1595 multitudine
598 1569 728 1595 militum.
743 1568 793 1602 Qui
809 1568 860 1595 boc
877 1575 962 1603 agno-

173 1616 283 1639 scentes
307 1613 493 1649 couiugerunt
508 1614 535 1640 itt
550 1614 709 1646 ecclesiam,
734 1617 762 1641 et
779 1614 877 1641 clauso
890 1613 964 1640 ostio

175 1658 269 1693 templi
294 1659 518 1693 perseverabant.
548 1658 641 1688 Genzo
656 1667 720 1686 vero
743 1667 794 1694 pro
810 1660 965 1687 reverentia

174 1705 268 1739 templi
290 1705 415 1732 ineﬂicax
437 1706 531 1734 rediit.
551 1705 649 1734 Petrus
675 1711 767 1733 autetn
784 1706 871 1734 iratus
890 1706 964 1734 Gen-

174 1757 271 1777 zoncm
285 1758 299 1777 a
311 1754 434 1786 praetura
445 1752 570 1787 deponit,
588 1756 616 1780 et
632 1753 718 1780 misso
735 1752 871 1780 Scribone
884 1753 964 1788 igno-

175 1796 292 1824 mittiose
313 1797 346 1829 ad
359 1806 388 1826 se
400 1799 561 1834 episcopum
575 1799 654 1834 jubet
666 1799 777 1827 adduci.
792 1799 878 1827 Porro
890 1800 965 1827 cives

174 1842 282 1870 collecti
298 1843 462 1872 Scribonem
489 1853 552 1872 cutn
578 1845 712 1873 dedecore
728 1845 796 1873 urbe
812 1845 963 1880 depellunt,

174 1890 254 1924 cujus
271 1891 407 1918 obseratis
427 1893 515 1927 portis
533 1892 695 1920 Mauricium
713 1892 824 1927 quidem
843 1891 963 1925 impera-

175 1939 260 1962 torem
278 1936 405 1964 laudibus
421 1937 551 1970 eﬂ‘erunt,
563 1942 707 1971 prmtorem
723 1942 815 1965 autem
830 1936 964 1964 conviciis

173 1982 329 2015 cumulant;
346 1983 441 2018 sicque
467 1992 530 2010 cuttt
550 1984 699 2018 opprobrio
713 1984 812 2011 Petrus
833 1983 898 2011 inde
918 1990 964 2010 re-

173 2028 268 2054 cessit.
284 2028 430 2056 Prmmittit
449 2033 580 2064 praeterea
598 2029 673 2057 tuille
698 2029 734 2057 ad
753 2030 963 2065 explorandum,

173 2074 221 2107 qui
243 2073 374 2109 Vulgarcs
393 2080 605 2110 consequuntur
628 2084 744 2103 nttmcro
760 2076 844 2105 ntille.
863 2076 963 2104 Verum

175 2119 307 2154 Vulgares
323 2120 365 2148 (isi
381 2129 464 2156 super
480 2129 548 2156 pace
564 2122 681 2157 cltagani
698 2123 789 2151 securi
804 2124 962 2158 pergebant.

175 2165 292 2192 [tertiani
324 2171 415 2194 autem
442 2167 470 2194 in
487 2168 622 2202 Vulgarcs
653 2163 786 2205 impetum
807 2169 963 2203 iaciebant;

1018 229 1321 264 tuotiottemaﬂirmat,
1353 231 1474 266 duplicia
1499 235 1590 259 tanten
1618 233 1684 260 dare
1718 234 1805 268 spolia

1017 277 1144 304 universa
1169 282 1316 312 procurat;
1333 278 1429 312 sicque
1447 278 1561 305 Barbari
1577 279 1689 306 amissis
1707 280 1805 314 spoliis

1016 323 1100 359 dupla
1119 329 1197 352 sorte
1212 324 1334 358 receptis
1355 324 1412 359 paci
1424 324 1582 352 consulunt.
1597 324 1697 352 Petrus
1710 331 1806 354 contra

1015 370 1192 409 Peregastugn
1219 370 1414 398 Sclavinorttm
1437 371 1586 398 exarclumt
1614 377 1760 406 properat;
1779 379 1806 399 et

1015 415 1128 443 Barbari
1145 417 1219 443 circa
1235 416 1322 451 ripam
1339 415 1462 444 ﬂuminis
1478 416 1542 443 huic
1559 416 1631 444 obvii
1659 416 1722 444 facti
1741 425 1805 452 pro~

1016 462 1146 490 bibebant
1160 462 1287 490 transire.
1305 463 1423 490 Romani
1441 470 1504 490 vero
1516 470 1530 489 a
1546 463 1624 490 fretis
1640 464 1804 498 sagittantes

1016 508 1066 535 bos
1082 512 1262 541 averterunt;
1277 508 1380 543 quibus
1393 508 1420 535 in
1440 508 1531 543 fugant
1547 509 1636 536 versis
1653 510 1805 544 percutitur

1016 553 1063 581 ilio
1083 553 1261 589 Peregastns,
1291 558 1317 581 et
1341 554 1470 581 ntoritur.
1500 553 1689 582 Transeuntes
1714 560 1805 581 autem

1016 600 1131 627 Romani
1149 600 1269 635 praedam
1283 600 1398 627 multam
1416 604 1591 634 receperunt.
1606 605 1633 627 et
1647 600 1680 628 ad
1693 601 1805 635 propria

1016 649 1184 673 remearunt.
1203 645 1366 673 Errantibus
1388 645 1552 673 dttetoribus
1571 649 1598 672 et
1618 645 1646 672 in
1669 646 1805 680 inaquosa

1017 691 1202 719 incidentibus
1227 691 1287 719 loca
1308 691 1519 726 periclitabatur
1545 692 1695 719 exercitus.
1717 691 1805 719 Porro

1016 745 1077 765 cum
1098 737 1151 765 iter
1169 742 1282 773 agerent
1301 741 1399 770 noctu,
1419 738 1534 764 veniunt
1555 737 1588 764 ad
1607 745 1715 765 amnem
1731 737 1806 765 Ilcli-

1015 785 1085 811 ciant
1099 784 1220 811 dictum:
1234 791 1295 811 cum
1310 791 1376 811 vero
1390 783 1466 811 dumi
1480 788 1558 811 trans
1572 783 1670 815 fretum
1683 784 1806 812 ﬂuminis

1015 834 1121 861 essent,
1142 829 1255 857 Barbari
1275 830 1301 856 itt
1319 829 1363 857 Itis
1381 829 1537 857 absconditi
1558 837 1606 857 eos
1624 830 1671 864 qui
1695 830 1804 856 haurie‘

1017 877 1082 904 bant
1110 875 1431 911 aquamjaculabantur.
1449 875 1546 910 Magna
1573 876 1657 911 igitur
1680 875 1806 903 molestia

1015 922 1149 950 Romanis
1175 923 1269 950 ell'ecta
1301 923 1420 955 ntilitiis,
1446 922 1474 949 in
1503 922 1593 957 fugam
1618 926 1764 950 vertuntur
1790 929 1806 949 a

1016 969 1145 997 Barbaris
1170 969 1310 996 debellati.
1335 969 1436 997 Verum
1467 968 1618 996 Mauricius
1642 968 1686 996 Itis
1705 968 1806 997 auditis

1016 1015 1126 1042 Petrum
1154 1020 1274 1050 prmtura
1301 1015 1481 1050 privavit,et
1508 1014 1633 1043 Priscum
1661 1020 1806 1050 prtetoreut

1016 1060 1129 1088 Thraca:
1148 1061 1240 1089 denuo
1254 1061 1341 1089 misit.

1053 1106 1145 1134 Mundi
1173 1115 1246 1134 anno
1274 1107 1363 1140 6090,
1387 1107 1488 1135 divina:
1516 1107 1715 1136 incarnationis
1741 1109 1804 1142 590,

1016 1151 1200 1179 Romanorum
1219 1153 1368 1187 imperator
1389 1153 1552 1186 Mauricius,
1584 1161 1630 1181 rex
1655 1154 1803 1182 Persarum

1015 1196 1165 1229 Cltosroes,
1179 1198 1322 1225 Romanus
1339 1198 1497 1233 Gregorius,
1517 1198 1804 1234 Constantinopolita-

1016 1250 1067 1269 ttus
1080 1242 1226 1277 Cyriacus,
1247 1242 1516 1278 Hierosolymitattus
1532 1245 1628 1278 Amos,
1641 1246 1803 1273 Alexandri-

1015 1295 1068 1314 nus
1085 1287 1217 1322 Eulogius
1234 1292 1261 1316 et
1276 1289 1465 1317 Antiocltenus
1486 1289 1651 1318 Anastasius
1668 1291 1805 1319 babetttur

1015 1334 1162 1362 antistites.
1193 1334 1251 1361 Hoc
1275 1342 1360 1367 anno,
1387 1335 1495 1370 imperii
1519 1337 1649 1364 videlicet
1678 1337 1803 1364 Mauricii

1015 1384 1093 1407 sexto
1109 1380 1229 1413 decimo,
1244 1380 1355 1408 Priscus
1367 1389 1497 1416 egressus
1510 1387 1609 1417 praetor
1629 1383 1656 1409 itt
1672 1382 1804 1410 Thracem

1016 1429 1132 1455 virtutes
1146 1429 1304 1456 numeravit
1316 1429 1466 1465 exercitus,
1479 1434 1506 1457 et
1519 1430 1623 1458 invenit
1635 1430 1708 1465 quod
1719 1438 1752 1457 ex
1764 1430 1805 1458 eis

1017 1474 1099 1501 fuerit
1115 1475 1263 1502 utultitudo
1274 1480 1437 1510 consumpta
1452 1484 1507 1503 non
1526 1483 1621 1511 parva.
1643 1476 1692 1504 llis
1713 1481 1804 1504 autem

1016 1520 1135 1554 sumptis
1151 1521 1227 1548 venit
1244 1521 1277 1548 ad
1299 1520 1401 1548 [lumen
1417 1521 1516 1548 lstruttt
1533 1526 1559 1548 et
1572 1521 1673 1550 NovaS.
1685 1521 1745 1555 Quo
1758 1529 1805 1549 σοι

1015 1565 1092 1600 gnito
1112 1565 1252 1600 cbaganus
1265 1566 1369 1601 legatos
1382 1567 1466 1600 misit,
1481 1574 1595 1596 causam
1611 1568 1697 1602 ipsius
1709 1568 1806 1595 scisci-

1015 1615 1090 1639 tatus
1107 1611 1254 1641 adventus.
1268 1612 1380 1640 Priscus
1397 1618 1489 1641 autem
1519 1614 1673 1641 venationis
1699 1622 1729 1641 se
1757 1623 1804 1641 ve-

1015 1657 1091 1684 nisse
1105 1665 1188 1685 causa
1201 1657 1347 1685 (alebatur.
1369 1659 1418 1686 Ast
1439 1659 1586 1694 Cltaganus
1601 1668 1609 1686 :
1629 1659 1689 1686 Non
1699 1660 1804 1693 justum

1014 1707 1064 1736 est,
1082 1703 1181 1739 inquit,
1198 1705 1223 1731 in
1240 1705 1326 1731 alieno
1339 1705 1396 1732 loco
1414 1706 1514 1734 venari.
1533 1705 1552 1732 Ε
1574 1711 1670 1734 contra
1693 1706 1804 1734 Priscus

1015 1758 1097 1778 suum
1115 1751 1223 1778 dicebat
1238 1759 1299 1779 esse
1313 1752 1415 1783 locum,
1439 1757 1466 1779 et
1487 1753 1510 1779 ei
1533 1751 1625 1787 fugam
1640 1760 1673 1780 ex
1692 1752 1805 1780 Oriente

1016 1797 1221 1832 improperabat
1243 1799 1344 1833 egisse.
1370 1798 1509 1826 Barbarus
1534 1804 1623 1826 autem
1646 1799 1806 1833 Singidouis

1015 1850 1094 1870 ntttro
1116 1844 1258 1871 destructo
1279 1843 1312 1870 ad
1330 1843 1519 1871 Romanorum
1538 1850 1641 1871 terram
1664 1843 1803 1878 proiectus

1015 1892 1067 1916 est.
1082 1888 1140 1922 Quo
1152 1890 1262 1924 cognito
1277 1889 1389 1918 l‘riscus
1405 1890 1478 1918 venit
1494 1891 1527 1917 ad
1547 1891 1665 1918 insulam
1680 1890 1755 1923 lstri,
1771 1895 1799 1918 et

1016 1934 1195 1962 dromonibus
1209 1935 1326 1970 sumptis
1345 1935 1377 1962 ad
1393 1936 1552 1970 Cltaganum
1572 1937 1642 1971 apttd
1665 1936 1804 1964 Constan-

1017 1981 1110 2008 tiolam
1123 1981 1208 2014 venit,
1225 1982 1319 2009 volens
1332 1989 1393 2009 cum
1413 1990 1445 2010 eo
1459 1982 1543 2017 loqui.
1558 1983 1681 2017 Cumque
1702 1983 1802 2018 cltaga-

1017 2036 1072 2056 nus
1088 2028 1120 2055 ad
1138 2036 1213 2055 oram
1230 2029 1351 2057 ﬂuminis
1369 2029 1499 2062 venisset,
1518 2029 1628 2057 Priscus
1645 2031 1732 2057 tristis
1747 2030 1804 2064 (1-2)

1015 2083 1078 2102 eum
1092 2075 1251 2110 alloquitur.
1276 2076 1422 2112 Cltagauus
1445 2081 1535 2103 autem
1560 2075 1631 2102 dixit
1657 2077 1690 2103 ad
1715 2084 1800 2104 cum:

1016 2121 1087 2154 Quid
1104 2121 1160 2153 tibi,
1179 2121 1281 2154 Prisce,
1294 2131 1325 2148 ac
1337 2127 1414 2149 terra:
1431 2130 1494 2149 mete
1506 2124 1517 2149 ?
1531 2131 1566 2149 an
1581 2126 1606 2148 et
1623 2122 1690 2148 hunc
1708 2123 1747 2149 vis
1758 2130 1803 2149 uc-

1016 2166 1099 2200 cipere
1122 2175 1168 2201 per
1189 2168 1356 2195 mendacium
1381 2176 1416 2195 ea:
1440 2168 1565 2195 manibus
1588 2169 1674 2196 meis?
1700 2168 1802 2203 judice!

173 2212 222 2246 qtti
252 2212 366 2239 mittunt
393 2213 469 2241 viros
494 2218 599 2249 septem
628 2219 839 2244 commonentes
868 2224 962 2250 pacem
975 2205 1002 2234 D
1019 2212 1088 2239 Deus
1103 2213 1171 2240 inter
1183 2222 1222 2240 me
1236 2218 1260 2240 et
1276 2213 1442 2241 Mauricium
1454 2214 1652 2248 imperatorem,
1669 2215 1802 2247 requirat-

174 2257 289 2285 ntinime
305 2257 522 2286 dissolvendam.
541 2258 598 2287 Hos
611 2259 757 2289 audientes
773 2261 800 2288 lti
825 2262 872 2297 qui
894 2269 965 2297 prae-

172 2309 332 2339 currerunt,
349 2305 507 2340 signiﬁcant
520 2305 577 2334 haec
589 2307 718 2342 praetori;
733 2308 782 2342 qui
802 2307 872 2335 dixit
887 2317 894 2336 :
909 2307 964 2334 Nec

172 2349 198 2377 si
212 2349 358 2384 imperator
383 2353 492 2385 venerit,
520 2352 582 2378 huic
609 2360 731 2386 parcant.
761 2353 965 2389 Congressione

172 2402 238 2422 vero
252 2395 315 2423 belli
340 2396 436 2424 eﬂecta
467 2397 583 2425 Romani
602 2401 758 2426 vertuntur.
782 2398 835 2425 Sed
853 2399 962 2426 barbari

170 2448 228 2468 non
249 2443 388 2477 persecuti
415 2448 481 2471 sunt
498 2451 555 2476 eos,
583 2452 619 2472 ne
641 2444 782 2472 vincentes
807 2444 960 2472 discritnen

171 2489 358 2518 ittcurrcrent.
379 2490 464 2518 Porro
482 2496 583 2526 prtetor
599 2490 773 2518 taxiarcltum
789 2498 960 2525 praecurren-

171 2537 241 2562 tiunt
253 2535 411 2570 ﬂagellatit.
427 2537 458 2563 Et
474 2537 525 2564 boc
540 2542 682 2573 compertu
702 2537 842 2573 ebagauus
855 2538 960 2573 legatos

171 2582 206 2609 ad
238 2581 349 2610 Petrum
378 2583 508 2616 destinat,
537 2583 721 2618 inceptionem
751 2590 899 2617 accusans,
931 2587 960 2611 et

171 2629 244 2664 quod
262 2629 378 2656 Romani
391 2630 453 2658 sine
465 2629 539 2665 justa
557 2637 639 2658 causa
653 2637 748 2665 pacem
764 2629 960 2657 dissolverent.

1014 2267 1064 2294 que
1090 2260 1244 2294 sanguinem
1268 2260 1399 2286 exercitus
1423 2259 1604 2286 Romanarum
1624 2264 1648 2285 et
1668 2261 1801 2286 exercitus

1015 2307 1066 2333 mei
1078 2306 1109 2333 de
1121 2307 1243 2333 manibus
1259 2306 1328 2340 ejus.
1351 2306 1372 2332 Ε
1398 2311 1493 2332 contra
1525 2305 1637 2333 Priscus
1652 2313 1659 2332 :
1675 2306 1803 2340 Singulo-

1014 2360 1083 2385 uem,
1103 2352 1202 2386 inquit,
1218 2351 1352 2378 civitatem
1368 2350 1448 2378 redde
1465 2349 1603 2379 Romanis.
1620 2351 1671 2384 Qui
1685 2353 1722 2378 ait
1737 2359 1743 2376 ί
1763 2350 1801 2378 Tu

1013 2406 1095 2425 unam
1106 2398 1238 2424 civitatem
1249 2398 1347 2424 unobis
1359 2398 1464 2424 conaris
1477 2399 1595 2433 accipere
1610 2406 1620 2425 :
1633 2398 1730 2426 videbis
1742 2404 1800 2433 poet

1013 2444 1154 2479 paululum
1169 2444 1361 2479 quinquaginta
1380 2445 1502 2471 civitates
1517 2444 1650 2471 Romanas
1668 2445 1800 2471 Aturribus

1014 2490 1138 2516 scrritute
1152 2490 1285 2517 redactas.
1301 2491 1412 2519 Priscus
1427 2495 1518 2519 autem
1532 2492 1648 2519 navibus
1658 2491 1800 2527 Singidoni

1015 2544 1064 2572 per
1085 2544 1192 2563 amnem
1209 2537 1340 2565 exhibitis
1358 2537 1429 2565 banc
1453 2537 1635 2573 depopulatus
1649 2543 1708 2570 est,
1725 2543 1753 2565 et
1767 2545 1800 2565 ex

1014 2589 1046 2610 ea
1062 2581 1195 2617 Vulgares
1214 2583 1329 2618 pepulit.
1406 2614 1413 2618 α

1051 2627 1173 2664 Septimo
1189 2628 1296 2656 decimo
1314 2628 1421 2664 imperii
1434 2628 1555 2656 Mauricii
1570 2636 1643 2657 anno
1654 2635 1800 2656 coacerva-

923 2675 1043 2705 NOTAE.

207 2727 265 2761 (£0)
280 2726 483 2762 Satisfaciebat.
499 2725 602 2762 Glossa:
615 2735 622 2753 :
636 2726 779 2761 ἀπολογία,
807 2727 956 2758 excusatio,

171 2763 307 2797 purgatio,
332 2761 592 2797 satisfactiotﬂinc
622 2762 846 2797 satisfactionalis
876 2763 956 2796 liber,

170 2793 382 2831 Ξιποὶογητικός.
400 2793 470 2824 Hist.
494 2796 568 2830 Τήν.
588 2805 626 2828 rx,
640 2793 685 2824 95.
701 2798 747 2824 Sic
759 2793 955 2832 Hieronymum

171 2833 272 2860 alicubi
302 2834 426 2867 posuisse
458 2833 651 2866 satisfacientes
672 2841 721 2867 pro
744 2838 900 2859 excusante:
929 2841 957 2860 se

170 2873 249 2897 notat
272 2869 306 2896 H.
325 2867 436 2896 Grotius
463 2869 489 2895 in
509 2868 685 2896 Uiscussione
703 2867 839 2897 Rivetiani
856 2868 957 2903 Apolo-

1011 2726 1103 2760 getici,
1118 2734 1145 2760 p.
1159 2725 1204 2752 8'5.
1220 2724 1302 2752 Fasti.

1048 2761 1104 2797 (41)
1118 2757 1357 2797 Ἰηιροι-ιαρἱβὶῡιη.
1379 2759 1440 2794 Ipse
1455 2758 1482 2786 itt
1498 2758 1636 2797 liypotnn.
1652 2758 1686 2784 de
1698 2757 1796 2797 sitast.

1011 2793 1127 2831 apocrlz
1147 2805 1156 2822 ι
1169 2793 1237 2823 Cum
1255 2794 1339 2824 illatis
1364 2793 1475 2831 quoque
1498 2793 1550 2822 illis
1577 2793 1798 2829 importabilibus

1011 2830 1235 2859 tribulationibus
1256 2831 1360 2858 retulit.
1378 2840 1387 2856 ι
1411 2830 1446 2858 lo.

1046 2867 1102 2902 (ti)
1117 2867 1219 2894 Tristis.
1241 2866 1263 2892 E
1279 2872 1344 2894 rate.
1357 2867 1393 2895 lo.
