2035 3153
242 200 280 226 tis
306 197 446 232 cbaganus
463 194 649 231 potentatibus
665 194 724 222 suis
748 194 774 220 in
789 193 951 221 Dalmatiam
970 201 1032 228 pro-
1048 197 1069 225 Î›

243 248 330 279 perat,
348 247 375 270 et
391 250 453 270 cum
473 242 593 269 venisset
614 240 735 273 Baleam,
761 241 943 276 quadraginta
960 248 1031 275 quo-

242 297 296 324 que
307 289 443 319 civitates,
461 295 521 322 qua!
531 288 605 315 circa
625 294 685 313 eam
702 291 776 319 sunt,
795 294 891 314 omnes
910 287 1033 322 depopu-

243 335 316 362 latus
349 338 401 361 est.
430 333 536 366 Quibus
571 333 684 360 Priscus
712 333 812 368 agnitis
842 332 968 360 Gudohin
998 333 1031 359 ad

242 381 458 415 explorationem
489 379 526 406 rei
540 379 650 406 direxit.
666 379 717 411 Qui
748 379 775 406 in
793 379 863 406 valle
877 379 1033 409 pctultatur

246 427 358 462 pusilla,
374 431 402 452 et
414 426 536 453 diluculo
561 426 588 452 in
609 426 690 453 dorsa
708 433 803 452 eorum
825 425 940 452 effectus
960 426 1033 452 illico

245 477 362 499 cunctos
385 472 512 507 peremit,
543 475 569 498 ct
587 477 726 506 acceptant
751 472 869 506 praedam
897 473 974 500 duxit
999 473 1033 501 ad

246 517 381 544 Priscum.
411 516 495 545 Porro
515 519 656 552 chagauus
678 519 831 546 infortunio
846 523 987 553 comperto
1005 519 1033 546 in

243 564 381 597 regionem
397 572 476 590 suam
492 572 622 591 reversus
638 568 691 597 est,
704 568 731 591 ct
744 564 855 592 Priscus
866 566 899 591 ad
913 566 1033 600 propria.

281 608 375 636 Mundi
389 609 549 641 a111106092,
561 610 660 637 divina:
676 610 874 638 incarnationis
889 619 961 637 anno
971 611 1033 642 592.

245 655 398 688 imperante
420 654 551 682 Mauricio
571 655 605 682 i8
626 663 709 689 anno,
746 657 864 691 sumptis
887 658 1034 685 virtutibus

243 699 356 728 Priscus
379 699 558 735 Siugidonem
587 702 685 728 venit:
715 702 855 737 chaganus
878 711 943 729 vero
969 711 1036 730 cou-

243 752 356 782 grcgato
380 748 493 783 proprio
518 753 660 782 potentatu
677 749 771 776 subito
792 749 885 784 Mysia:
904 750 994 782 adest,
1008 755 1035 777 et.

242 792 372 820 Tomeam
389 794 484 821 urbem
504 801 605 829 capere
634 795 743 822 nititur.
761 795 907 831 Propterea
924 796 1036 824 Priscus

244 839 394 875 Singidone
419 840 517 867 relicta
543 841 609 868 huic
636 841 754 869 efficitur
783 843 938 876 proximus.
965 844 1033 870 Cum

241 890 331 912 autem
353 887 493 920 paschalis
521 886 659 915 festivitas
687 887 835 915 haberetur
865 893 892 916 et
915 888 1033 916 Romani

242 931 314 958 fame
329 931 512 964 tabescerent,
524 931 642 960 audiens
664 932 804 968 chaganus
816 932 913 961 Prisco
929 935 1035 969 signiti-

241 977 322 1004 cabat
342 981 372 1004 ut
386 978 438 1004 sibi
456 978 581 1012 plaustra
602 978 723 1006 mitteret
745 978 778 1006 ad
793 979 962 1014 deportanda
980 981 1035 1008 illis

242 1023 384 1056 alimenta,
400 1028 539 1058 quatenus
555 1032 616 1051 cum
631 1024 769 1051 hilaritate
783 1025 957 1054 festivitatem
973 1034 1037 1062 pro-

243 1069 330 1104 priam
353 1071 536 1097 celebrarent.
561 1071 595 1098 -40
622 1071 715 1107 itaque
741 1073 864 1107 plaustra
886 1073 967 1108 plena
992 1074 1035 1102 his

243 1115 336 1143 mittit.
349 1116 410 1143 Pari
427 1116 510 1144 modo
531 1121 559 1144 ct
583 1116 695 1146 Priscus
716 1119 824 1153 species
844 1118 953 1147 Indicas
973 1120 1037 1146 bar-

244 1162 312 1190 baro
339 1163 471 1198 quasdam
491 1163 607 1196 remisit,
634 1164 712 1199 piper
733 1164 860 1192 videlicet
881 1169 909 1193 et
938 1165 1035 1193 folium

243 1208 365 1236 Iudicum
391 1213 418 1236 et
435 1213 544 1237 costum
570 1214 598 1238 et
622 1211 741 1238 cassiam
774 1215 856 1247 atqtte
878 1212 930 1239 alia
946 1220 978 1239 ex
995 1212 1037 1241 his

241 1262 304 1290 quae
320 1259 491 1290 quaeruntur,
505 1263 568 1283 cum
601 1256 747 1292 Chaganus
762 1257 832 1292 apud
847 1257 978 1285 Sirmium
992 1267 1037 1286 re-

242 1299 360 1328 sideret.
373 1300 426 1333 Qui
441 1302 560 1336 receptis
577 1301 618 1329 his
652 1304 764 1337 gavisus
776 1307 817 1330 est
833 1311 916 1338 super
932 1305 990 1336 cis;
1005 1306 1038 1336 tet

241 1346 329 1373 donec
346 1346 530 1380 cumpleretur
544 1346 603 1374 dies
618 1346 713 1380 festus,
734 1348 851 1375 Romani
867 1356 898 1375 ac
916 1349 1031 1376 Barbari

244 1391 348 1426 pariter
364 1391 541 1423 habitabant,
558 1396 584 1418 ct
599 1400 653 1419 non
671 1397 731 1420 erat
746 1394 771 1420 in
790 1394 932 1429 utriusque
950 1395 1036 1421 \irtu-

245 1438 319 1465 tibus
337 1438 429 1465 timor.
442 1439 566 1474 Cumque
580 1439 678 1467 fuisset
694 1439 753 1467 dies
769 1441 856 1468 festus
869 1441 1033 1476 completus,

244 1483 356 1511 Barbari
375 1486 495 1519 separati
513 1491 578 1513 sunt
594 1493 607 1512 a
624 1485 769 1520 Romanis,
786 1491 814 1513 et
830 1486 971 1522 Drizipera
990 1495 1035 1515 rc-

245 1528 352 1556 nicntes
361 1530 501 1558 civitatem
517 1531 676 1566 depopulati
690 1538 763 1564 sunt,
780 1537 808 1559 ct
819 1533 907 1559 sancti
917 1533 1036 1560 Alexan-

243 1573 288 1601 dri
315 1574 461 1602 ecclesiam
492 1575 684 1609 incenderunt,
707 1577 919 1613 sepulcrumque
944 1578 1031 1612 ipsius

247 1624 349 1647 tectum
368 1626 481 1656 argento
495 1627 633 1656 repertum
650 1623 818 1658 dcspoliaut,
830 1624 875 1651 scd
887 1629 914 1651 ct
926 1624 1036 1659 injuriis

242 1673 353 1701 quoque
371 1674 473 1702 corpus
494 1669 625 1703 martyris
639 1668 799 1701 allicientes,
818 1670 988 1704 multamque
1009 1671 1036 1698 iu

243 1711 349 1740 Thrace
375 1713 493 1746 praedam
507 1719 662 1750 captantes,
679 1717 863 1751 epulabantur
881 1718 1035 1752 splendide,

245 1763 341 1786 contra
368 1759 509 1788 Romanos
534 1762 609 1789 elati.
635 1763 760 1797 Cumque
779 1763 969 1792 Contentiolus
990 1773 1036 1792 vc-

243 1805 332 1832 nisset
347 1806 520 1841 Byzantium,
552 1808 669 1835 maxima
687 1809 746 1836 urbi
767 1810 887 1837 turbatio
907 1816 932 1838 et
951 1815 1036 1838 astus

244 1851 382 1884 incubuit,
400 1852 436 1878 ita
453 1857 481 1879 ut
498 1853 596 1881 timore
613 1854 717 1882 dctenti
737 1856 885 1883 consilium
906 1862 1036 1892 caperent

244 1895 382 1931 Europam
414 1898 558 1926 deserendi
586 1905 612 1927 et
628 1900 655 1927 in
670 1901 763 1928 Asiam
786 1906 813 1929 et
837 1902 1037 1930 Chalcedoncm

246 1942 392 1977 migrandi.
409 1943 480 1978 Quin
500 1949 527 1972 et
545 1945 694 1980 imperator
718 1947 930 1975 excubitoribus
948 1956 1037 1975 arma-

243 1993 327 2024 toque
342 1995 368 2017 ct
387 1991 476 2019 electo
501 2000 589 2020 cuneo
609 1997 718 2028 sumpto
737 2002 831 2022 muros
848 1995 957 2029 Longos
977 2003 1038 2022 mu-

244 2035 324 2063 nivit.
337 2036 440 2072 Vulgus
460 2042 551 2065 autem
568 2039 663 2066 urbem
678 2041 862 2074 custodiebat,
880 2046 907 2068 et
922 2046 1037 2068 senatus

244 2084 437 2111 commonebat
450 2085 643 2119 imperatorem
655 2087 817 2121 legationem
830 2087 863 2113 ad
883 2087 1037 2121 chaganum

245 2128 385 2156 mittendi.
399 2129 470 2157 Deus
482 2137 571 2158 autem
586 2132 732 2159 vindictam
746 2134 875 2168 martyris
890 2133 1036 2162 Alexandri

246 2175 352 2202 faciens
369 2177 543 2210 pestilentem
564 2178 723 2212 languorem
739 2179 870 2207 Barbaris
886 2180 989 2213 intulit,
1011 2187 1038 2208 ct

245 2221 273 2249 in
290 2229 345 2249 uno
363 2221 407 2249 die
423 2227 526 2256 septem
550 2224 621 2251 lilius
645 2224 759 2259 chagani
775 2232 822 2259 per
836 2225 934 2252 febrim
956 2231 981 2253 ct
995 2227 1038 2253 iu-
1055 2211 1078 2240 á½·)

245 2268 400 2304 guinariam
419 2269 574 2304 passionem
589 2271 701 2304 occidit,
719 2279 772 2298 una
791 2280 852 2299 cum
870 2273 931 2300 aliis
951 2273 1038 2300 turbis

247 2313 352 2347 multis,
371 2313 409 2341 ita
436 2320 463 2341 ut
485 2323 535 2349 pro
555 2315 713 2351 triumphali
738 2317 850 2352 gaudio,
869 2317 1038 2347 carminibus

246 2367 280 2400 ac
291 2360 407 2388 canticis
422 2360 635 2390 lamentationes
647 2368 674 2390 et
686 2364 822 2400 lacrymas
836 2372 869 2392 ac
878 2365 968 2393 luctus
978 2366 1039 2394 sine

246 2407 438 2434 consolatione
455 2407 594 2435 Barbarus
610 2409 776 2444 possideret.
794 2411 829 2437 At
844 2419 908 2439 vero
927 2416 1038 2439 senatus

247 2453 360 2488 rogabat
383 2453 520 2481 C.esarcm
549 2455 713 2490 legationem
741 2458 774 2485 ad
803 2459 955 2494 chaganum
974 2459 1039 2486 mit-

246 2499 334 2527 tendi.
348 2500 498 2535 lmpcrator
513 2505 604 2529 autem
620 2503 814 2532 Armatzouem
832 2505 909 2532 misit
924 2505 955 2532 ad
972 2505 1039 2533 cha-

247 2551 347 2579 gauum
363 2552 426 2572 cum
445 2547 606 2574 muneribus
618 2549 713 2577 multis
725 2549 875 2584 Drilipcra,
887 2550 933 2585 qui
947 2550 1038 2577 verbis

247 2591 362 2620 mitibus
377 2592 519 2620 blanditur
533 2594 697 2622 Barbarum.
715 2596 749 2622 At
771 2596 816 2624 ille
837 2597 949 2624 nolebat
965 2596 1038 2624 dona

247 2638 400 2673 suscipere,
417 2638 538 2667 lamento
553 2640 721 2668 intolerabili
750 2642 867 2669 ï¬liorum
887 2642 1013 2670 detentus
1028 2651 1035 2669 :

247 2685 357 2713 dicebat
370 2686 442 2714 enim
458 2687 491 2714 ad
510 2687 629 2723 legatum
649 2698 654 2715 :
669 2689 777 2716 ludit-et
794 2689 861 2718 Deus
878 2691 947 2718 inter
960 2700 999 2719 me
1009 2697 1035 2719 ÎµÎ¹

1049 1542 1072 1572 C

789 135 989 167 ANASTASII
1017 134 1333 166 BIBLIOTHECARII

1805 132 1872 165 1288

1085 193 1269 227 imperatorem
1297 191 1460 218 Mauricium
1476 200 1484 217 :
1499 191 1552 225 ipse
1573 191 1678 226 quidem
1705 199 1797 225 pacem
1814 193 1872 219 dis-

1084 239 1173 270 solvit,
1192 247 1236 273 ego
1255 246 1313 265 vero
1328 238 1444 272 captivos
1457 238 1481 264 ei
1491 237 1582 269 reddo,
1595 244 1641 271 per
1656 244 1739 263 unam
1753 238 1871 264 animum

1083 293 1166 312 unum
1184 286 1318 312 nuntisma
1332 289 1502 319 percepturus
1518 284 1550 310 ab
1560 291 1601 311 eo.
1615 284 1764 311 Mauricius
1780 289 1872 311 autem

1084 333 1110 359 id
1126 332 1193 359 dare
1207 332 1319 359 minime
1335 339 1431 366 passus
1449 335 1499 358 est.
1515 331 1614 358 lterum
1639 331 1781 365 chaganus
1796 332 1874 366 petiit

1085 386 1132 413 per
1147 378 1269 413 singulas
1286 378 1393 404 animas
1412 377 1555 404 dimidium
1577 377 1700 411 accipere
1716 385 1872 406 nummum.

1084 424 1134 451 Ast
1150 425 1300 458 imperator
1318 430 1368 450 nec
1384 423 1425 450 sic
1444 423 1510 450 dare
1533 424 1683 455 consensit,
1709 423 1756 451 scd
1775 431 1826 452 nec
1846 424 1875 452 in

1085 473 1204 502 quatuor
1233 468 1360 503 accipere
1375 469 1495 503 siliquis.
1514 469 1593 496 Tunc
1620 470 1761 504 chaganus
1781 470 1875 498 furore

1086 519 1242 542 commotus
1257 522 1354 542 otnnes
1366 515 1478 546 occidit,
1495 520 1522 542 et
1534 516 1566 541 ad
1587 516 1699 550 propria
1714 515 1796 543 rediit
1812 525 1874 544 cum

1085 562 1284 597 quinquaginta
1302 563 1387 589 millia
1407 568 1555 589 aureorum
1570 562 1657 596 pactis
1673 562 1804 589 Romanis
1822 563 1876 588 im-

1086 607 1235 641 posuisset.
1252 608 1323 640 Quin
1341 613 1367 634 et
1384 608 1485 635 lstrttm
1503 608 1604 634 llumcn
1623 616 1677 635 non
1698 615 1729 636 se
1745 610 1874 636 transitu-

1088 660 1147 680 rum
1163 652 1306 686 professus
1330 658 1383 680 est.
1399 653 1436 679 Ex
1456 653 1507 680 hoc
1526 654 1618 688 itaque
1642 654 1759 681 multum
1779 658 1874 682 contra

1087 698 1282 733 imperatorem
1299 698 1461 726 Mauricium
1478 703 1647 727 commotum
1672 705 1713 726 est
1730 700 1834 733 odium,
1848 703 1876 727 et

1087 747 1232 777 coeperunt
1258 744 1331 771 hunc
1355 744 1493 779 subjicere
1509 744 1673 772 maledictis.
1695 744 1829 773 Similiter
1849 750 1877 774 et

1087 790 1204 824 populus
1235 790 1305 825 apud
1325 789 1461 818 Thracem
1491 792 1524 818 ad
1550 792 1674 819 convicia
1700 792 1878 828 imperatoris

1088 841 1244 864 commotus
1261 842 1314 865 est.
1332 837 1477 865 Exercitus
1493 843 1583 865 autem
1604 844 1800 873 procuratores
1819 840 1877 876 (43)

1088 882 1123 909 ad
1139 882 1333 918 imperatorem
1347 888 1445 911 contra
1460 884 1663 912 Comcntiolum
1678 885 1791 919 direxit,
1803 887 1877 921 quod

1087 929 1271 964 proditionem
1287 930 1314 957 in
1327 930 1423 964 prmlio
1439 930 1545 961 fecerit.
1559 930 1630 958 inter
1642 938 1712 966 quos
1723 935 1783 958 erat
1793 931 1878 961 etiam

1088 975 1205 1007 Phocas,
1223 977 1269 1012 qui
1291 977 1487 1012 imperatorem
1509 977 1647 1005 allocutus
1670 978 1797 1006 severius
1814 978 1878 1007 huic

1087 1021 1115 1048 in
1131 1022 1247 1050 macilio
1264 1023 1484 1056 contradicebat,
1504 1023 1543 1051 ita
1559 1028 1589 1051 ut
1612 1022 1724 1058 quidam
1738 1031 1773 1051 ex
1791 1024 1879 1059 patri-

1087 1068 1139 1096 ciis
1160 1069 1234 1096 hunc
1250 1069 1328 1104 alapa
1349 1073 1505 1104 percuteret
1521 1074 1548 1097 et
1563 1070 1677 1098 barbam
1696 1070 1785 1105 ipsius
1801 1070 1879 1098 evel-

1088 1114 1166 1142 leret.
1181 1114 1279 1142 Verum
1296 1115 1447 1149 imperator
1459 1124 1512 1143 non
1537 1117 1660 1152 suscepit
1673 1116 1806 1145 adversus
1823 1116 1879 1144 Co-

1089 1161 1248 1188 mcntiolum
1265 1162 1359 1196 populi
1371 1162 1584 1197 querimoniam,
1595 1163 1643 1190 sed
1656 1163 1707 1190 hos
1723 1157 1879 1192 ineilicaccs

1088 1207 1227 1239 deseruit;
1249 1213 1360 1243 propter
1378 1208 1451 1243 quod
1466 1214 1492 1236 ct
1504 1209 1667 1237 insidiarum
1682 1210 1710 1237 in
1725 1209 1877 1246 principem

1087 1254 1231 1281 exordium
1247 1254 1377 1281 sumitur.
1391 1255 1525 1282 Praeterea
1539 1263 1587 1290 per
1602 1256 1672 1283 idem
1684 1259 1792 1291 tempus
1804 1257 1878 1291 apud

1089 1297 1237 1332 Egyptum
1255 1299 1281 1325 iu
1295 1299 1357 1326 Nilo
1374 1298 1496 1331 ï¬‚umine,
1512 1300 1591 1328 Mena
1607 1301 1735 1336 przefccto
1747 1309 1802 1328 una
1814 1309 1877 1330 cum

1089 1345 1190 1378 populo
1207 1345 1402 1373 deamlmlante
1414 1346 1440 1373 in
1457 1346 1517 1373 loco
1531 1347 1577 1381 qui
1593 1347 1669 1374 Delta
1691 1352 1878 1383 nuncupatur.

1089 1391 1146 1418 sole
1158 1396 1218 1419 orto
1237 1392 1364 1419 animalia
1387 1392 1514 1420 humana:
1535 1393 1630 1421 forma:
1645 1399 1832 1429 apparuerunt
1850 1395 1878 1422 in

1089 1435 1211 1468 ï¬‚umine,
1231 1437 1271 1463 vir
1286 1437 1393 1464 scilicet
1409 1442 1435 1466 et
1448 1438 1557 1466 mulier.
1578 1439 1611 1465 Et
1630 1439 1673 1465 vir
1691 1440 1800 1474 quidem
1819 1444 1880 1467 erat

1090 1486 1250 1517 pectorosus
1263 1483 1394 1518 vultuque
1414 1483 1557 1517 terribilis,
1579 1484 1637 1511 rufa
1651 1491 1731 1512 coma
1746 1485 1881 1520 canisque

1091 1529 1240 1562 permistis,
1252 1533 1278 1556 ct
1294 1537 1381 1564 usque
1393 1530 1426 1556 ad
1443 1530 1552 1558 lumbos
1564 1530 1722 1558 denudabat
1737 1536 1878 1564 naturam,

1089 1580 1115 1602 et
1138 1576 1248 1604 cunctis
1273 1577 1518 1604 demonstrabatur
1534 1578 1638 1605 nudus.
1663 1579 1766 1613 reliqua
1787 1583 1881 1606 autem

1090 1622 1214 1657 corporis
1244 1623 1365 1651 membra
1401 1624 1574 1658 cooperiebat
1598 1632 1679 1659 aqua.
1708 1625 1790 1652 Hunc
1811 1633 1883 1660 pra:-

1089 1669 1177 1696 fcrtus
1189 1669 1389 1703 adjuramentis
1403 1671 1570 1698 constrinxit
1582 1679 1615 1698 ne
1631 1671 1786 1699 destrueret
1799 1679 1884 1707 aspc-

1089 1720 1162 1742 ctum
1189 1716 1348 1751 priusquam
1369 1725 1465 1745 omnes
1492 1716 1578 1744 saturi
1597 1718 1693 1744 tierent
1711 1717 1761 1744 hoc
1790 1717 1884 1750 inopi-

1090 1765 1155 1789 nato
1170 1763 1338 1797 spectaculo.
1356 1762 1441 1790 Porro
1458 1764 1557 1790 mulier
1576 1768 1603 1790 ct
1634 1765 1770 1791 mamillas
1802 1764 1884 1791 habe-

1097 1807 1143 1835 bat
1158 1812 1185 1835 et
1204 1809 1351 1835 femineum
1374 1809 1478 1835 vultum
1499 1809 1680 1843 caesariesquc
1699 1809 1832 1844 ploliles.
1851 1809 1884 1834 Et

1090 1854 1124 1882 ad
1144 1855 1237 1882 horam
1258 1863 1357 1882 nonam
1372 1854 1462 1883 omnis
1477 1856 1595 1891 populus
1612 1856 1774 1887 mirabatur,
1785 1855 1884 1882 ridens

1090 1901 1147 1928 haec
1173 1901 1336 1933 animantia,
1359 1909 1474 1937 qua-que
1491 1902 1557 1929 hora
1576 1910 1647 1929 nona
1668 1902 1694 1928 iu
1716 1901 1816 1929 ï¬‚umen
1837 1902 1885 1928 de-

1090 1955 1181 1975 mersa
1195 1951 1271 1974 sunt.
1287 1946 1360 1975 Sane
1374 1947 1467 1975 Menas
1489 1949 1650 1984 imperatori
1676 1949 1732 1976 lucc
1749 1948 1884 1976 Mauricio

1091 1995 1197 2022 SCIâ€˜ibil.

1126 2042 1219 2069 Mundi
1233 2049 1305 2069 anno
1319 2041 1506 2075 6095,divin:e
1520 2041 1720 2069 incarnationis
1735 2049 1807 2068 anno
1820 2041 1885 2071 595.

1090 2089 1198 2123 imperii
1209 2097 1272 2116 vero
1283 2089 1405 2116 Mauricii
1419 2089 1451 2115 19
1463 2096 1535 2115 anno
1547 2088 1673 2115 llisacius
1686 2088 1887 2123 Hierosolymis

1092 2135 1209 2162 habetur
1230 2135 1355 2163 antistes.
1380 2135 1427 2162 Die
1452 2140 1543 2162 autent
1568 2134 1690 2162 lâ€™asrhac
1711 2135 1814 2170 Sophia
1831 2136 1888 2162 Î›Î¹Î¹-

1091 2185 1180 2215 gusta,
1199 2189 1269 2208 uxor
1283 2180 1395 2214 Justini,
1413 2190 1466 2208 una
1482 2190 1544 2209 cum
1561 2181 1741 2209 Constantina
1760 2182 1887 2209 Mauricii

1092 2227 1212 2262 conjuge
1232 2232 1348 2254 stemma
1374 2232 1567 2255 constructum
1591 2229 1743 2255 attulerunt
1767 2229 1890 2263 impera-

1089 2274 1153 2300 tori.
1175 2273 1226 2306 Qui
1245 2274 1295 2300 l1oc
1310 2274 1495 2308 contemplato
1511 2281 1627 2308 pergens
1651 2273 1678 2300 in
1692 2273 1842 2300 cccirsianr
1862 2274 1889 2299 id

1088 2317 1187 2345 obtulit
1204 2317 1268 2349 Deo,
1284 2326 1366 2353 supra
1383 2323 1507 2346 Sanctam
1525 2326 1648 2346 mensam
1664 2317 1840 2353 suspendens
1855 2319 1883 2344 in

1091 2365 1247 2400 triplicibus
1263 2365 1398 2392 catenulis
1414 2364 1551 2400 lapidibus
1565 2369 1591 2392 et
1607 2372 1675 2392 auro
1689 2365 1841 2391 contmtis.
1857 2366 1892 2390 At

1091 2418 1156 2437 vero
1170 2411 1301 2445 Augustae
1317 2411 1370 2438 hoc
1384 2415 1524 2446 comperto
1545 2411 1660 2438 tristata'
1676 2415 1740 2437 sunt
1756 2410 1846 2442 valde,
1865 2417 1893 2437 (-t

1093 2458 1119 2485 in
1131 2457 1222 2492 jurgio
1235 2457 1367 2485 adversus
1379 2458 1572 2492 imperatorem
1588 2457 1770 2485 Constantina
1790 2457 1893 2485 Festum

1092 2506 1164 2533 diem
1191 2505 1254 2532 fecit
1277 2505 1412 2541 Augusta.
1439 2504 1505 2532 Cum
1532 2507 1623 2532 autem
1653 2511 1707 2531 non
1733 2504 1894 2531 attondent

1094 2551 1246 2586 imperator
1257 2550 1388 2585 querelas
1395 2549 1554 2576 militiarum
1565 2549 1591 2576 in
1601 2547 1708 2576 Thrace
1723 2548 1892 2583 positarum.

1093 2598 1194 2625 iterum
1221 2596 1412 2624 Comentiolus
1438 2596 1589 2629 assumptis
1614 2595 1727 2622 annalis
1750 2594 1827 2622 venit
1859 2598 1894 2621 ad

1091 2644 1203 2676 Istrum,
1219 2648 1247 2671 et
1271 2644 1364 2671 unitur
1378 2643 1474 2670 Prisco
1491 2641 1562 2677 apud
1583 2641 1775 2676 Singidoncm,
1789 2646 1817 2668 et
1834 2642 1896 2668 soi-

1091 2692 1164 2718 vitur
1182 2698 1233 2725 pax
1250 2698 1311 2725 qua:
1335 2690 1368 2717 ad
1394 2689 1497 2716 Avarcs
1517 2694 1587 2716 erat.
1610 2688 1669 2721 Qua
1689 2688 1825 2716 dissoluta
1846 2696 1897 2714 rc-

1018 2759 1134 2786 NOT.â€”E.

286 2824 343 2859 (Î¹Î´)
362 2824 563 2854 Procuratores.
588 2826 815 2861 á¼˜Î½Ï„Î¿Î»Î¹ÎºÎ±Ïá½·Î¿Ï…Ï‚.
845 2828 920 2855 llanc
951 2836 1044 2855 \â€˜occm

250 2857 394 2887 observari
412 2861 438 2888 in
453 2861 568 2891 epistola
588 2863 706 2895 quadam
723 2857 783 2891 diue
795 2857 888 2891 exstat
902 2864 928 2891 in
945 2865 1041 2893 conci-

1101 2830 1137 2856 lio
1156 2828 1306 2862 Ephesiae.
1323 2827 1392 2854 llinc
1404 2826 1528 2854 á¼Î½Ï„Î¿Î»Î¹Îºá½±
1543 2826 1668 2862 mandata
1680 2833 1729 2853 seu
1754 2835 1760 2861 Î¹
1773 2832 1895 2862 rzecepu

1096 2871 1155 2893 uua:
1171 2861 1309 2898 ptine-ipes
1325 2863 1394 2890 dant
1407 2863 1503 2898 legatis
1516 2863 1586 2890 suis.
1607 2861 1690 2889 FADR.
