2035 3153
150 173 219 207 1289

543 178 728 209 HISTORIA
749 178 1041 210 ECCLESIASTICA
1060 182 1111 211 ΕΧ.
1128 183 1366 215 ΤΙῙΕΟΡΗΑΝΕ.

1708 186 1783 221 ωο

149 231 231 279 niunt
249 239 274 258 In
292 230 485 279 Biminacium,
505 234 577 268 quod
593 240 635 262 est
652 235 741 263 insula
757 243 856 271 magna
867 235 940 263 istri.
956 238 980 266 Α
995 237 1134 267 redimens
1151 247 1222 272 eam,
1237 240 1365 275 expedire
1387 240 1523 275 judicavit
1540 242 1566 269 in
1583 242 1634 270 hac
1649 243 1705 271 vita
1722 251 1781 279 pa:-

147 276 254 309 Quibus
282 276 383 311 auditis
410 276 570 313 chaganus,
598 279 721 307 collectis
752 281 940 315 potentatibus

147 323 221 356 suis,
245 323 279 350 ad
308 322 431 351 Romana
459 332 524 351 rura
547 327 682 360 procedit,
705 333 824 361 quatuor
848 332 939 355 autem

147 370 219 397 tilios
234 377 311 402 suos,
328 370 437 398 traditis
458 371 519 398 aliis
534 372 695 404 virtutibus.
710 373 744 400 ad
759 373 939 401 custodienda

147 415 209 443 lstri
224 415 294 442 vada
309 416 465 443 constituit.
477 416 511 444 At
524 424 589 444 vero
604 417 722 445 Romani
738 418 844 445 ratibus
860 418 939 446 factis

145 462 261 488 ﬂuvium
277 464 499 494 trausmearunt,
526 467 554 489 et
577 462 679 489 bellum
706 468 821 497 praxtore
842 462 939 490 Prisco

144 515 209 535 cum
224 507 412 542 chaganitiliis
426 508 547 535 inierunt
570 517 577 534 :
605 508 794 536 Contentiolus
810 509 883 536 enim
897 509 939 536 in-

147 555 272 581 ﬁrmatus
287 554 313 580 iu
330 553 484 580 Bitninacio
503 554 593 581 insula
613 555 735 581 sedebat.
750 554 875 590 Cumque
892 564 940 589 per

147 600 250 626 multas
271 599 354 626 horas
368 599 469 626 bellum
490 599 625 627 tettuisset
642 604 669 626 ct
685 601 725 627 sol
742 601 873 628 trecentis
884 600 939 627 Ro-

144 652 289 672 manorum
306 645 478 679 interemptis
495 646 683 678 occubuisset,
703 651 823 681 quatuor
837 647 940 675 Barba-

146 698 238 717 rorum
255 690 340 717 millia
347 691 499 725 perierunt.
508 691 680 720 lutrinsecus
694 701 758 720 vero
771 694 876 722 militia:
891 702 938 722 or-

144 736 249 764 dinata:
271 736 371 764 iterum
392 737 493 765 bellum
518 739 670 773 incipiunt,
695 744 723 766 et
752 740 851 768 iterum
876 745 939 768 octo

144 783 231 809 millia
241 781 425 816 Barbarorutn
440 783 613 811 interimunt.
624 785 756 812 Similiter
767 790 793 812 et
802 785 882 812 tertia
894 785 938 812 die

146 828 303 862 praliantes
327 828 362 856 ab
379 829 577 857 excelsioribus
599 829 716 858 Romani
743 832 776 858 ad
803 831 938 860 Barbaros

144 879 341 907 accesserunt.
366 871 471 910 hosque
491 880 630 904 vertentes
653 878 687 904 ad
704 883 832 913 stagnum
855 884 938 914 atque

143 920 286 955 pollentes,
303 921 407 950 Avares
421 922 524 950 multos
538 928 706 951 necaverunt
725 932 759 951 ex
775 924 844 957 illis,
862 925 936 953 inter

142 974 215 1002 quos
227 972 253 994 et
267 968 384 1003 chagaui
401 969 492 996 necati
507 974 570 996 sunt
589 970 635 997 [illi
649 991 655 1003 ,
681 969 852 1006 Romanique
872 972 936 999 illu-

143 1018 228 1041 strem
244 1015 385 1041 victoriam
406 1014 568 1043 induerunt.
584 1016 730 1051 Chaganus
745 1025 811 1044 vero
825 1025 936 1046 coacer-

142 1061 214 1087 vatis
227 1061 332 1088 viribus
344 1062 465 1096 copiosis
477 1067 575 1089 contra
591 1062 731 1091 Romanos
742 1065 934 1099 progreditur:

142 1106 214 1134 bello
229 1112 321 1134 autent
338 1112 466 1136 manente
481 1112 592 1136 vertunt
606 1108 724 1137 Romani
742 1109 891 1141 Barbaros,
907 1113 936 1137 et

141 1152 274 1180 omnibus
300 1153 479 1188 ittsiguiorem
503 1153 575 1180 hanc
600 1155 755 1181 retulerunt
778 1155 932 1182 victoriam.

144 1199 249 1226 Interea
274 1199 387 1226 Priscus
414 1203 534 1233 quatuor
556 1200 681 1226 millibus
702 1199 851 1234 premit-isis
873 1199 934 1227 Tis-

141 1253 190 1273 son
207 1245 264 1282 (4H)
280 1253 387 1272 sument
406 1250 575 1272 transmeare
594 1250 621 1273 et
637 1246 781 1280 explorare
797 1246 934 1273 Barbaro-

141 1300 202 1319 rum
216 1293 346 1326 praecepit
361 1296 463 1320 motus.
485 1293 519 1319 At
536 1299 599 1320 vero
620 1291 732 1319 Barbari
753 1292 823 1319 nihil
837 1300 933 1320 eorutn

138 1345 200 1374 quae
218 1339 290 1365 facta
306 1338 414 1366 fuerant
428 1343 637 1374 cognoscentes,
654 1338 753 1367 festum
769 1339 842 1366 diem
862 1339 934 1367 cele-

139 1386 259 1413 brabant
275 1390 302 1411 et
318 1385 421 1419 pariter
437 1386 666 1413 convivabantur.
694 1385 721 1412 In
743 1386 794 1414 hos
816 1385 932 1413 Romani

139 1431 267 1460 clanculo
280 1431 433 1459 incidentes
447 1432 596 1459 maximum
608 1432 718 1466 operati.
731 1436 795 1459 sunt
811 1436 931 1459 metum:

139 1478 252 1513 triginta
273 1478 375 1513 quippe
393 1478 479 1505 millia
503 1477 671 1512 Gipedorum
696 1479 933 1514 barbarorumque

139 1524 256 1551 aliorum
271 1525 444 1556 occiderunt,
460 1528 487 1550 ct
502 1524 614 1559 copiosa
633 1524 723 1560 prada
735 1525 932 1560 comprehensa

138 1576 315 1600 avertuntur
336 1571 370 1598 ad
386 1571 523 1599 Priscum.
548 1571 696 1606 Chaganus
719 1576 811 1599 autetu
835 1580 932 1599 rursus

137 1619 325 1653 potentatibus
347 1619 494 1646 cutnulatis
520 1619 594 1645 venit
615 1618 649 1645 ad
673 1618 785 1650 lstrum.
809 1625 837 1646 et
863 1620 931 1647 inito

138 1665 211 1693 bello
231 1665 341 1692 barbari
359 1670 527 1699 superantur
540 1670 567 1691 ct
589 1665 616 1691 in
638 1665 727 1691 antnis
753 1665 864 1692 ﬂuentis
883 1673 931 1692 nc-

137 1717 247 1745 cantur,
264 1716 434 1747 pereuntque
455 1712 537 1738 simul
554 1719 617 1738 cum
639 1711 681 1739 his
699 1711 807 1746 plurimi
821 1719 931 1747 quoque

138 1758 277 1786 Sclavini:
293 1759 369 1786 vivos
383 1763 473 1786 autem
491 1758 670 1786 obtinuerunt
685 1758 805 1785 Avarum
821 1759 929 1792 quidem

139 1807 191 1834 tria
208 1807 305 1840 millia,
325 1806 517 1834 St-lavinorutn
536 1813 600 1833 vero
614 1805 789 1840 octingentos
809 1805 930 1840 etGipe-

137 1852 202 1879 dmn
220 1853 273 1880 tria
288 1853 385 1885 millia,
396 1860 446 1880 nec
459 1860 513 1880 non
529 1857 556 1879 et
568 1852 834 1885 duojﬂarbat‘orum.
844 1851 929 1879 Porro

116 1902 118 1904 '
137 1898 280 1934 ebaganus
294 1899 326 1926 ad
339 1899 502 1927 Mauricium
515 1899 707 1934 imperatorem
724 1899 831 1932 legatos
843 1897 928 1930 misit,

137 1951 233 1982 captos
249 1948 371 1982 recipere
387 1947 474 1974 nisus.
491 1946 525 1973 At
542 1946 586 1973 ille
599 1946 720 1973 nondum
735 1950 875 1979 comperta
886 1945 929 1971 in-

135 1993 210 2028 clyta
240 1993 430 2021 Romanorum
457 1993 572 2020 victoria
604 1993 701 2020 scribit
729 1992 824 2020 Prisco
854 1992 928 2028 quod

134 2040 241 2068 Avarcs
254 2040 378 2076 cbagano
392 2039 518 2067 redderet
535 2043 651 2066 tantum.

171 2086 274 2114 Eodem
289 2094 399 2122 quoque
414 2093 487 2113 anno
503 2086 545 2112 vir
559 2086 671 2120 quidam
694 2085 857 2113 monachico
871 2085 927 2112 cir-

133 2135 318 2162 cumamictus
337 2133 431 2160 habitu
448 2137 476 2160 et
491 2132 517 2159 in
538 2133 672 2168 religione
695 2133 805 2165 clarus,
829 2132 927 2168 spatha

133 2179 273 2208 denudata
300 2188 314 2206 a
332 2179 391 2207 foro
411 2187 501 2214 usque
521 2180 554 2206 ad
571 2187 673 2206 aeneam
689 2179 850 2214 gladiatoris
869 2184 926 2207 sta-

132 2231 208 2254 tuam
232 2225 404 2258 discurrens,
432 2226 625 2261 imperatorem
653 2225 784 2253 omnibus
806 2226 833 2252 in
850 2224 925 2252 occi-

133 2273 212 2300 sione
230 2272 313 2306 gladii
332 2273 497 2299 moriturum
521 2272 719 2307 pronuntiavit.
743 2271 878 2299 Similiter
898 2275 927 2298 et

132 2317 307 2345 Herodianus
322 2317 454 2345 Mauricio
477 2319 632 2350 manifeste.
657 2325 718 2354 quae
738 2317 791 2345 sibi
815 2317 925 2347 fuerant

131 2368 259 2396 ventura,
284 2363 418 2398 pratdixit.
440 2364 607 2397 lmperatore
629 2371 696 2390 vero
719 2368 800 2391 noctu
821 2364 925 2391 discal-

130 2414 210 2438 ceato
223 2410 350 2437 letaniam
367 2410 495 2443 cutnLtota
514 2410 580 2436 urbe
595 2414 702 2444 agente,
718 2413 746 2436 et
763 2415 924 2437 transeunte

131 2456 165 2483 ad
190 2456 326 2490 Carpiana
352 2457 429 2487 locu,
457 2456 659 2483 tumultuantur
683 2462 717 2482 ex
747 2456 924 2483 multitudine

130 2503 256 2539 quidam.
272 2506 299 2532 et
310 2507 410 2529 contra
425 2501 620 2537 imperatorem
638 2500 742 2536 lapides
750 2500 867 2536 jaciunt,
887 2501 924 2528 ita

131 2554 161 2578 ut
173 2550 216 2577 vix
237 2550 387 2584 imperator
405 2557 466 2577 cum
483 2547 639 2576 Theodosio
661 2548 716 2576 tilio
732 2555 782 2576 suo
805 2549 924 2577 salvare-

130 2601 175 2623 tur
191 2601 217 2624 et
232 2597 386 2623 orationem
403 2596 552 2631 compleret
570 2595 641 2629 apud
660 2595 836 2622 Blaclternas.

165 2641 260 2669 ﬂundi
273 2649 345 2668 anno
357 2642 437 2672 6094,
450 2642 548 2668 divina:
564 2640 762 2668 incarnationis
778 2648 852 2669 anno
860 2640 925 2674 594,

128 2694 203 2715 anno
218 2693 283 2714 vero
300 2687 406 2721 imperii
424 2686 465 2712 sui
481 2685 515 2713 ΞΟ
532 2686 681 2712 Mauricius
695 2685 721 2712 in
737 2692 767 2712 se
781 2692 921 2717 reversus,

127 2738 156 2761 et
174 2733 266 2761 sciens
279 2735 352 2769 quod
371 2734 439 2761 nihil
452 2734 537 2761 Dcum
553 2734 646 2765 lateat,
659 2733 708 2761 sed
722 2732 818 2761 reddat
831 2734 921 2761 omnl-

127 2781 181 2809 bus
195 2782 348 2809 secundum
364 2788 446 2817 opera
461 2780 595 2816 ipsorutn,
607 2784 635 2808 et
651 2781 808 2817 recogitans
825 2787 921 2808 exces—

132 2835 195 2855 sum
222 2834 303 2864 quem
330 2827 357 2854 in
382 2827 596 2862 captivationem
621 2831 840 2862 perpetraverat,
865 2834 921 2855 non

952 916 972 943 B

944 1582 968 1615 C
985 1583 1120 1613 abiisset.
1150 1582 1259 1609 vocavit
1288 1590 1349 1609 eum
1375 1590 1381 1609 :

993 292 1056 311 nam
1070 292 1100 313 se
1115 286 1238 320 recipere
1260 294 1309 321 pro
1329 291 1453 322 peccato,
1469 291 1496 314 ct
1515 295 1568 314 nou
1587 289 1615 315 in
1635 288 1737 321 futura.
1754 294 1781 317 et

992 331 1080 359 factas
1095 339 1191 366 preces
1210 333 1239 361 in
1258 333 1370 368 scriptis
1388 332 1550 360 transmittit
1569 335 1601 361 ad
1616 342 1712 362 omnes
1731 342 1782 370 pa-

991 377 1156 406 triarchales
1178 380 1259 409 sodes
1274 384 1302 407 et
1322 379 1356 407 ad
1374 388 1470 408 outnes
1492 381 1618 409 civitates
1643 381 1696 409 sibi
1717 383 1782 409 sub-

988 423 1088 458 jectas,
1113 430 1142 453 et
1173 426 1208 454 ad
1233 428 1402 454 monasteria
1423 435 1483 462 qua:
1504 433 1570 455 sunt
1592 428 1618 454 in
1639 435 1733 455 eremo
1755 431 1782 456 et

990 470 1199 507 Hierosolymis,
1217 479 1244 500 et
1261 473 1295 500 ad
1316 473 1410 501 [auras
1434 475 1567 509 pecunias
1586 478 1613 501 et
1633 482 1729 502 cereos
1754 480 1782 503 ct

991 516 1114 549 incensa,
1128 523 1156 544 ut
1168 523 1281 547 orarent
1292 527 1341 554 pro
1352 527 1392 551 se,
1410 528 1466 555 quo
1478 520 1522 547 hic
1536 521 1671 555 reciperet
1685 525 1713 549 et
1726 528 1780 549 non

990 563 1017 590 in
1047 563 1140 591 I‘nturo
1172 566 1282 596 saeculo.
1310 566 1554 593 Scandalizabatur
1581 572 1671 593 autent
1697 571 1725 594 et
1752 566 1781 595 in

990 609 1175 645 l'hilippicum
1187 619 1316 645 generum
1334 620 1425 642 suum.
1442 613 1513 647 quod
1538 613 1564 639 in
1581 622 1599 647 φ
1620 612 1710 640 littera
1728 621 1780 641 tto-

990 655 1153 682 minurctur.
1176 655 1263 683 Porro
1283 656 1453 692 Philippicus
1466 658 1575 686 diverse
1591 658 1704 693 jurabat
1726 660 1780 687 im-

990 703 1109 735 peratori
1124 703 1197 737 qttod
1213 711 1299 737 pttrus
1314 709 1386 731 esset
1403 703 1431 731 in
1445 705 1559 731 servitio
1580 705 1642 738 ejus
1657 710 1684 732 et
1706 706 1779 741 apud

990 753 1019 774 se
1031 747 1125 774 dolunt
1145 749 1251 774 nullum
1268 748 1391 775 haberet.
1409 748 1533 783 Cumque
1547 748 1696 776 Mauricius
1714 757 1780 786 sup-

990 794 1104 829 plicaret
1123 795 1178 823 Deo
1195 796 1413 823 misericordiam
1429 796 1579 831 pnestaudi
1594 796 1693 824 anima:
1711 804 1778 829 sua,

989 842 1108 877 quadam
1123 847 1204 870 nocte
1218 843 1359 871 dormiens
1373 844 1439 871 vidit
1458 844 1485 871 in
1505 844 1564 871 visu
1583 844 1655 879 apud
1673 852 1779 872 teneam

990 888 1082 921 palatii
1099 892 1205 922 portam
1223 889 1334 923 imagini
1358 888 1508 916 Salv-amris
1525 897 1554 916 se
1571 894 1673 920 astare,
1688 893 1716 915 et
1731 896 1778 916 co-

987 934 1095 968 piosum
1118 935 1249 969 populum
1268 935 1372 969 pariter
1392 935 1578 963 assistentem.
1603 934 1683 962 Tunc
1705 934 1778 962 facta

987 984 1029 1007 est
1041 987 1092 1007 vox
1109 988 1141 1007 ex
1154 981 1315 1008 charactere
1329 981 1420 1015 magni
1440 980 1486 1008 Dei
1503 985 1532 1008 et
1549 981 1700 1016 Salvator-is
1726 989 1778 1008 no-

986 1026 1036 1053 stri
1053 1025 1118 1053 .lcsu
1139 1026 1258 1058 Christi,
1288 1027 1404 1054 dicens:
1440 1026 1509 1054 Date
1541 1025 1723 1060 Mauricium;
1751 1031 1778 1053 et

987 1076 1112 1099 tenentes
1123 1080 1184 1100 eum
1198 1073 1363 1107 judiciorum
1377 1073 1495 1100 ministri
1507 1073 1693 1100 exhibnerunt
1704 1072 1777 1107 apud

986 1125 1153 1152 pnrpnreutn
1170 1119 1341 1149 umbilicum.
1353 1120 1399 1154 qui
1412 1124 1471 1146 erat
1486 1119 1553 1146 illic.
1568 1119 1602 1146 Et
1613 1119 1650 1146 ait
1667 1119 1700 1145 ad
1714 1125 1778 1147 eum

986 1166 1097 1200 propria
1110 1172 1178 1191 voce
1202 1173 1209 1191 :
1261 1163 1312 1191 Ubi
1327 1165 1365 1191 vis
1381 1164 1490 1191 reddam
1505 1164 1563 1197 tibi,
1581 1164 1623 1190 Itic
1637 1171 1672 1190 an
1685 1164 1712 1190 in
1731 1164 1776 1198 {tt-

986 1217 1046 1237 turo
1060 1211 1179 1237 sarculo?
1202 1211 1261 1244 Quo
1291 1211 1335 1237 ille
1352 1211 1447 1238 attdito
1477 1211 1638 1245 respondit:
1666 1211 1778 1239 Amator

985 1256 1132 1289 hominum,
1150 1256 1260 1284 Domine
1277 1262 1301 1284 et
1312 1257 1387 1290 juste
1399 1257 1495 1291 judex,
1513 1257 1555 1284 hic
1568 1257 1667 1292 potius,
1683 1262 1708 1284 et
1725 1265 1778 1285 non

986 1303 1013 1329 in
1039 1303 1138 1330 sarculo
1153 1301 1212 1330 illo;
1246 1302 1279 1329 Et
1292 1303 1376 1337 jussit
1409 1303 1502 1330 divina
1520 1311 1570 1330 vnx
1588 1302 1658 1330 tradi
1674 1302 1778 1330 Mauri-

985 1350 1058 1376 cium
1072 1354 1099 1376 et
1111 1349 1322 1376 Constantinam
1339 1356 1452 1376 uxorem
1469 1349 1530 1384 ejus
1542 1353 1570 1376 et
1584 1349 1654 1376 ﬁlios
1673 1352 1699 1376 et
1714 1356 1775 1376 om-

985 1402 1047 1422 nem
1060 1396 1250 1430 cognationem
1266 1395 1353 1430 ipsius
1367 1395 1467 1421 l'hocae
1486 1395 1578 1422 militi.
1607 1394 1775 1430 Expergel‘a-

986 1447 1047 1469 ctus
1059 1450 1126 1477 ergo
1142 1441 1303 1474 Mauricius,
1315 1446 1343 1468 et
1358 1449 1460 1470 vocans
1477 1449 1540 1469 eutn
1561 1441 1608 1476 qui
1632 1448 1726 1469 coram
1746 1448 1777 1469 so

985 1489 1151 1521 dormiebat,
1169 1489 1244 1516 misit
1263 1489 1296 1516 ad
1316 1488 1498 1524 Philippicutn
1521 1494 1653 1521 generum
1676 1494 1774 1520 suum,

985 1539 1016 1561 ut
1041 1535 1170 1562 celeriter
1191 1542 1254 1562 eutn
1279 1534 1429 1561 adducet-ct
1456 1533 1489 1560 ad
1516 1541 1557 1561 se.
1582 1533 1705 1567 Cumque
1731 1533 1776 1560 ille

1411 1581 1459 1615 qui
1495 1588 1612 1615 surgens
1642 1579 1776 1607 advocata

983 1636 1068 1656 uxore
1083 1636 1132 1655 sua
1150 1629 1292 1655 osculatus
1318 1633 1358 1654 est
1371 1634 1444 1659 eam,
1461 1627 1556 1654 dicens
1571 1635 1577 1653 :
1605 1625 1683 1653 Salve
1694 1633 1704 1653 :
1715 1626 1775 1661 jam

983 1684 1035 1702 non
1056 1683 1095 1701 me
1116 1675 1225 1702 videbis.
1257 1674 1322 1706 Quae
1343 1674 1506 1701 exclamavit
1527 1680 1590 1699 cum
1626 1672 1690 1700 ﬂetu
1710 1680 1775 1700 voce

983 1729 1081 1756 magna
1099 1722 1132 1747 ad
1149 1727 1432 1754 paracmtuuntenum,
1453 1720 1571 1746 dicens:
1611 1720 1715 1754 Adjuro
1749 1723 1774 1747 ιι

981 1776 1027 1802 per
1046 1767 1140 1800 Deum,
1156 1775 1216 1802 qua:
1236 1771 1275 1793 εει
1290 1774 1371 1793 causa
1386 1768 1417 1793 ub
1431 1774 1511 1800 quam
1530 1766 1625 1800 quierit
1646 1773 1706 1792 eum
1722 1765 1772 1792 hac

982 1816 1048 1841 liora
1060 1815 1073 1840 Ρ
1095 1815 1130 1840 At
1167 1813 1213 1840 ille
1227 1813 1330 1847 juravit
1343 1820 1373 1840 se
1384 1812 1523 1846 ignorare,
1538 1816 1565 1838 et
1578 1812 1641 1847 quia
1660 1816 1772 1845 repente

981 1861 1014 1888 de
1028 1867 1127 1888 somno
1144 1860 1293 1894 imperator
1311 1865 1463 1893 exsurgens
1475 1858 1548 1886 misit
1569 1865 1622 1885 me.
1638 1856 1773 1893 Philippi-

981 1915 1031 1935 cus
1046 1914 1113 1942 ergo
1127 1906 1253 1941 quaesivit
1268 1912 1369 1940 corpus
1386 1904 1491 1932 Christi
1515 1904 1667 1938 percipere,
1689 1908 1716 1932 et
1730 1905 1772 1932 sic

981 1952 1014 1979 ad
1031 1952 1223 1987 imperatorem
1246 1957 1370 1985 pergere.
1395 1948 1470 1976 Uxor
1488 1954 1578 1976 autem
1594 1948 1654 1983 ejus
1669 1948 1772 1977 Gordia

978 1997 1087 2032 iacebat
1110 1997 1138 2023 in
1153 2000 1226 2024 terra
1250 2003 1280 2024 se
1302 1996 1430 2023 volutans
1453 2001 1481 2023 et
1507 1995 1620 2030 plorans
1641 1999 1668 2022 et
1686 1994 1770 2023 Deum

979 2050 1108 2070 exorans.
1128 2042 1272 2077 Ingressus
1288 2048 1354 2069 vero
1369 2040 1539 2075 Philippicas
1551 2040 1710 2068 cubiculum
1726 2047 1770 2068 rc-

978 2091 1053 2125 gium
1070 2089 1186 2125 projeeit
1202 2096 1233 2116 se
1247 2088 1280 2116 ad
1300 2087 1385 2124 pedes
1409 2088 1594 2123 imperatoris.
1620 2087 1771 2123 Imperator

979 2142 1070 2164 autem
1086 2136 1156 2164 dicit
1181 2136 1206 2163 ei
1220 2145 1227 2162 :
1258 2135 1368 2171 Ignosce
1384 2134 1449 2162 mihi
1472 2139 1579 2170 propter
1595 2134 1690 2167 Deum,
1705 2142 1771 2169 quo-

978 2184 1051 2210 niam
1063 2183 1167 2218 peccavi
1184 2182 1231 2209 tibi
1240 2190 1249 2210 :
1266 2190 1329 2209 nam
1345 2190 1427 2217 usque
1441 2190 1511 2209 nunc
1524 2182 1731 2209 scandalizabar
1743 2182 1770 2209 in

979 2234 1014 2257 te.
1043 2229 1075 2256 Et
1104 2229 1205 2263 jubens
1219 2229 1296 2257 exire
1312 2236 1584 2264 paracmmumennm
1601 2228 1722 2255 surrexit
1742 2232 1772 2255 et

978 2275 1079 2304 cecidit
1093 2275 1127 2302 ad
1146 2275 1229 2310 pedes
1245 2274 1403 2309 Philippici,
1431 2274 1544 2300 dicens:
1569 2272 1681 2307 Ignosce
1693 2273 1769 2306 milii,

976 2321 1040 2357 quia
1055 2321 1132 2347 modo
1148 2320 1293 2346 certissime
1311 2320 1370 2345 navi
1388 2319 1457 2352 quod
1480 2318 1546 2344 nihil
1570 2318 1717 2359 peccaveris
1741 2319 1769 2345 in

978 2374 1028 2393 me.
1051 2366 1102 2393 Sed
1124 2365 1167 2391 dic
1190 2364 1273 2394 mihi,
1294 2371 1370 2396 quem
1393 2364 1445 2389 scis
1464 2363 1532 2389 inter
1547 2364 1651 2397 agmina
1675 2368 1768 2390 nostra

979 2411 1098 2439 Phocum
1112 2410 1233 2437 militem.
1262 2409 1298 2436 Αι
1330 2415 1397 2435 vero
1418 2408 1590 2443 Philippicus
1613 2410 1768 2444 recogitans

977 2457 1044 2485 dicit
1063 2457 1110 2483 ei:
1145 2455 1232 2482 Unum
1262 2463 1390 2491 agnosco,
1410 2456 1456 2490 qui
1472 2460 1533 2482 ante
1554 2454 1688 2482 modicum
1703 2460 1768 2482 tem-

975 2510 1024 2538 pus
1045 2506 1203 2537 procurator
1224 2501 1256 2528 ab
1270 2501 1388 2529 exercitu
1403 2500 1552 2528 destinatus
1568 2499 1768 2528 contradicebat

976 2550 1086 2585 imperio
1112 2553 1167 2576 tuo.
1202 2549 1251 2576 Ast
1284 2547 1437 2582 imperator
1457 2547 1514 2574 ait:
1543 2546 1627 2581 Cujus
1648 2550 1767 2581 estqua-

976 2597 1081 2625 litalis?
1108 2595 1161 2630 Qui
1189 2596 1227 2623 ait
1243 2603 1250 2622 :
1266 2593 1377 2622 Iuvenis
1394 2595 1560 2626 (cinerarius,
1577 2593 1623 2621 uti
1642 2598 1668 2621 et
1692 2593 1767 2624 tinti-

976 2643 1036 2670 dus.
1062 2641 1141 2669 Tunc
1171 2640 1321 2668 Mauricius
1352 2650 1359 2667 :
1390 2639 1420 2668 Si
1442 2640 1552 2666 timidus
1583 2643 1632 2672 est,
1664 2638 1765 2674 inquit,

976 2688 1096 2723 profecto
1111 2692 1135 2714 et
1147 2686 1291 2714 homicida.
1313 2686 1344 2713 Et
1363 2686 1498 2713 referebat
1522 2684 1675 2719 Philippica
1689 2691 1765 2712 som-

975 2735 1015 2763 nii
1046 2734 1252 2762 revelationem.
1288 2732 1374 2760 Porro
1394 2735 1474 2759 nocte
1492 2730 1539 2758 illa
1552 2730 1611 2758 visa
1628 2734 1671 2758 est
1686 2730 1764 2757 stella

976 2782 1004 2809 in
1017 2781 1101 2813 uelo,
1113 2788 1176 2815 qua:
1195 2780 1295 2808 dicitur
1306 2782 1440 2807 cometes.
1460 2776 1490 2805 In
1504 2776 1655 2805 crastinum
1673 2781 1764 2804 autem

978 2827 1101 2864 pervenit
1109 2826 1316 2862 magistrilnos,
1328 2825 1375 2861 qul
1388 2824 1490 2853 missus
1506 2822 1595 2851 fuerat
1608 2822 1643 2849 ad
1651 2826 1766 2853 sanctos

891 2874 1005 2905 NOTE.

163 2925 221 2965 (Η)
240 2923 352 2951 lituum
366 2923 430 2951 Vat.

233 2971 366 3003 Parnm.
390 2971 450 3002 (in.
475 2971 583 3003 ςγῐιι.

1525 2941 1598 2997 ω’
