2035 3153
269 144 334 177 figi

267 200 352 229 eremi
375 199 485 231 Ῥείης,
504 198 595 225 ferens
609 197 691 224 abiis
703 203 868 231 responsum
882 195 1038 230 ltujusmodi
1051 204 1057 222 :
1071 197 1099 226 Α

268 248 339 276 Deus
375 250 480 281 recepta
518 244 672 279 pauitantia
718 246 765 270 tua
803 242 916 269 saluauit
942 242 1060 269 animant

269 293 355 326 t'ttam,
371 297 396 319 et
412 297 436 319 te
455 299 514 318 cunt
532 291 632 317 sanrtis
649 297 708 316 cum
726 293 781 315 tota
803 288 881 315 domo
898 293 944 315 tuo
961 289 1061 315 consti-

269 340 335 370 tuet,
350 336 459 372 imperio
471 344 530 363 uero
546 343 605 362 cum
625 334 771 369 ignominia
782 338 807 361 et
823 333 979 361 discrimine
990 334 1063 361 deri-

270 386 326 412 des.
360 383 409 411 His
438 383 541 410 auditis
563 381 712 409 Mauricius
734 381 899 415 gloriiicavit
917 380 1062 416 magnifice

270 428 369 458 Deum.
394 429 480 465 igitur
511 428 636 456 autumni
663 431 789 462 tempore
815 426 974 458 accedente,
999 434 1062 454 cum

271 476 422 505 Mauricius
437 476 590 511 imperator
603 474 735 509 jussisset
758 472 838 501 Petro
859 477 888 500 ut
909 474 937 500 in
957 473 1064 500 Sclavi-

271 530 369 550 norum
395 522 507 558 regione
533 520 650 556 populus
666 521 810 552 hiemaret,
828 520 992 547 restiterunt
1010 519 1064 547 Ru-

272 569 356 601 mani,
377 569 430 596 hoc
446 567 536 594 facere
555 574 609 594 non
632 567 848 597 consentientes.
874 571 928 592 tam
954 570 1065 600 propter

272 622 406 650 equorum
422 614 640 641 humiliationem
659 620 741 648 quam
758 616 870 647 propter
883 612 956 646 quod
973 612 1066 646 copio-

272 669 330 688 sum
345 660 585 688 circnmducerent
605 659 736 695 praedam.
758 666 808 686 nec
820 666 873 685 non
890 659 924 686 ob
941 659 1064 685 multitu-

272 708 350 735 dines
379 705 584 738 Birbarorum,
618 713 680 740 quae
712 713 761 740 per
792 706 930 740 regionem
961 705 1066 732 diiiusa:

271 753 517 788 ilignoscebantur,
536 756 564 779 et
579 751 744 779 seditionem
761 752 882 779 meditati
900 756 973 778 sunt.
992 751 1065 778 Prat-

272 803 317 826 tor
333 803 423 826 autem
442 798 603 832 indignatus
622 801 718 824 contra
736 798 865 832 populum
884 799 910 824 in
925 797 1067 825 demente—

274 845 376 870 tionem
391 850 439 870 eos
451 842 577 869 immisit.
589 842 716 869 incidunt
732 841 826 876 itaque
844 842 944 877 pluvia:
955 842 1066 870 creber-

827 139 969 170 ANASTA
975 140 1024 169 Sil
1045 136 1084 169 BI
1090 138 1300 169 BLiOTlIECA
1307 138 1363 168 [iii

1839 133 1907 167 i293

1114 194 1205 230 Neque
1236 194 1305 223 enim
1345 202 1415 229 nos,
1445 193 1532 226 aiunt,
1562 192 1688 226 imperari
1729 201 1746 219 α
1781 191 1912 219 Haurich

1113 241 1146 267 de
1187 247 1282 268 emero
1315 241 1458 275 patiemur.
1500 238 1549 266 His
1577 239 1728 266 Mauricius
1763 239 1911 274 compertis

1114 288 1232 314 accersit
1255 286 1287 313 ad
1330 294 1360 314 se
1387 286 1489 318 lilium,
1512 285 1715 313 Comentiolum
1734 291 1801 312 vero
1820 293 1913 312 muros

1116 333 1263 360 observare
1288 332 1428 367 prmcepit.
1459 331 1626 359 Germanum
1652 335 1744 358 autem
1775 339 1828 358 una
1850 339 1911 358 cum

1116 379 1172 406 filio
1190 387 1240 407 suo
1265 379 1414 406 accusabat
1440 378 1537 405 harum
1553 377 1641 406 fuisse
1658 377 1847 404 calamitatum
1863 385 1914 404 au-

1116 430 1215 453 ctores.
1230 426 1353 461 Cumque
1377 433 1407 452 se
1432 424 1585 452 Germanus
1609 431 1746 451 excusare
1769 424 1913 451 niteretur.

1114 471 1266 498 Mauricius
1291 472 1329 498 ait
1367 478 1374 496 :
1402 470 1425 498 0
1442 470 1583 502 Germane,
1601 470 1654 497 duo
1670 474 1732 496 sunt
1757 474 1915 505 argumenta

1118 517 1279 549 suspicionis
1293 525 1367 549 mea,
1381 517 1470 551 populi
1488 516 1586 543 scilicet
1601 517 1635 542 ad
1653 521 1677 542 te
1688 517 1794 547 littertc,
1808 520 1834 542 et
1846 515 1915 549 quod

1116 569 1215 590 cuncta
1231 564 1338 597 depasti
1352 567 1424 596 sunt,
1441 567 1465 589 et
1483 562 1565 589 nullis
1582 563 1710 595 exceptis,
1728 562 1779 588 tuis
1795 569 1916 594 peperce-

1112 608 1443 642 'rint.Purce,‘Germmtr,
1471 608 1605 643 prolixum
1625 607 1744 642 faciendi
1758 615 1915 635 sermonem.

1118 652 1195 682 Nihil
1208 655 1315 682 suavius
1342 663 1421 689 quant
1441 662 1487 688 per
1501 655 1619 689 gladium
1651 654 1732 681 mori.
1762 654 1832 680 Sane
1846 652 1917 680 Ger-

1120 708 1220 728 manus
1245 701 1272 727 in
1299 701 1431 736 templum
1461 701 1507 728 Dei
1535 701 1640 732 Matris.
1666 701 1738 735 quod
1764 701 1917 735 appellatur

1118 747 1194 782 Cyri,
1215 746 1295 782 fugit.
1322 746 1400 779 Quod
1426 755 1488 774 cum
1514 747 1665 782 imperator
1683 746 1837 777 didicisset,
1857 746 1916 774 Ste-

1119 793 1240 827 phanum
1263 794 1420 820 eunuchum
1439 793 1540 820 direxit
1562 795 1597 820 ab
1611 793 1727 821 ecclesia
1749 792 1915 820 Germanum

1119 839 1266 867 educendi.
1282 840 1407 874 Cumque
1428 838 1587 874 Stephanus
1605 839 1739 866 violenter
1754 840 1830 866 hunc
1852 840 1917 866 edu-

272 889 351 917 rima:
370 896 453 923 super
478 888 621 923 populum,
648 892 676 915 et
699 888 788 923 frigus
808 888 935 915 multum.
971 887 1070 915 Petrus
1087 891 1108 920 ῃ
1124 893 1187 913 cere
1201 886 1346 918 voluisset,
1364 885 1486 913 fautores
1500 885 1629 912 Germani
1647 885 1810 912 resistentes
1824 886 1917 920 expel-

269 938 364 965 'autem
382 937 478 972 viginti
495 936 617 963 millibus
636 937 732 971 procul
749 937 783 963 ab
799 938 922 963 exercitu
943 936 1070 963 moraba-

275 988 330 1009 tur.
346 981 498 1008 Mauricius
522 984 612 1007 autem
630 980 712 1007 Petro
736 988 784 1015 per
808 981 913 1008 litteras
937 981 1070 1008 molestus

270 1031 333 1055 erat
350 1030 379 1054 ut
401 1026 500 1053 lstrum
523 1025 656 1052 transiret
679 1029 707 1051 et
728 1025 858 1052 hiemales
874 1032 953 1052 escas
976 1025 1068 1060 populi

269 1069 309 1102 Ede
324 1072 517 1101 Sclavinorum
538 1075 660 1099 sumeret
679 1071 802 1106 regione,
822 1078 857 1098 ne
872 1072 1001 1098 alimenta
1020 1078 1071 1106 pu-

270 1120 347 1147 blica
372 1122 517 1154 cogeretur
533 1117 666 1144 Romanis
694 1117 827 1151 prabere.
853 1116 958 1143 Praetor
978 1119 1069 1143 autent

277 1164 413 1192 accersito
428 1163 578 1191 Gunduhin
614 1163 652 1190 ait
667 1171 677 1189 ι
716 1161 804 1189 Μηιὴ
820 1161 884 1189 mihi
903 1162 997 1196 grueia
1021 1161 1071 1188 int-

268 1210 407 1246 ‘peratoris
423 1214 555 1244 prtrcepta
578 1210 605 1236 in
619 1210 708 1236 aliena
724 1213 795 1236 terra
810 1208 926 1235 hiemare
937 1207 1069 1235 Rotuanos

272 1258 396 1293 jubentia
408 1265 417 1284 :
431 1265 492 1284 nam
510 1256 551 1283 illi
568 1264 620 1282 non
641 1255 769 1282 oboudire
785 1263 882 1282 stream
901 1259 950 1286 est,
967 1259 991 1282 at
1011 1262 1071 1281 rur-

278 1312 323 1330 sus
340 1302 465 1330 obmulire
476 1302 662 1329 swet‘ssimum.
684 1300 792 1327 Nullum
809 1302 905 1327 bonum
920 1301 990 1335 parit
1007 1308 1071 1327 ara-

279 1350 351 1381 ritiu,
372 1352 456 1375 mater
472 1353 562 1374 autem
577 1348 695 1374 omnium
716 1347 847 1373 malorum
868 1348 1000 1379 consistit,
1018 1355 1070 1382 qua

264 1393 423 1429 'imperator
435 1393 563 1428 (unguens
578 1392 674 1418 horum
696 1392 874 1418 maximorum
891 1399 975 1418 causa
990 1391 1071 1418 malo-

278 1449 338 1467 rum
361 1440 487 1467 Romanis
527 1440 653 1474 etﬁritur.
685 1439 835 1465 Arcersitis
851 1445 962 1472 quoque
978 1438 1069 1472 populi

279 1487 442 1518 taxiarchis,
469 1486 643 1521 imperatoris
666 1486 708 1512 eis
739 1485 918 1512 intentionem
951 1485 1068 1519 aperuit.

280 1533 399 1568 Populus
427 1536 516 1559 autem
543 1532 596 1559 hoc
619 1531 713 1559 audito
740 1532 890 1558 seditiones
912 1531 1069 1558 concitave-

279 1582 356 1611 runt,
373 1581 400 1605 et
419 1577 543 1612 insignes
555 1576 666 1611 quidam
681 1576 822 1611 principes
836 1583 869 1602 ex
881 1575 922 1603 eis
938 1575 1070 1610 fugientes

279 1625 313 1652 ad
326 1629 468 1660 praetorem
481 1627 624 1651 venerunt.
642 1622 728 1650 Porro
742 1622 932 1650 multitudines
946 1623 972 1650 in
987 1630 1070 1649 unum

279 1673 450 1706 congregata:
463 1669 617 1704 provehunt
626 1668 776 1696 exarchum
795 1667 914 1695 Phocam
929 1668 1071 1695 centurio-

280 1725 359 1750 nem,
378 1720 406 1743 et
424 1723 506 1750 super
527 1715 652 1750 clypeum
677 1715 751 1742 hunc
771 1714 921 1741 exaltatum
945 1713 1072 1744 laudibus

280 1762 430 1791 exarchum
444 1761 677 1788 acclatuaverunt.
692 1759 740 1787 liis
756 1759 854 1787 Petrus
871 1759 973 1787 auditis
988 1759 1015 1786 in
1033 1758 1074 1786 fu-

266 1814 342 1844 ἰςτιιιι
362 1814 460 1836 versus
479 1813 540 1839 est,
567 1811 594 1834 et
617 1807 711 1834 omnia
737 1806 896 1841 imperatori
924 1805 1072 1833 manifesta

280 1857 354 1883 fecit.
372 1855 421 1882 Ast
439 1855 588 1889 imperator
611 1854 653 1881 his
683 1853 841 1881 difﬁcilibus
861 1852 963 1880 auditis
982 1852 1072 1880 celare

282 1901 473 1929 multitudines
489 1907 521 1928 ea
537 1900 670 1927 tentalrat.
693 1898 822 1927 Secunda
836 1907 901 1927 vero
917 1899 962 1926 die
984 1903 1010 1926 et
1030 1898 1072 1925 lu-

281 1948 345 1973 dum
360 1945 509 1973 Celebravit
523 1949 690 1979 equestrem,
708 1944 881 1972 incommoda
903 1943 1073 1971 infelicitatis

281 1992 438 2020 ocerlltans.
465 1991 574 2026 Vulgus
602 1994 694 2017 autem
723 1989 902 2018 Prasiuorum
925 1989 1072 2021 clamabat,

280 2036 485 2068 Constantinus,
529 2037 667 2071 inquiens.
698 2041 723 2063 et
753 2034 948 2067 Domeutioius,
967 2035 1072 2061 demitte

281 2083 465 2110 Romanorum
504 2088 545 2109 ter
581 2083 712 2116 “Auguste.
742 2081 812 2116 plebi
849 2086 902 2108 ture
937 2081 1072 2108 molestias

280 2131 416 2164 ingerunt,
440 2133 468 2154 ut
495 2135 587 2155 cruces
603 2129 737 2162 disponat
763 2127 790 2155 in
814 2135 844 2154 ea
866 2135 925 2162 qua:
947 2127 1072 2154 habemus

279 2178 399 2208 peccata.
427 2172 507 2206 Deus,
525 2173 569 2207 qui
593 2173 684 2200 omnia
709 2172 838 2206 condidit,
869 2173 994 2207 subiiriat
1025 2173 1073 2200 tibi

281 2227 382 2248 ontnem
406 2219 543 2247 inimicum
563 2223 588 2246 et
610 2220 711 2246 hostem
735 2225 791 2246 tant
818 2219 970 2247 intestinum
992 2227 1071 2254 quam
1089 2230 1110 2257 ι)

280 2272 417 2294 externum
439 2267 496 2294 sine
512 2267 650 2302 sanguine.
680 2267 716 2294 At
751 2273 816 2294 vero
840 2267 989 2301 imperator
1015 2266 1070 2300 ple-

281 2313 360 2340 l-ibus
383 2313 547 2340 intimabat:
580 2311 630 2339 Nil
648 2320 706 2344 eos.
730 2312 869 2347 inquiens,
897 2312 983 2339 turbet
998 2311 1069 2338 irra-

281 2359 447 2386 tionabilium
485 2359 600 2387 militum
639 2358 824 2387 lmmoderatio
853 2363 877 2386 et
904 2358 1069 2393 inqttietudo.

281 2404 377 2433 Veneti
391 2410 481 2432 autem
499 2405 645 2432 dixerunt:
667 2403 749 2438 Deut,
772 2405 817 2440 qui
836 2404 919 2440 jussit
941 2409 967 2433 te
988 2406 1071 2440 impe-

279 2459 351 2483 ταῖς,
372 2450 469 2478 subdit
485 2451 534 2478 tibi
549 2458 652 2478 omnem
668 2452 715 2486 qui
729 2451 869 2486 imperium
887 2456 962 2478 tuum
982 2452 1071 2486 impu-

280 2502 357 2533 gnat;
367 2502 397 2524 τε
411 2497 434 2524 si
451 2494 586 2524 Romanus
601 2502 639 2524 est
653 2497 698 2531 qui
710 2497 763 2530 ﬁde
775 2503 854 2530 rupta
871 2502 944 2533 terga
962 2499 1040 2525 csrtit
1055 2506 1071 2525 a

282 2546 317 2575 re,
334 2542 404 2569 hanc
418 2542 464 2568 tibi
476 2542 503 2568 in
515 2541 666 2569 seruitutem
690 2542 794 2577 redigat
814 2542 910 2578 absque
933 2543 1070 2578 sanguine.

251 2604 257 2610 .
281 2585 338 2625 lips
350 2587 502 2622 imperator
517 2593 629 2614 armans
642 2591 670 2614 et
685 2587 859 2615 sermonibus
871 2587 980 2616 blandis
994 2595 1071 2616 com-

282 2638 398 2666 pescens
408 2639 462 2658 una
481 2639 544 2659 eum
561 2630 717 2660 demarctris
732 2639 826 2661 muros
841 2633 916 2660 urbis
931 2634 1072 2662 custodire

282 2678 424 2713 pra-cepit.
438 2676 573 2706 Preterea
591 2677 648 2705 lilio
664 2678 839 2712 imperatoris
853 2677 1008 2708 Theodosio
1018 2687 1072 2708 una

283 2729 344 2749 cum
360 2723 615 2751 Gerrt'nnosouro
630 2730 682 2752 suo
696 2724 770 2759 apud
791 2724 975 2756 Callicratiam
992 2732 1074 2754 vena-

253 2775 270 2785 "
283 2769 378 2797 tiones
385 2773 543 2804 exercente,
554 2770 672 2798 mittunt
686 2771 802 2799 Romani
817 2771 923 2799 litteras
939 2772 973 2800 ad
987 2771 1073 2801 Theo-

284 2813 409 2849 dosium,
436 2816 470 2845 ab
496 2824 529 2844 eo
555 2817 683 2852 imperari
712 2821 877 2852 poscentes;
903 2818 947 2846 sin
969 2821 1072 2853 autem,

284 2860 379 2888 saltem
404 2861 569 2891 Germanum
597 2864 789 2899 imperatorem
813 2864 1071 2899 pronuntiandum:

1086 1562 1107 1589 C

1123 932 1182 959 lunt
1209 932 1400 966 Stephanum,
1430 935 1457 959 et
1484 932 1654 966 excipientes
1685 931 1854 958 Germanum
1890 932 1916 958 in

1121 978 1266 1005 ecclesiam
1294 977 1423 1013 Magnam
1448 977 1591 1012 eiiugiuut.
1617 977 1651 1004 At
1675 985 1741 1005 vero
1769 978 1918 1013 imperator

1122 1024 1207 1059 virgis
1221 1024 1343 1051 caedebat
1358 1024 1548 1051 Theodosium
1559 1024 1644 1051 lilium
1661 1031 1743 1051 suum
1756 1033 1762 1051 :
1778 1024 1918 1051 asserebat

1121 1072 1195 1099 enim
1209 1071 1377 1099 Germanum
1393 1079 1442 1107 per
1459 1079 1522 1099 eum
1537 1071 1623 1098 fuisse
1639 1070 1774 1105 fugatum.
1790 1070 1822 1097 Et
1837 1070 1919 1097 mittit

1122 1117 1297 1146 excubitores
1312 1125 1326 1144 a
1344 1118 1439 1152 Magna
1463 1118 1579 1145 ecclesia
1595 1117 1728 1144 educendi
1740 1116 1917 1144 Germanum.

1122 1163 1193 1191 Hinc
1211 1171 1328 1199 magnus
1339 1165 1400 1192 urbi
1426 1171 1521 1191 rumor
1542 1163 1680 1190 incubuit.
1697 1162 1851 1189 Germanus
1869 1169 1918 1188 ao-

1122 1213 1177 1237 tem
1192 1210 1286 1245 egredi
1306 1214 1334 1238 et
1354 1211 1421 1238 dare
1442 1217 1472 1238 se
1490 1211 1589 1237 voluit.
1609 1209 1710 1236 Verum
1726 1208 1919 1236 multitudines

1123 1255 1196 1283 hunc
1211 1257 1291 1284 exire
1316 1257 1430 1284 minime
1453 1257 1656 1291 permiserunt,
1675 1255 1722 1283 sed
1738 1255 1849 1290 magnis
1867 1255 1917 1282 im-

1123 1302 1243 1337 peratori
1265 1302 1400 1329 conviciis
1420 1302 1636 1337 derogacerunt.
1674 1302 1823 1329 dicentes:
1855 1299 1917 1327 Non

1123 1349 1221 1377 habeat
1241 1349 1337 1383 pellem
1357 1350 1403 1384 qui
1421 1354 1445 1376 te
1466 1354 1550 1381 amat,
1582 1348 1701 1375 Maurici
1730 1347 1917 1375 Marcionis“.

1123 1396 1208 1432 igitur
1236 1396 1282 1431 qui
1315 1403 1412 1423 muros
1442 1395 1658 1427 custodiebant,
1689 1395 1734 1422 itis
1749 1394 1915 1429 compertis,

1123 1441 1279 1468 custodiam
1318 1441 1492 1476 negligentia
1534 1441 1729 1476 prodiderunt.
1768 1439 1920 1469 Mauricius

1123 1495 1212 1515 autem
1243 1488 1332 1515 media
1359 1493 1442 1515 nocte
1467 1494 1567 1515 exutus
1592 1488 1769 1523 imperatoria
1794 1488 1865 1516 stola
1891 1491 1919 1514 et

1123 1534 1229 1569 privata
1248 1535 1493 1568 circumamiclus,
1513 1535 1675 1562 dromonem
1696 1536 1838 1568 ingressus
1856 1541 1918 1561 eam

1124 1587 1210 1608 uxore
1223 1581 1343 1616 ﬁliisque
1357 1581 1416 1608 suis
1431 1585 1457 1608 et
1478 1581 1662 1608 Constantino
1683 1581 1773 1615 fugam
1789 1580 1920 1614 arripuit.

1124 1625 1215 1660 Gopire
1235 1633 1301 1653 vero
1323 1633 1372 1661 per
1389 1630 1475 1652 totam
1495 1631 1604 1653 noctem
1625 1626 1752 1660 pessimis
1772 1625 1922 1659 imperata-

1124 1678 1182 1697 rem
1201 1670 1314 1706 injuriis
1329 1671 1495 1706 appetebant
1510 1680 1516 1698 :
1534 1672 1581 1698 sed
1598 1677 1624 1699 et
1639 1671 1784 1706 Cyriacum
1805 1670 1923 1704 patriar-

1125 1717 1206 1744 cltam
1222 1717 1474 1752 reprehendebant.
1490 1716 1614 1744 Turbine
1637 1716 1730 1749 itaque
1746 1715 1851 1750 ingenti
1868 1723 1919 1742 sax--

1124 1763 1216 1790 viente
1231 1771 1293 1790 cum
1310 1763 1438 1790 maximis
1455 1763 1587 1798 periculis
1606 1762 1677 1797 apud
1699 1762 1728 1789 S.
1742 1762 1920 1789 Autonoutot-

1124 1809 1247 1837 salvator
1277 1809 1440 1837 Mauricius.
1457 1809 1544 1836 Nocte
1569 1816 1634 1836 vero
1664 1808 1866 1843 superveniunt
1896 1809 1921 1834 ei

1123 1854 1206 1882 etiam
1227 1855 1375 1890 languores
1398 1855 1552 1888 arthritici,
1568 1862 1639 1890 quos
1659 1861 1790 1881 manuum
1811 1854 1923 1881 dolores

1124 1904 1152 1927 et
1168 1899 1267 1934 pedum
1282 1905 1395 1928 vocant.
1423 1900 1507 1928 Porro
1526 1901 1610 1927 mittit
1625 1899 1811 1927 Theodosium
1834 1898 1922 1926 filium

1124 1955 1204 1974 suum
1219 1955 1282 1976 cum
1303 1948 1487 1975 Constantino
1504 1948 1537 1975 ad
1553 1947 1696 1976 Chosroen
1713 1954 1804 1982 regem
1823 1945 1923 1973 Persa-

1124 2001 1198 2027 rum,
1216 1999 1247 2022 ut
1263 1995 1456 2022 recordaretur
1472 2003 1566 2022 eorum
1581 2002 1641 2030 quae
1655 1994 1708 2021 sibi
1722 1993 1793 2020 facta
1810 1992 1923 2020 fuerant

1124 2047 1139 2067 a
1163 2048 1203 2073 se,
1225 2045 1254 2068 et
1279 2041 1500 2070 vicissitudinem
1528 2041 1653 2069 beneﬁcii
1686 2041 1727 2068 sui
1757 2040 1923 2076 rependeret

1123 2086 1190 2114 lilio.
1200 2086 1356 2115 Germanus
1365 2093 1457 2115 autent
1469 2088 1552 2115 tuittit
1564 2088 1595 2114 ad
1606 2087 1731 2121 Sergium
1740 2087 1922 2114 demarchum

1124 2131 1254 2159 Prasinze
1268 2134 1367 2166 partis,
1392 2137 1422 2160 ut
1444 2133 1627 2160 auxiliaretur
1650 2132 1703 2160 sibi
1723 2131 1810 2167 gratia
1836 2132 1923 2166 impe-

1126 2174 1217 2208 randi,
1235 2176 1433 2210 repromittens
1449 2184 1479 2205 se
1497 2181 1602 2212 partem
1614 2175 1757 2204 Prasinam
1770 2176 1924 2203 honoratu-

1125 2228 1187 2247 rum
1213 2221 1360 2256 ipsumque
1384 2222 1491 2257 magnis
1513 2223 1693 2258 dignitatibus
1714 2223 1867 2249 elaturum.
1889 2223 1924 2248 At

1124 2273 1190 2293 vero
1212 2265 1326 2302 Sergius
1352 2268 1403 2295 hoc
1425 2269 1580 2303 insignibus
1597 2269 1676 2304 _vulgi
1699 2268 1847 2296 confessus
1870 2274 1924 2298 cst,

1106 2312 1168 2347 ,qni
1200 2312 1313 2340 minime
1346 2313 1374 2341 id
1404 2314 1597 2347 admiserunt,
1630 2314 1748 2342 fatentes
1777 2322 1924 2350 nunquam

1122 2357 1290 2386 Germanum
1308 2359 1343 2386 ab
1359 2366 1455 2386 amore
1472 2357 1636 2387 Venetorum
1653 2359 1794 2388 recedere.
1812 2358 1924 2387 Prasiui

1123 2410 1187 2431 vero
1201 2409 1336 2432 exetmtes
1354 2405 1382 2432 in
1403 2405 1518 2440 Regium
1547 2405 1654 2441 ninguis
1680 2405 1810 2433 laudibus
1828 2410 1926 2440 tyran-

1122 2458 1188 2478 uum
1210 2450 1331 2478 Phocam
1353 2450 1515 2485 efferebant,
1539 2457 1566 2480 et
1591 2451 1757 2487 persuadent
1779 2452 1806 2479 ci
1829 2453 1927 2480 venire

1122 2496 1150 2523 in
1166 2495 1333 2531 Septimum.
1358 2496 1456 2532 Dirigit
1481 2498 1564 2533 igitur
1585 2496 1691 2526 Phocus
1708 2495 1888 2526 Theodorum
1911 2506 1927 2524 a

1123 2541 1255 2573 secretis.
1275 2542 1322 2577 qui
1344 2543 1485 2578 ingressus
1504 2542 1630 2578 Magnam
1660 2542 1806 2571 ecclesiam
1828 2550 1928 2570 coram

1124 2587 1227 2623 populo
1237 2588 1303 2623 legit
1315 2592 1456 2624 quatenus
1465 2593 1522 2616 tam
1538 2589 1698 2624 patriarcha
1708 2596 1792 2625 quam
1809 2595 1930 2617 senatus

1124 2638 1151 2661 et
1165 2634 1265 2669 vulgus
1280 2635 1408 2662 venirent
1424 2635 1451 2662 in
1468 2632 1631 2671 Septimum.
1650 2633 1708 2664 Hoc
1726 2635 1823 2672 itaque
1840 2635 1929 2668 factu,

1116 2683 1151 2707 et
1175 2681 1285 2708 cunctis
1310 2682 1540 2710 convenientibus
1569 2682 1642 2718 apud
1669 2680 1844 2718 Septimum.
1875 2689 1929 2717 pa-

1125 2726 1245 2754 triarcha
1265 2726 1398 2763 Cyriacus
1419 2736 1432 2756 a
1454 2733 1571 2764 tyranno
1590 2729 1624 2757 de
1639 2729 1793 2756 orthodoxa
1818 2727 1883 2757 ﬁde.
1901 2731 1932 2755 et

1118 2778 1155 2801 .ut
1168 2773 1228 2801 sine
1241 2775 1449 2810 perturbatione
1460 2777 1640 2803 conservaret
1652 2775 1816 2805 Ecclesium,
1828 2780 1932 2802 extor-

1119 2820 1162 2847 sit
1185 2820 1396 2855 professionem.
1415 2820 1498 2850 Visus
1517 2829 1583 2850 vero
1600 2827 1643 2851 est
1657 2827 1792 2858 tyrannus
1805 2821 1916 2848 Germ:

1127 2873 1192 2893 num
1212 2867 1368 2895 adhortari.
1385 2867 1510 2904 Cumque
1524 2869 1678 2898 Germanus
1694 2869 1769 2898 nolle
1784 2876 1816 2896 se
1839 2868 1921 2897 simu
