2035 3153
226 131 295 164 1ῑὶ9ι

616 130 800 160 HISTORIA
814 129 1110 160 ECCLESIASTICA'
1125 130 1176 160 EX
1190 130 1433 160 THEOPHANE.

1790 131 1858 164 1295

225 190 296 217 larct
318 192 346 216 et
371 187 468 223 vulgus
495 192 640 223 tyrannum
665 175 800 220 laudaret,
828 178 1060 222 pronuntiatttrA
1075 189 1170 224 grandi
1196 188 1320 216 dicentes
1349 189 1541 223 interemptum
1564 185 1727 217 Mauricium
1743 193 1770 217 et
1787 191 1859 220 Ilios

226 234 340 266 malum,
352 237 379 261 et
389 233 517 261 dominus
526 238 694 267 sceptrorum
708 237 842 270 tyrannus
851 234 1020 269 provehitur,
1039 236 1042 242 '

223 286 252 310 et
271 279 399 316 praevalet
421 279 555 308 adversus
575 278 735 307 felicitatem
752 279 910 319 calamitas,
928 283 956 307 et
971 287 1019 307 su-

223 330 302 356 munt
317 326 502 362 principatum
523 333 622 361 magna
645 325 795 354 infortunia
816 325 1017 355 Romanorum.

260 371 434 399 Denuntiatio
451 378 517 398 vero
532 371 641 406 tyranni
664 372 691 398 in
704 371 808 407 templo
820 370 936 400 Joannis
963 370 1018 398 Ba-

223 417 314 452 ptista:
329 417 426 444 eﬂ‘ecta
442 420 495 449 est,
511 417 560 444 ubi
576 416 686 445 duobus
705 422 831 445 moratus
846 417 944 445 diebus
960 421 1018 445 tera

222 463 261 491 tia
277 463 321 491 die
335 463 463 490 introivit
486 463 600 499 regalia,
619 471 703 499 super
718 463 888 498 imperialem
916 464 1017 492 sedens

222 514 375 538 carrucam.
388 509 474 537 Porro
489 510 585 544 quinta
598 510 643 538 die
655 510 797 537 Leontiam
809 517 923 538 uxorem
937 518 1015 538 suam

223 557 369 585 coronavit
382 557 546 592 Augustam.
569 556 626 584 "ac
642 557 726 592 igitur
750 557 795 584 die
813 557 1016 584 tumultuantur

222 600 320 639 partes
335 603 369 630 ad
389 603 507 631 invicem
525 608 639 639 propter
659 604 795 631 stationes
812 604 947 631 locorum.
962 603 1016 639 Ty-

221 656 328 677 rannus
343 656 410 676 vero
424 649 612 676 Alexandrum
629 649 812 677 conrebellem
835 657 916 676 suum
940 649 1016 677 misit

221 699 315 731 partes
331 701 517 728 compescere.
531 693 686 721 Alexander
701 702 767 721 vero
780 694 807 721 in
822 694 951 721 Cosntam
962 693 1015 721 Ve-

220 745 349 768 netorum
366 740 544 768 demarcbum
560 748 658 768 manus
674 741 826 768 immittens
837 741 941 776 pepulit
952 749 1014 768 eutn

220 787 248 814 ’et
277 786 453 815 contumeliis
479 787 624 814 laecravit.
650 786 736 814 Porro
759 786 856 814 Veneti
883 787 1015 822 indignati

221 833 401 861 clamabant:
430 832 510 866 Vade,
537 833 608 860 disce
632 833 773 865 ordinent;
797 833 946 861 Mauricius
963 843 1015 861 non

1071 234 1172 269 ipsius,
1199 238 1283 269 atque
1308 241 1404 262 omnes
1421 241 1503 262 casus
1531 234 1579 269 qui
1603 235 1673 270 apud
1698 235 1859 272 Byzantium

1071 280 1182 308 fuerant
1198 280 1279 316 gesti.
1295 280 1373 308 Mane
1390 284 1481 308 autem
1502 279 1575 308 facto
1595 289 1711 317 pergens
1728 283 1785 311 haec
1802 283 1860 311 Au—

1068 327 1170 362 gustali
1192 327 1297 360 retulit,
1324 327 1370 362 qui
1395 327 1525 362 praecepit
1552 327 1577 355 ei
1607 329 1674 355 nulli
1694 329 1751 358 hate
1770 330 1861 358 facere

1070 373 1228 406 manifesta,
1242 373 1422 408 scribensque
1439 373 1512 400 diem
1526 374 1736 408 praestolabatur
1744 376 1857 404 exitum.

1070 418 1119 446 Die
1136 427 1200 446 vero
1216 427 1288 447 nona
1305 422 1496 454 pratercunte,
1516 427 1582 448 ecce
1598 420 1711 448 nuntius
1727 421 1801 448 venit.
1817 421 1860 448 in—

1066 465 1164 494 dicans
1175 465 1298 493 Mauricii
1309 465 1535 501 peremptionem.
1545 465 1613 493 Tum
1620 465 1798 502 Augttstalitts
1805 467 1859 494 da:-

1067 519 1180 539 monum
1188 511 1348 539 vaticinium
1364 519 1457 540 coram
1473 512 1574 547 populo
1584 512 1744 547 publicavit.
1758 513 1857 540 Narses

1067 562 1158 585 autem
1170 558 1307 593 quondam
1326 562 1425 593 praetor
1439 557 1577 586 Romanus
1591 562 1687 587 contra
1711 563 1857 593 tyranuum

1067 604 1244 632 rebellionem
1259 605 1375 638 paravit,
1393 604 1579 639 Edessamque
1598 605 1727 632 obtinuit.
1757 606 1859 634 Scribit

1066 650 1160 686 itaque
1168 650 1275 678 Phoras
1286 651 1424 679 Germano
1437 652 1545 686 pra>tori
1559 651 1690 679 Edessam
1701 653 1858 681 obsidendi.

1065 696 1169 724 Narses
1188 705 1253 725 vero
1281 697 1381 726 scribit
1404 698 1520 725 Cbosroi
1547 699 1603 733 regi
1631 697 1776 726 Persarum
1790 706 1859 726 con-

1066 743 1197 778 gregandi
1223 743 1340 772 virtutes
1369 747 1396 771 et
1426 744 1527 771 bellum
1556 744 1735 772 construendi
1762 749 1858 772 contra

1068 788 1218 817 Romanos.
1232 788 1320 817 Porro
1342 789 1446 817 Pboeas
1467 790 1579 817 fratrem
1597 797 1678 817 stium
1697 785 1858 817 D'omentio-

1068 834 1123 861 lum
1148 834 1212 862 fecit
1227 836 1391 871 magistrum
1412 840 1438 863 et
1452 835 1577 863 Priscum
1597 836 1725 863 comitem
1741 837 1858 864 excubi-

219 884 258 907 cst
275 884 406 906 mortuus.
422 879 457 906 At
474 886 537 906 vero
552 883 688 914 tyrannus
708 879 751 907 bis
773 880 874 907 auditis
893 880 922 907 in
939 879 1014 907 Mau-
1031 877 1055 908 Β
1068 883 1169 906 torum.

220 925 283 953 ricii
299 933 393 953 necem
410 930 548 958 movetur,
562 929 589 953 et
605 926 699 954 missis
712 926 848 954 militibus
859 927 937 954 duxit
950 935 1013 955 eum

219 971 422 1000 Chalcedoncm
439 972 473 999 ad
494 971 621 1007 Eutropii
643 976 765 1007 portum,
782 975 810 1000 et
834 973 923 1008 primo
950 973 1014 1008 qui-

220 1016 280 1044 dem
295 1018 368 1045 hunc
379 1017 454 1045 caede
472 1017 599 1045 videlicet
615 1017 734 1045 filiorum
752 1018 947 1053 imperatorem
963 1026 1015 1053 pu-

220 1063 270 1090 nit.
286 1063 352 1090 Nam
368 1064 489 1099 quinque
515 1063 584 1091 filios
606 1064 666 1099 ejus
684 1072 774 1091 mares
790 1071 883 1092 coram
899 1064 1008 1092 visibus

219 1110 277 1136 suis
294 1109 526 1144 pnencciduntur.
543 1109 643 1137 Verum
656 1110 807 1138 Mauricius
821 1111 955 1146 patienter
974 1112 1014 1138 in-

220 1155 377 1183 felicitatem
395 1155 538 1183 sustinens
559 1155 644 1182 Deum
663 1155 690 1182 in
709 1156 839 1184 omnibus
854 1156 1011 1190 invocabat,

218 1205 245 1227 et
259 1201 356 1227 crebro
372 1200 581 1234 pronuntiabat,
592 1200 690 1228 dicens
703 1208 709 1227 :
723 1200 820 1228 Justus
835 1209 874 1233 es,
890 1201 1011 1233 Domine,

215 1250 242 1273 et
257 1251 354 1272 rectum
364 1246 500 1280 judicium
517 1252 602 1273 tuum.
626 1246 669 1274 Fit
685 1247 778 1282 itaque
796 1247 916 1274 filiorum
939 1255 1013 1275 mors

217 1291 304 1326 patris
320 1291 502 1326 epitaphium,
526 1293 734 1327 praaostendens
750 1293 882 1320 virtutem
900 1293 926 1320 iu
941 1293 1012 1320 mole

218 1336 400 1364 calamitatis.
418 1337 542 1372 Cumque
555 1339 650 1366 nutrix
672 1347 757 1366 unum
782 1347 814 1367 ex
827 1339 1012 1375 imperatoriis

219 1382 313 1418 pueris
328 1382 416 1410 furata
429 1383 537 1416 fuisset,
550 1392 687 1420 suumque
701 1393 750 1419 pro
762 1393 794 1412 eo
806 1385 813 1410 ἶ
827 1385 1010 1420 .tercmptioni

216 1428 375 1462 obtulisset,
400 1429 548 1457 Mauricius
574 1439 627 1458 non
653 1432 762 1464 annuit,
788 1432 835 1460 sed
866 1433 1009 1468 proprium

216 1475 370 1509 requisivit.
390 1475 474 1502 Aiunt
490 1482 580 1504 autem
598 1477 709 1512 quidam
723 1478 797 1513 quod
811 1485 844 1507 eo
858 1479 953 1506 occiso
969 1479 1010 1505 lac

217 1528 279 1548 cum
296 1523 431 1557 sanguine
455 1522 575 1556 illiset-it,
595 1524 633 1551 ita
658 1530 687 1551 ιιι
710 1533 806 1553 omnes
829 1525 1009 1560 inspicientcs

217 1567 276 1594 dire
287 1567 512 1596 lamentarentur.
525 1569 570 1596 Sic
581 1577 647 1606 ergo
666 1571 825 1606 imperator,
839 1572 920 1599 etiam
933 1575 1010 1598 natu-

216 1619 254 1640 ra:
270 1613 376 1647 legibus
393 1614 529 1641 excelsior
541 1614 642 1647 factus,
659 1616 744 1643 vitam
757 1621 920 1644 commutat.

253 1658 339 1686 Porro
352 1668 383 1687 ex
397 1660 443 1687 illo
462 1665 584 1695 tempore
598 1661 787 1690 Romanorum
801 1670 854 1690 non
864 1663 1010 1690 defuerunt

217 1704 333 1740 imperio
356 1706 437 1733 variae
462 1713 495 1733 ac
519 1707 644 1742 ingentes
666 1715 807 1735 :erumnaa.
836 1708 960 1743 Denique
983 1713 1010 1735 et

215 1748 356 1779 Cliosroes
370 1750 517 1779 Persarum
536 1760 584 1779 rex
600 1760 694 1787 pacem
707 1753 845 1786 dissolvit,
860 1758 888 1781 et
905 1755 1009 1782 Avares

216 1795 350 1825 Thracem
370 1798 598 1831 devastaverunt,
619 1803 701 1834 atque
723 1799 910 1827 Romanorum
927 1809 1008 1828 exer-

216 1842 288 1870 citus
315 1848 431 1875 uterque
455 1844 640 1879 depopulatus
659 1849 712 1877 est,
737 1845 773 1872 ita
793 1851 823 1873 ut
843 1853 903 1873 cum
921 1845 1008 1874 Hera-

216 1889 286 1916 clins
313 1894 442 1924 regnaret
467 1896 493 1917 et
519 1891 727 1926 inquisitionem
752 1896 921 1919 armatorum
946 1900 1008 1919 cum

217 1943 323 1962 summa
342 1936 482 1971 diligentia
499 1937 614 1969 faceret,
629 1945 662 1966 ex
678 1938 752 1965 omni
769 1938 948 1966 multitudine
962 1939 1008 1967 illa

217 1989 278 2014 qua:
290 1982 400 2010 inventa
418 1982 509 2010 fuerat
520 1983 546 2010 in
560 1984 706 2020 tyrannide
720 1983 843 2012 Mauricii
859 1985 1009 2019 cumeo-

216 2035 258 2058 ca,
277 2028 425 2060 neminem,
453 2028 562 2056 duobus
583 2030 716 2065 exceptis,
743 2030 880 2058 ullatenus
902 2031 1008 2059 inveni-

217 2079 268 2101 ΓΜ.

252 2121 331 2146 Anno
346 2119 436 2154 primo
454 2119 562 2154 imperii
586 2120 628 2147 sui
646 2119 753 2148 Pbocas
777 2126 914 2157 tyrannus
944 2130 1009 2158 per-

217 2168 295 2198 emit,
310 2169 340 2192 ut
355 2166 514 2206 praedictum
524 2167 747 2199 est,Mauricium
757 2175 810 2194 una
825 2175 885 2195 cum
898 2176 1009 2197 mascu-

1026 1549 1047 1578 C

1103 927 1182 954 Anno
1198 926 1304 961 imperii
1323 926 1419 953 lecse
1438 926 1561 954 secundo
1573 925 1711 954 Cbosroes
1727 934 1773 954 rex
1790 926 1857 954 Per-

1067 979 1160 999 sarum
1187 972 1333 999 collertum
1362 972 1505 1007 copiosum
1527 975 1698 1007 potentatum
1724 972 1857 999 adversus

1067 1017 1205 1045 Romanos
1224 1017 1334 1045 direxit.
1353 1018 1507 1045 Germanus
1518 1009 1609 1044 autem
1626 1017 1741 1045 audiens
1752 1018 1853 1045 timuit.

1066 1061 1167 1089 Verum
1180 1068 1294 1090 coactus
1311 1063 1434 1097 praelium
1451 1063 1529 1095 iniit;
1554 1063 1601 1097 qui
1626 1070 1688 1089 cum
1706 1063 1732 1090 in
1749 1071 1782 1090 eo
1796 1063 1857 1090 vul-

1066 1110 1179 1134 neratus
1203 1108 1311 1140 fuisset,
1333 1109 1406 1136 hunc
1422 1101 1540 1136 ministri
1557 1115 1643 1143 usque
1664 1109 1697 1135 ad
1716 1109 1855 1137 civitatem

1065 1153 1255 1180 Constantina:
1285 1153 1440 1187 duxerunt,
1466 1159 1689 1188 superantnrque
1717 1154 1854 1182 Romani:

1065 1198 1112 1225 sed
1125 1203 1152 1225 et
1169 1197 1324 1226 Germanus
1339 1199 1483 1226 undecima
1501 1199 1546 1226 die
1562 1199 1688 1233 spiritum
1706 1200 1855 1227 exhalavit.

1063 1244 1172 1272 Pliocas
1197 1249 1288 1271 autem
1323 1250 1482 1279 potentatus
1511 1246 1544 1273 ab
1568 1245 1677 1281 Europa
1704 1246 1731 1273 in
1762 1246 1855 1275 Asiam

1063 1290 1219 1323 transtulit,
1233 1291 1359 1326 cltagano
1378 1292 1466 1326 pactis
1484 1292 1595 1325 additis,
1611 1292 1765 1320 arbitratus
1776 1293 1856 1327 quic-

1063 1344 1141 1365 scere
1157 1337 1276 1363 Avarum
1300 1338 1450 1365 nationem.
1466 1336 1515 1365 His
1528 1345 1594 1372 ergo
1610 1337 1708 1365 divisis
1720 1338 1855 1372 quosdam

1063 1386 1160 1409 co..tra
1177 1381 1278 1410 Persas
1297 1382 1382 1413 misit,
1398 1383 1531 1417 quosdam
1548 1389 1612 1409 vero
1628 1381 1661 1408 ad
1680 1381 1853 1409 obsidionem

1065 1427 1174 1455 Edessze
1198 1432 1295 1454 contra
1320 1427 1435 1454 Narsem
1451 1435 1514 1454 cum
1539 1425 1654 1453 Leontio
1678 1426 1799 1460 spadone
1827 1431 1855 1453 et

1064 1478 1190 1510 maguate
1201 1481 1252 1501 suo
1269 1475 1380 1502 direxit.
1397 1474 1536 1501 Cbosrocs
1556 1478 1647 1501 autem
1663 1473 1786 1500 collectis
1809 1481 1854 1508 po-

1064 1521 1215 1547 tentatibus
1228 1521 1298 1555 apud
1313 1521 1396 1547 Daras
1406 1519 1531 1547 efﬁcitur.
1544 1518 1629 1546 Porro
1644 1517 1746 1546 Narses
1760 1525 1854 1554 egres-

1063 1574 1112 1593 sus
1128 1567 1259 1594 Edessam
1286 1565 1454 1600 Hierapolim
1483 1565 1562 1600 fttgit.
1586 1565 1692 1592 Interea
1714 1564 1853 1592 Chost‘Ocs

1062 1619 1124 1638 cum
1147 1609 1279 1639 Romanis
1290 1611 1319 1638 ﬁt
1334 1618 1419 1646 penes
1431 1603 1591 1643 ardamum,
1609 1615 1637 1637 et
1651 1609 1805 1637 munitione
1820 1609 1854 1638 de

1061 1658 1255 1693 elepltantibus
1275 1662 1437 1685 constructa
1457 1657 1559 1684 bellum
1590 1657 1669 1688 iniit,
1688 1661 1715 1684 et
1740 1657 1854 1684 victoria

1062 1711 1158 1738 magna
1168 1704 1273 1739 potitus
1284 1707 1336 1736 est,
1348 1703 1438 1738 captis
1452 1703 1586 1730 Romanis
1596 1711 1650 1730 non
1666 1703 1773 1738 paucis,
1782 1710 1852 1738 quos

1060 1753 1089 1776 et
1103 1749 1201 1783 capitis
1216 1749 1353 1776 recisione
1368 1749 1484 1784 punivit.
1502 1746 1550 1776 llis
1565 1749 1601 1775 ita
1611 1749 1696 1784 gestis
1712 1749 1851 1776 (lbosroes

1062 1794 1096 1821 ad
1113 1798 1214 1822 terram
1225 1801 1303 1821 suam
1323 1801 1452 1822 reversus
1468 1799 1522 1827 est,
1543 1794 1647 1829 Zongoi
1664 1795 1851 1829 potentatibus

1062 1839 1214 1867 derelictis.
1239 1839 1296 1866 [loc
1308 1840 1449 1874 comperto
1463 1838 1570 1867 Phocas
1595 1844 1691 1867 contra
1706 1839 1850 1867 Leontium

1062 1886 1138 1917 fttrit,
1156 1890 1184 1913 ct
1194 1886 1310 1913 manicis
1325 1885 1423 1914 ferreis
1435 1893 1498 1913 cum
1517 1885 1666 1921 ignominia
1689 1886 1849 1918 llytautium

1061 1932 1148 1964 ducit,
1172 1936 1199 1960 et
1222 1934 1297 1959 creat
1319 1937 1464 1967 praetorem
1492 1931 1693 1959 Domentiolum
1723 1936 1849 1966 nepotem

1062 1986 1154 2011 suum,
1173 1982 1201 2006 et
1214 1983 1371 2006 curatorem
1388 1977 1484 2014 palatii
1503 1977 1580 2005 facit.

1096 2026 1176 2052 Anno
1199 2025 1306 2060 imperii
1321 2024 1422 2052 Pbocze
1443 2023 1526 2051 tertio
1544 2022 1618 2050 misit
1632 2023 1770 2051 Chosroes
1784 2022 1853 2051 Car-

1061 2071 1183 2106 darigam
1198 2074 1225 2098 et
1240 2071 1417 2102 ltusmaizan,
1443 2070 1490 2105 qui
1514 2069 1670 2104 depopulati
1693 2074 1757 2104 sunt
1781 2076 1852 2097 non-

1061 2117 1152 2145 nullas
1181 2116 1368 2144 Romanorum
1397 2116 1536 2143 civitates.
1570 2114 1758 2142 Dontentiolus
1785 2122 1850 2142 vero

1061 2164 1147 2191 verbo
1168 2163 1233 2190 dato
1245 2163 1337 2196 Narsi,
1353 2163 1575 2198 juramentisque
1590 2169 1644 2189 non
1667 2160 1775 2197 paucis,
1788 2169 1851 2189 crc-

216 2212 249 2240 lis
260 2212 383 2247 quinque
398 2213 493 2246 pueris
509 2212 579 2247 ejus,
590 2217 617 2240 et
633 2211 731 2240 horum
744 2214 834 2249 capita
849 2214 930 2250 jussit
941 2216 1004 2251 poni

1063 2209 1127 2236 dere
1141 2209 1280 2244 persuasit
1293 2208 1367 2244 quod
1381 2208 1483 2236 nullam
1497 2207 1626 2242 iniuriam
1642 2207 1713 2241 apud
1730 2207 1849 2235 Pbocam

215 2259 243 2286 in
259 2266 356 2293 eampo
372 2257 531 2286 Tribunalis
544 2259 642 2287 diebus
666 2260 777 2293 multis;
801 2265 828 2288 et
844 2261 955 2289 exibant
973 2262 1008 2290 ab

216 2303 283 2331 urbe
310 2307 337 2331 et
363 2303 622 2338 contemplabantur
644 2311 675 2332 ea
692 2312 777 2340 usque
802 2312 857 2340 quo
881 2305 1005 2335 fmtorem

216 2350 362 2380 dederunt.
379 2350 549 2378 interficitur
573 2355 664 2377 autem
689 2354 716 2378 et
732 2351 829 2379 Petrus
848 2351 932 2379 frater
946 2351 1007 2386 ejus

215 2400 243 2424 et
259 2397 303 2424 alii
322 2404 450 2432 proceres
478 2396 566 2423 multi.
592 2396 776 2424 Theodosium
803 2402 894 2424 autem
921 2397 1006 2424 filium

216 2443 276 2478 ejus
294 2450 386 2470 sermo
400 2445 475 2469 tenet
491 2440 554 2476 fttga
575 2442 679 2476 lapsum
696 2446 723 2468 et
734 2443 770 2468 ita
789 2442 896 2470 salvum
911 2450 1001 2477 reper-

216 2494 285 2516 tum.
299 2488 435 2516 Praeterea
447 2487 547 2514 famam
557 2487 629 2514 hanc
644 2486 782 2514 Chosroes
800 2487 946 2514 Persarum
959 2494 1007 2514 rex

217 2534 412 2570 augmentavit,
446 2532 520 2559 aliud
550 2533 687 2567 aliterque
713 2533 856 2565 mentitus,
874 2539 901 2560 ct
934 2534 1007 2560 hunc

217 2581 288 2616 apud
312 2588 342 2608 se
356 2579 458 2607 habere
474 2579 582 2610 dicens,
605 2579 684 2614 quasi
701 2579 846 2614 providere
861 2587 891 2606 se
907 2583 938 2606 ut
950 2579 1007 2607 Ro-

217 2633 360 2654 manorum
374 2626 500 2653 obtinere
515 2632 632 2658 sperans
648 2625 805 2660 imperium,
820 2630 849 2653 ut
862 2626 1007 2654 convictus

216 2677 261 2700 cst
276 2671 369 2701 multis
384 2671 485 2703 modis,
502 2670 621 2698 maxime
636 2678 668 2698 eo
683 2672 757 2707 quod
775 2671 845 2699 bella
863 2671 1007 2706 repentina

219 2721 341 2746 moveret
362 2721 390 2744 et
415 2715 554 2744 Bonnanas
581 2724 626 2745 res
644 2724 811 2753 magnopere
834 2718 1006 2746 devastaret.

218 2764 322 2791 Interea
340 2761 527 2797 calligraphus
541 2762 653 2797 quidam
671 2763 854 2799 Alexandria,
869 2763 1009 2791 venerabi-

218 2811 254 2838 lis
267 2810 320 2842 vlr,
337 2817 371 2837 ex
388 2807 525 2844 matutina
546 2807 637 2846 vigilia
660 2809 773 2837 domum
796 2810 898 2838 vadens
919 2810 1008 2838 media

216 2861 298 2885 noete
328 2855 402 2884 videt
429 2860 536 2884 statuas
563 2864 596 2884 ex
623 2856 678 2884 aris
701 2856 868 2891 abstractas,
895 2860 922 2884 at
942 2863 1009 2884 voce

1060 2261 1134 2285 esset
1148 2264 1290 2291 passurus,
1305 2260 1332 2283 et
1346 2256 1447 2283 direxit
1464 2261 1526 2282 eum
1543 2254 1577 2281 ad
1592 2253 1723 2282 Phocam.
1741 2255 1775 2281 At
1787 2261 1851 2281 vero

1060 2302 1167 2331 Pbocas
1183 2302 1296 2330 verbum
1310 2302 1363 2328 hoc
1378 2300 1492 2328 minime
1507 2307 1622 2327 servans
1641 2300 1703 2334 igne
1720 2299 1850 2326 cremavit

1060 2357 1133 2377 eum.
1163 2348 1280 2376 Romani
1300 2354 1368 2381 ergo
1387 2346 1451 2374 hinc
1473 2345 1620 2381 plurimum
1645 2346 1739 2373 tristes
1759 2345 1849 2374 effecti

1060 2399 1136 2426 sunt,
1147 2402 1180 2423 eo
1200 2392 1274 2429 quod
1299 2394 1425 2420 timorem
1453 2399 1583 2428 magnum
1608 2392 1636 2419 in
1660 2392 1764 2419 Persas
1778 2391 1849 2419 idem

1060 2439 1161 2466 Narsos
1179 2438 1302 2470 haberet,
1319 2438 1387 2465 adeo
1412 2442 1442 2464 ut
1457 2437 1505 2465 filii
1519 2436 1665 2465 Persarum
1680 2436 1775 2464 audito
1788 2437 1850 2471 ejus

1061 2486 1172 2514 nomine
1188 2489 1349 2513 tremerent.
1363 2484 1449 2512 Porro
1464 2483 1553 2512 Persae
1567 2483 1655 2519 gavisi
1667 2488 1732 2511 sunt
1748 2483 1849 2520 gaudio

1061 2539 1171 2566 magno.

1095 2577 1174 2606 Anno
1185 2577 1302 2613 gimperii
1318 2577 1418 2606 Pbocte
1438 2581 1538 2613 quarto
1564 2576 1746 2605 scholasticus
1759 2583 1849 2603 eunu-

1060 2624 1140 2656 chus,
1154 2625 1196 2652 vir
1214 2624 1353 2660 gloriosus
1368 2624 1475 2660 palatii,
1493 2623 1580 2652 media
1595 2627 1675 2651 nocte
1689 2622 1849 2650 Constanti-

1060 2678 1124 2698 nam
1141 2670 1280 2698 dominam
1296 2678 1359 2698 cum
1378 2670 1468 2700 tribus
1482 2670 1592 2698 ﬁliabus
1613 2669 1674 2704 ejus
1697 2668 1860 2704 accipiens,

1061 2717 1095 2746 ad
1109 2716 1235 2752 Magnam
1261 2717 1387 2752 confugit
1419 2716 1563 2746 ecclesiam
1591 2715 1709 2744 consilio
1723 2715 1851 2743 Germani

1060 2762 1170 2799 patricii
1187 2763 1372 2791 desiderantis
1392 2762 1548 2797 imperium.
1566 2761 1619 2796 ,Fit
1640 2762 1725 2798 igitur
1740 2761 1768 2789 in
1783 2761 1850 2789 urbe

1062 2809 1165 2837 seditio
1182 2815 1290 2844 magna.
1309 2807 1463 2836 Germanus
1474 2812 1565 2836 autem
1579 2808 1729 2837 demarcho
1754 2806 1849 2835 Prasi-

1062 2863 1161 2884 norum
1186 2855 1318 2884 talentum
1340 2856 1399 2882 auri
1425 2850 1509 2889 misit,
1532 2858 1561 2883 ut
1583 2857 1778 2891 cooperantur
1798 2853 1849 2881 eis.
