2035 3153
200 193 271 226 1295

760 181 960 214 ANASTASII
987 175 1301 210 BiBLIOTHECARII

1767 168 1836 202 i296

201 249 342 279 Primores
359 248 450 273 autem
469 242 542 278 vulgi
567 241 594 269 id
620 240 766 268 admittere
783 238 941 266 noluerunt.
957 235 991 262 At
1005 235 1031 264 Λ
1044 233 1129 260 darit.
1145 232 1311 260 Germanum
1327 233 1418 256 autem
1435 232 1462 256 et
1480 227 1540 262 ejus
1557 227 1639 254 ﬁliam
1659 234 1705 253 ore
1719 226 1837 253 ωηινιιω-

201 303 266 325 vero
282 299 415 330 tyrannus
433 291 460 318 in
477 289 621 318 ecclesiam
645 286 678 313 ad
695 282 911 313 abstrahendum
928 287 987 308 mn.

199 329 468 370 lieresrdestinavit.
495 333 567 362 Sane
591 331 747 368 patriarcha
779 335 845 357 tunc
860 329 991 363 Cyriacus

201 393 319 424 tyranno
335 383 447 416 restitit,
463 381 577 409 minime
589 387 688 414 passus
700 386 715 405 e
730 377 832 412 templo
849 374 992 411 tyrannice

202 420 299 462 abduci
314 431 454 459 mulieres.
471 428 571 455 Verum
594 424 761 460 jnramcntis
783 427 859 450 certo
874 428 907 449 eo
933 420 992 447 red-

203 482 260 510 dito
275 487 290 507 a
306 479 397 506 Phoca
417 475 489 510 quod
517 480 573 502 non
598 472 708 499 laederet.
723 478 780 502 eas,
802 469 957 497 educuntur
979 474 993 492 c

202 525 306 560 templo
327 527 424 551 sancto
437 524 466 549 et
480 519 645 548 clauduntur
668 517 694 544 in
721 514 898 542 monasterio.
921 513 995 539 Prse—

203 559 280 599 terea
294 570 386 597 Persae
412 567 507 594 eodem
533 570 608 591 anno
625 565 758 597 ceperunt
774 560 871 591 Dares,
888 559 914 585 in
940 562 996 584 tota

205 613 403 651 Mesopotamia
427 615 455 639 et
480 610 560 645 Syria
579 606 765 643 captivationc
794 605 888 636 multa,
916 602 996 636 cujus

206 670 260 691 non
280 666 324 689 est
342 665 485 690 numerus,
497 656 580 684 facta.
599 655 685 682 Porro
707 651 865 688 patriarcha
881 650 998 677 obennte

206 706 322 743 Cyriaco
339 703 460 730 Thomas
484 707 533 735 pro
550 706 582 727 eo
604 702 794 727 consecratur,
816 694 949 722 diaconus
972 696 1000 719 et

208 751 370 781 saceliarius
383 747 504 783 ejusdem
523 745 657 773 ecclesiae.

243 796 334 825 Mundi
350 802 422 822 anno
436 791 517 823 6099,
531 791 631 818 divina:
642 786 840 816 incarnationis
853 791 925 812 anno
936 783 998 816 599,

207 851 281 872 anno
296 849 360 870 vero
373 839 480 875 imperii
495 837 593 865 Phocae
608 835 704 871 quinto
719 833 825 862 Isacius
842 831 1000 866 Hierosoly-

208 890 342 918 milanus,
367 874 529 912 Theodorus
557 879 761 908 Alexandrinus
784 881 812 904 ct
835 874 1001 902 Anastasius

209 934 396 963 Antiochenus
417 930 555 958 habentur
577 926 726 954 antistites.
742 924 848 951 I’hocas
873 928 938 949 vero
959 925 1001 955 ly-
1019 913 1038 940 Β

210 987 315 1009 rannus
333 978 416 1005 tiliam
433 983 511 1002 suam
529 972 701 1000 Dementiam
719 969 816 997 Prisco
840 967 955 1003 patricio
975 969 1002 993 et

211 1024 305 1054 comiti
323 1022 515 1050 excubitorum
530 1018 632 1053 jnnxit,
651 1021 678 1043 et
694 1015 773 1042 iactis
785 1015 812 1041 in
831 1013 932 1048 palatio
946 1011 1003 1038 Ma-

211 1072 279 1100 rium
293 1068 398 1104 nuptiis
418 1066 502 1102 jussit
524 1064 581 1091 ﬁeri
597 1064 690 1090 indum
707 1064 876 1096 equestrem.
892 1058 1004 1085 Demar-

211 1118 256 1146 chi
271 1122 362 1145 autent
382 1114 526 1147 utriusque
541 1110 628 1146 partis
652 1108 724 1144 apud
748 1111 868 1142 quatuor
899 1105 1004 1132 colum-

213 1171 264 1192 nas
287 1169 348 1190 cum
375 1157 565 1194 imperialibus
584 1155 671 1191 signis
695 1156 852 1182 statuerunt
868 1150 956 1178 Prisci
978 1154 1006 1177 et

214 1209 366 1238 Domcntiae
389 1207 477 1241 signa.
495 1205 603 1237 Quibus
626 1201 729 1229 auditis
754 1200 904 1234 imperator
918 1197 1006 1224 iratus

214 1260 267 1287 est,
288 1259 312 1283 et
328 1254 442 1281 mittens
465 1249 579 1278 adduxit
606 1246 783 1277 demarchos,
812 1244 1005 1278 Theophanem

215 1302 321 1330 scilicet
334 1308 365 1327 ac
379 1297 561 1332 Pamphilum,
579 1299 605 1322 ct
617 1296 743 1322 statuens
759 1290 846 1318 nudos
860 1289 944 1324 jussit
959 1295 1007 1314 cos

216 1347 356 1376 decollari.
385 1345 453 1373 Cum
476 1343 549 1370 enim
573 1340 697 1368 misisset
716 1342 950 1372 protocursorem,
979 1337 1009 1360 ut

216 1395 399 1428 interrogaret
413 1398 461 1418 eos
475 1396 529 1423 quo
541 1385 715 1422 praecipiente
731 1382 847 1411 fecerint
857 1382 920 1413 hoc,
932 1380 1009 1407 dixe-

217 1444 282 1467 runt
301 1426 366 1474 quia
384 1435 535 1464 secundum
551 1429 781 1460 consuetudinem
793 1429 941 1455 lineatores
958 1426 1010 1453 hoc

218 1473 352 1513 fecerunt.
370 1483 457 1509 Porro
471 1482 621 1508 lineatores
644 1477 702 1504 sive
723 1481 875 1506 mensores,
891 1473 1010 1500 interro«

218 1530 275 1567 gari
300 1528 477 1564 quamobrem
494 1526 546 1552 hoc
571 1524 706 1554 fecerunt,
725 1521 851 1548 dixerunt
861 1518 936 1554 quia,
949 1524 1010 1544 cum

220 1563 396 1611 imperatoris
408 1572 456 1599 ﬁlii
468 1572 502 1598 ah
515 1570 645 1597 omnibus
660 1566 794 1595 nominati
810 1569 884 1597 sunt,
900 1572 915 1590 a
929 1563 1009 1591 nobis

219 1610 290 1657 ipsis
303 1621 355 1649 hoc
371 1620 497 1646 iecimus.
520 1617 593 1643 Sane
611 1615 723 1641 Priscus
739 1613 838 1640 timore
854 1610 1008 1641 tenebatur,

222 1656 256 1696 ne
271 1668 342 1695 forte
358 1667 384 1693 in
402 1663 577 1700 imperatoris
594 1662 665 1689 iram
685 1659 830 1687 incideret.
847 1656 948 1684 Turbls
964 1663 1011 1682 au-

221 1718 274 1741 tem
297 1711 480 1740 clamantibus
505 1706 725 1736 misericordiam
747 1704 862 1733 concedi
886 1703 949 1734 sibi,
966 1709 1011 1730 ve-

222 1761 294 1787 niam
312 1758 386 1785 dedit
400 1757 518 1784 Phocas.
538 1754 575 1782 Ex
594 1758 659 1781 tunc
673 1760 739 1787 ergo
756 1751 867 1779 Priscus
888 1750 1012 1784 indigna-

222 1806 325 1832 tionem
340 1810 437 1839 passus
454 1810 508 1829 non
526 1803 585 1828 erat
604 1803 680 1827 recte
695 1806 759 1826 cum
781 1797 883 1825 Phoca.
906 1797 1012 1824 Interea

223 1850 348 1886 quadam
379 1849 477 1877 mulier
503 1845 630 1874 l‘etronia
654 1844 766 1872 nomine
794 1843 822 1870 iit
845 1842 1014 1878 imperatrici

222 1895 411 1925 Constantina;
439 1893 579 1923 ministra,
608 1899 668 1926 quae
690 1890 723 1917 ad
751 1889 917 1917 Germanum
935 1888 969 1915 ab
981 1894 1013 1914 ea

223 1949 357 1978 responsa
386 1939 517 1967 faciebat.
547 1937 632 1965 Porro
661 1943 722 1964 cum
751 1935 825 1962 fama
851 1934 1015 1961 dilataretnr

224 1989 298 2025 quod
311 1986 485 2015 Theodosius
501 1983 626 2011 Mauricii
649 1983 721 2009 [ilius
735 1982 849 2014 viveret,
869 1987 944 2015 spem
964 1979 1013 2007 bo-

222 2043 286 2062 nam
304 2040 386 2068 super
409 2032 462 2059 hoc
483 2036 538 2058 tam
560 2029 741 2057 Constantina
762 2034 843 2062 quam
861 2026 1015 2054 Germanus

225 2080 352 2108 habebat.
380 2078 415 2105 At
432 2084 498 2105 vero
515 2076 632 2103 scelesta
656 2074 786 2102 Pctronia
814 2072 873 2099 hzec
898 2076 1015 2106 tyranno

224 2125 369 2154 manifesta
394 2123 469 2151 fecit.
487 2123 521 2149 At
537 2127 673 2157 tyrannus
691 2118 901 2146 Constantinam
925 2116 1015 2143 Theo-

224 2176 336 2207 pompio
352 2169 472 2196 exarcho
484 2167 518 2194 ad
534 2165 718 2201 torquendum
729 2163 859 2199 prodidit,
875 2169 935 2198 quae
949 2162 1014 2189 dum

224 2219 411 2252 torqueretur,
430 2213 584 2241 Romanum
603 2211 749 2247 patricium
766 2218 849 2238 nosse
866 2209 1016 2237 interlocu-

225 2265 316 2293 tiones
338 2270 402 2290 snas
417 2260 542 2289 confessa
557 2263 609 2288 est.
627 2258 679 2292 Qui
697 2257 913 2292 comprehensus
934 2261 1016 2291 atque

225 2311 367 2339 discussus
382 2308 464 2336 etiam
483 2307 552 2334 alios
571 2305 630 2333 fore
650 2305 678 2332 in
703 2304 819 2331 insidias
835 2303 946 2338 tyranni
963 2302 1015 2329 sibi

224 2359 417 2392 cooperatores
434 2352 585 2389 perhibuit.
600 2351 823 2385 Comprehensos
851 2353 893 2376 est
923 2352 1014 2376 autem

224 2410 251 2432 et
274 2402 438 2431 Theodorus
459 2399 580 2427 Orientis
600 2396 756 2432 praefectus,
778 2403 861 2430 quem
882 2401 1017 2430 tyrannus

224 2449 376 2478 verberans
401 2445 553 2477 interemit,
570 2442 745 2478 iielpidiiqne
760 2449 860 2470 manus
879 2449 911 2468 ac
936 2441 1018 2475 pedes

224 2495 352 2524 recidens
370 2495 442 2521 hunc
459 2491 572 2520 tradidit
585 2491 650 2526 igni,
669 2489 879 2524 Romanumque
895 2488 1018 2516 decolla-

224 2543 273 2569 vit.
298 2540 385 2568 Porro
412 2537 622 2566 Constantinam
639 2543 702 2563 cum
730 2535 820 2563 tribus
846 2534 967 2564 ﬁliabus,
985 2533 1013 2560 in

224 2591 286 2618 loco
302 2587 347 2615 ubi
360 2591 387 2615 et
399 2583 548 2612 Mauricius
565 2583 745 2618 interemptus
757 2586 809 2614 est,
824 2580 916 2617 gladio
927 2580 1015 2607 truci-

1023 1598 1044 1626 (Ξ

1042 287 1078 306 ra:
1092 279 1149 314 (45)
1170 277 1290 309 occidit;
1310 275 1439 303 similiter
1453 278 1480 302 et
1501 273 1633 301 Joannem
1654 277 1681 300 et
1698 272 1783 299 Gizan
1810 275 1837 299 et

1043 325 1201 360 patricium,
1232 327 1259 350 et
1289 322 1486 352 Theodosium,
1514 320 1562 355 qui
1593 319 1753 354 subadjnva:
1778 318 1835 354 μδ)

1043 372 1176 408 dignitate
1199 369 1351 397 habebatur
1375 368 1502 402 insignis,
1525 371 1553 394 et
1569 366 1653 393 David
1672 366 1840 400 chartnphy-

1045 421 1131 447 lacem
1147 417 1309 444 llormisdze.
1323 415 1423 443 Eodem
1437 422 1508 442 anno
1520 414 1621 446 Persae,
1636 416 1840 440 lransmcanles

1045 466 1224 500 Euphratem,
1240 468 1325 490 totam
1343 461 1450 497 Syriam
1474 464 1501 487 ct
1522 459 1695 487 Paizestinam
1714 463 1742 485 et
1763 459 1842 486 Phas-

1047 513 1126 540 nicen
1156 510 1306 546 depraedati
1325 513 1401 541 sunt,
1423 507 1510 534 multo
1533 507 1560 534 in
1584 505 1718 533 Romanis
1733 505 1842 533 excidio

1048 562 1216 594 perpetrato.

1083 602 1176 629 Mundi
1190 599 1360 631 θῐιιιοΰίοο,
1372 599 1472 627 divina:
1485 597 1684 626 incarnationis
1693 604 1765 625 anno
1776 597 1839 628 600.

1049 656 1121 675 anno
1134 655 1199 675 vero
1216 646 1324 681 imperii
1349 645 1446 672 Phecze
1471 644 1498 675 6.
1522 643 1632 670 Priscus
1661 642 1759 669 intneri
1786 650 1839 670 non

1049 694 1188 722 sustinens
1202 698 1255 719 tam
1273 692 1375 726 injusta
1391 690 1540 718 homicidia
1554 697 1636 724 quam
1651 689 1721 715 mala
1733 694 1841 720 cetera,

1049 746 1110 774 quae
1124 746 1139 765 a
1155 738 1243 765 Plioca
1258 736 1498 772 perpetrabantur,
1514 735 1628 770 scripsit
1639 734 1674 761 ad
1687 734 1845 761 Heraclium

1050 784 1198 819 patricium
1229 786 1255 810 ct
1289 786 1434 816 pratorem
1465 780 1576 814 Africae,
1603 787 1658 814 quo
1685 778 1847 806 lieraclium

1053 831 1139 858 tilium
1166 837 1247 857 suum
1265 833 1292 856 et
1308 828 1432 856 Nicetam
1456 827 1542 854 [ilium
1570 827 1698 861 Gregorii:
1725 826 1847 861 patricii,

1053 877 1252 912 suhpraetorem
1266 882 1357 907 suum,
1376 875 1508 905 mitteret,
1518 877 1659 908 quatenus
1668 879 1762 899 contra
1775 872 1848 899 Pho-

1054 931 1114 951 cam
1128 923 1255 950 venirent
1267 926 1427 957 tyrannum.
1439 919 1574 947 Audiebat
1589 919 1660 946 enim
1671 920 1698 946 in
1713 918 1806 946 Aii‘ira
1821 919 1849 945 in

1054 977 1117 997 eum
1144 968 1271 995 meditari
1298 967 1488 999 rebellionem,
1505 967 1577 993 unde
1592 973 1643 992 nec
1664 966 1771 1000 navigia
1798 965 1850 991 hoc

1055 1023 1127 1042 anno
1141 1013 1410 1048 Constantinopolim
1429 1012 1661 1039 conscenderunt.
1680 1009 1787 1037 Occidit
1800 1018 1851 1036 au-

1056 1066 1109 1089 tem
1127 1061 1235 1088 Phocas
1252 1067 1362 1087 omnem
1383 1058 1575 1094 cognationem
1601 1056 1724 1083 Mauricii
1740 1060 1767 1082 et
1795 1055 1851 1082 Co-

1056 1107 1217 1135 ntentiolum
1229 1110 1375 1142 praetorem
1388 1104 1503 1132 Thracae
1518 1107 1544 1131 et
1555 1103 1635 1130 alios
1644 1103 1756 1129 inuitos.
1770 1101 1853 1128 Facta

1056 1159 1098 1181 est
1114 1157 1205 1180 autem
1222 1151 1248 1178 in
1267 1158 1339 1178 anno
1356 1150 1409 1177 isto
1430 1150 1512 1177 etiam
1534 1149 1687 1176 mortalitas
1709 1153 1738 1175 et
1757 1148 1853 1182 inopia

1058 1199 1148 1227 omnis
1163 1198 1276 1234 speciei.
1292 1197 1429 1224 Praeterea
1447 1196 1537 1223 Persm
1549 1203 1604 1222 una
1621 1202 1684 1221 cum
1702 1193 1853 1228 Cartlariga

1058 1245 1162 1281 egressi
1191 1248 1324 1279 ceperunt
1347 1243 1506 1271 Armeniam
1524 1246 1551 1269 et
1569 1241 1780 1276 Cappadociam,
1803 1247 1856 1274 pu-

1059 1295 1235 1327 gnantcsque
1250 1290 1436 1318 Romanorum
1464 1292 1606 1316 verterunt
1628 1287 1749 1318 militias.
1769 1293 1855 1321 cepe-

1060 1342 1178 1371 rnntque
1193 1336 1328 1364 Galatiam
1345 1341 1373 1363 et
1386 1335 1610 1370 Paphlagoniam,
1625 1339 1651 1361 et
1661 1338 1795 1361 venerunt
1808 1341 1857 1361 us-

1061 1392 1115 1420 quc.
1144 1383 1359 1415 Chaiccdonem,
1393 1382 1453 1409 sine
1490 1381 1626 1416 parcitate
1654 1380 1856 1415 depopulante:

1061 1435 1179 1458 aetatem.
1203 1429 1238 1455 Et
1252 1428 1362 1463 quidem
1386 1427 1479 1454 Persae
1503 1426 1572 1453 foris
1590 1431 1697 1461 portam
1723 1424 1856 1451 Romanis

1061 1474 1234 1511 tyrannidem
1248 1473 1415 1504 inferebant,
1430 1472 1535 1500 Phocas
1547 1479 1613 1499 vero
1628 1472 1798 1498 intrinsecus
1812 1470 1856 1497 his

1063 1521 1156 1556 pejora
1173 1520 1310 1555 patrabat,
1328 1517 1457 1545 occidens
1476 1521 1559 1552 atque
1574 1517 1727 1551 captivans.

1098 1567 1178 1593 Anno
1193 1565 1300 1600 imperii
1318 1565 1415 1592 Phocae
1433 1565 1551 1598 septimo
1567 1563 1679 1597 Sergius
1695 1561 1857 1589 Constanti»

1064 1613 1252 1647 nopolitanus,
1271 1611 1420 1638 Zacharias
1445 1609 1712 1645 Hierosolymitanus
1731 1611 1758 1635 et
1772 1606 1860 1634 Joan-

1065 1667 1114 1687 nes
1137 1658 1342 1686 Alexandrinus
1368 1657 1505 1685 habentur
1520 1656 1668 1684 antistites.
1693 1654 1860 1683 Antiocheni

1065 1713 1129 1734 vero
1144 1705 1250 1732 Hebrrei
1267 1704 1408 1732 simultate
1422 1704 1543 1739 inquiete
1553 1704 1607 1739 (47)
1621 1704 1771 1731 commissa
1791 1709 1860 1730 con-

1065 1757 1107 1780 tra
1123 1752 1297 1780 Christianos
1311 1751 1444 1779 occidunt
1458 1751 1637 1779 Anastasium
1656 1757 1786 1786 maguum
1811 1757 1861 1785 pa-

1065 1799 1214 1827 triarcham
1232 1798 1396 1829 Antiochiae,
1414 1797 1554 1836 mittentes
1576 1802 1702 1824 naturam
1724 1796 1781 1833 (48)
1797 1795 1860 1830 ejus

1066 1846 1093 1873 in
1109 1853 1140 1873 os
1160 1845 1232 1880 ejus,
1249 1848 1276 1872 et
1291 1848 1352 1879 post
1378 1844 1431 1871 hoc
1450 1845 1592 1871 trahentes
1608 1851 1670 1870 cum
1687 1844 1713 1871 in
1738 1843 1859 1878 plateam

1067 1891 1155 1918 urbis.
1167 1891 1369 1918 lnterfecerunt
1384 1894 1474 1917 autem
1489 1894 1517 1917 et
1533 1890 1634 1916 civium
1650 1889 1763 1919 multos,
1780 1892 1806 1916 et
1818 1889 1863 1915 in-

1067 1936 1219 1965 cenderunt
1235 1943 1293 1964 eos.
1317 1936 1423 1963 Phocas
1440 1943 1506 1963 vero
1527 1935 1592 1963 fecit
1614 1935 1743 1962 comitem
1760 1934 1862 1962 Orien—

1067 1984 1103 2012 tis
1116 1982 1391 2025 Bonosum.ctCotyn
1402 1982 1563 2017 magistrum
1575 1982 1704 2014 militum,
1722 1986 1749 2009 et
1764 1985 1858 2009 trans-

1066 2030 1144 2058 misit
1172 2037 1220 2057 eos
1242 2028 1377 2057 adversus
1393 2028 1465 2060 illos,
1484 2031 1511 2055 et
1526 2035 1582 2055 non
1603 2028 1749 2054 valuerunt
1764 2026 1862 2054 sedare

1067 2074 1288 2109 inquietudinem
1306 2080 1413 2101 eorum.
1426 2073 1628 2100 Coacervantes
1642 2080 1706 2100 vero
1722 2072 1861 2099 exercitus

1068 2119 1212 2147 irruerunt
1226 2119 1252 2145 in
1270 2118 1331 2145 illos
1348 2122 1375 2146 et
1396 2118 1532 2153 plurimos
1549 2117 1721 2149 occiderunt,
1737 2121 1764 2144 et
1774 2125 1862 2152 quos-

1069 2166 1131 2193 dam
1152 2172 1246 2192 eorum
1266 2164 1438 2192 detruncatis
1455 2163 1572 2190 artubus
1594 2164 1629 2190 ab
1645 2163 1710 2190 urbe
1730 2163 1863 2190 reddide-

1069 2215 1134 2238 runt
1145 2215 1279 2238 extorres.
1288 2208 1395 2236 Phocus
1407 2213 1497 2236 autem
1510 2208 1574 2235 fecit
1584 2207 1741 2236 Circensem
1754 2208 1862 2241 ludum.

1070 2262 1096 2285 et
1108 2256 1217 2284 Prasini
1233 2256 1368 2283 conviciis
1392 2263 1453 2283 eum
1481 2255 1619 2282 lacessere
1648 2263 1860 2289 prmsnmpserc.

1068 2304 1221 2331 clamantes
1235 2311 1242 2328 ε
1262 2301 1362 2329 lterum
1376 2301 1403 2328 in
1415 2301 1512 2336 gabata
1526 2300 1628 2332 bibisti,
1644 2301 1739 2327 iterum
1755 2308 1862 2328 sensum

1066 2348 1219 2384 perdidisti.
1237 2346 1271 2375 Et
1288 2348 1367 2383 jussu
1380 2346 1478 2374 Phoca‘.
1492 2347 1608 2374 Cosmas
1623 2346 1768 2382 pueri-ctus
1782 2347 1863 2374 urbis

1067 2394 1170 2422 multos
1194 2401 1228 2421 ex
1252 2393 1292 2421 eis
1319 2393 1507 2424 detruncavit,
1533 2393 1669 2427 quosdam
1701 2392 1862 2424 dccoilavit,

1068 2441 1217 2469 nonnullos
1242 2444 1332 2468 autem
1350 2440 1378 2466 in
1400 2446 1498 2467 saccos
1521 2439 1622 2467 missos
1648 2439 1717 2466 mari
1741 2439 1864 2466 necavit.

1069 2487 1156 2515 Porro
1167 2487 1276 2514 Prasini
1302 2487 1459 2514 coacervati
1485 2486 1619 2513 miserunt
1634 2485 1723 2519 ignem
1741 2485 1769 2511 in
1788 2493 1864 2519 pra:-

1071 2534 1183 2567 torium,
1200 2538 1227 2560 ct
1243 2533 1425 2560 incenderunt
1441 2532 1546 2559 curiam
1563 2535 1591 2558 et
1606 2531 1707 2558 scrinia
1725 2535 1751 2558 ct
1768 2538 1861 2557 carcer

1071 2587 1126 2611 res,
1142 2585 1174 2605 ex
1190 2578 1290 2613 quibus
1308 2577 1412 2613 egressi
1429 2577 1513 2604 vincti
1530 2576 1670 2612 fugerunt.
1689 2576 1757 2604 llinc
1774 2576 1864 2604 iratus

991 2634 1106 2662 ΝΟΤιΕ.

261 2707 317 2742 ειδ)
331 2705 383 2734 οη
401 2701 606 2742 ιιιαςὴωνω.“υι
619 2700 699 2728 Luca:
713 2706 768 2741 sxt,
784 2698 842 2742 2&1:
863 2695 1014 2742 ηεςοῠνται

225 2733 352 2778 arripi-ilva
375 2738 522 2778 μαχαίεεις.
551 2736 635 2778 Xetus
648 2736 763 2778 versiou:
782 2733 885 2774 Cadent
910 2733 937 2758 in
968 2739 1011 2778 ore

223 2768 317 2812 prodit.
332 2768 448 2812 Gregor.
549 2771 625 2800 Hist.
638 2779 660 2812 in
677 2780 684 2797 :
704 2768 779 2812 LNe
793 2768 1013 2812 upiversaAmul-

223 2803 314 2839 “tudo
333 2811 361 2838 in
380 2803 428 2837 ore
449 2808 531 2844 gladii
552 2811 655 2844 rueret.
674 2816 683 2832 ι
704 2805 736 2833 Et
759 2813 791 2839 II,
807 2804 822 2831 'l
846 2813 853 2830 :
879 2812 888 2829 ι
911 2803 941 2830 in
965 2810 1014 2830 ore

222 2847 307 2882 gladii
329 2842 542 2882 tiru_cidan‘tes._r
564 2842 648 2882 Esau.

271 2879 318 2915 ιδ)
328 2878 658 2915 8ηὸαά]κυω.(ὶρηρὶιὶυπι
667 2875 901 2915 Οιιιιιοεάρηςηξς,
913 2877 1012 2914 εειλιιξ

223 2909 273 2944 Διᾶ
295 2909 342 2943 tot}
367 2909 579 2949 καθῖυσιωμινου
601 2910 799 2949 μαγιστριανοῦ
819 2909 942 2946 Σιὸήρον
964 2909 1012 2936 τοῦ

1066 2696 1214 2730 γενομένου
1227 2694 1410 2730 σουὸαδιουρᾶ
1427 2693 1478 2728 τῆς
1490 2691 1600 2730 exciti};
1618 2691 1672 2730 τῷν
1682 2691 1865 2730 δαθωᾳιωμᾴ-

1069 2728 1124 2758 ὕων
1134 2728 1353 2766 ’μαγιστριανῶν.
1371 2728 1534 2766 Breviculus
1543 2728 1863 2766 historizejiutyclpaui-

1069 2762 1194 2794 starum':
1210 2775 1220 2791 ι
1235 2762 1452 2800 Supervenicnte
1468 2763 1572 2791 Uranio
1583 2762 1762 2798 subadjuva.»
1776 2762 1822 2790 Iu-

1104 2802 1161 2836 (47)
1178 2798 1312 2836 Inquieia.
1328 2798 1579 2836 Apuerpruterum.

1105 2831 1161 2872 (ιε)
1179 2831 1326 2864 Νᾰιυγαηι.
1349 2831 1492 2869 Apuleius.
1517 2834 1534 2861 l.
1551 2841 1611 2861 vu:
1635 2842 1644 2859 ι
1670 2831 1729 2872 Non
1754 2837 1862 2860 tantum

1066 2870 1209 2904 naturam,
1231 2879 1324 2899 verum
1347 2871 1430 2898 etiam
1453 2874 1535 2902 caput
1553 2876 1664 2904 quoque
1691 2870 1780 2904 ipsum
1796 2875 1862 2904 pes-

1068 2909 1139 2936 simo
1157 2908 1203 2935 isti
1216 2908 1293 2936 asino
1308 2907 1428 2935 demere.
1445 2915 1454 2931 ι
1471 2904 1554 2932 Fara.
