2035 3153
184 203 250 238 129T

571 209 754 240 HISTORIA
774 209 1063 240 ECCLESIASTICA
1077 209 1130 240 EX
1145 209 1387 241 THEOPHANE.

1739 211 1812 244 1298s

182 261 288 289 Phocas
312 269 365 289 non
390 263 500 291 militari
523 264 654 293 Prasinos
678 266 764 300 jubet.
782 266 866 294 Porro
884 265 968 294 Hera-
983 269 1005 296 Α
1021 267 1199 300 pervenisset,
1211 267 1322 294 divertit
1349 267 1383 293 ad
1398 271 1506 302 portum
1530 265 1657 302 Sophim;
1683 268 1810 304 iniwque

184 308 253 335 elius
265 311 364 342 praetor
376 309 484 342 Africae,
497 311 648 338 molestiam
661 313 817 347 perpetiens
831 321 845 340 a
859 317 967 346 senatu,

184 355 290 382 vocavit
308 355 391 383 filium
407 364 488 384 suum
508 356 662 384 Heraclium
681 364 776 385 contra
790 359 908 386 Phocam
927 366 968 396 ty-

185 407 301 428 rannum
317 401 460 434 mittendi;
480 411 574 430 verum
587 407 613 430 et
627 404 779 438 suhpraator
790 405 849 439 ejus
865 405 969 441 Grego-

185 453 230 474 ras
250 447 326 474 misit
355 456 403 483 per
428 449 531 475 aridam
555 449 675 477 Nicetam
703 450 786 478 lilium
805 459 898 484 suum,
915 457 971 480 sta-

185 495 292 520 tttentes
324 497 351 519 nt
367 494 522 529 quicunque
537 502 571 522 ex
584 495 626 523 his
640 497 803 532 prmvcniret
815 503 971 533 superaret-

185 545 239 572 que
257 542 414 573 tyrannum,
433 539 576 575 imperiutn
596 547 727 571 sumeret.
749 545 805 571 Hoc
821 553 886 572 vero
899 553 971 572 anno

143 599 150 605 -
186 585 274 612 hiems
288 587 409 614 enormis
423 587 556 621 efﬁcitur,
584 588 620 615 ita
647 594 675 616 ut
695 591 779 618 maris
799 592 926 620 mollities
944 593 971 620 in

186 631 282 665 glaciei
298 631 426 659 duritiem
445 637 606 661 verteretur.
637 633 713 663 Tunc
738 634 844 664 Phocas
869 637 972 665 Macro-

186 677 261 703 bium
279 678 433 705 scrihouetn
456 679 539 713 jussit
558 681 681 716 sagittari
712 683 783 717 apud
808 684 972 719 Septimum,

187 722 350 756 pendentem
367 723 393 750 in
406 723 511 758 lancea,
529 725 555 752 in
573 734 627 760 quo
645 727 747 754 tirones
763 728 972 761 exercebantur,

187 769 265 801 quasi
292 769 434 795 conscium
470 770 632 798 insidiarum
659 779 781 800 suarum.
812 773 973 803 Theodorus

188 814 260 840 euitn
278 815 423 849 praefectus
436 816 581 851 Cappadox
601 823 627 845 et
650 818 792 854 Helpidius
811 822 974 856 pra'positus

188 855 349 888 armamenti
363 867 390 889 et
402 863 446 889 alii
460 863 561 891 diversi
573 866 717 893 concilium
727 866 850 895 fecerunt
867 869 894 895 in
909 869 975 904 Ilip-

189 907 333 941 podromio
362 909 479 936 Phocam
512 911 664 944 occidendi,
697 917 724 940 et
758 913 829 942 facto
859 917 975 951 prandio

188 951 351 982 Theodorus
367 955 513 990 praefectus
538 959 693 992 prtctorium
719 960 802 995 ctepit
819 961 859 990 eis
885 967 976 991 texere

189 999 368 1029 intentionem
397 1010 484 1030 suam.
508 1003 628 1040 Contigit
655 1010 744 1033 autem
776 1007 832 1034 illic
857 1008 976 1037 inveniri

189 1045 365 1073 Anastasium
395 1048 522 1076 contitem
551 1049 739 1084 largitionum.
768 1050 887 1080 Prandio
912 1061 977 1090 ergo

190 1090 273 1124 facto,
293 1094 466 1122 ctenarratis
483 1095 524 1122 his
546 1104 606 1131 qua:
630 1096 792 1125 insidiarum
809 1104 896 1133 erant,
917 1109 976 1136 pte-

190 1136 273 1164 nituit
297 1139 476 1167 Anastasiuut
495 1141 549 1168 illic
571 1150 600 1169 se
616 1148 765 1177 repertum,
783 1149 811 1172 et
835 1154 888 1173 non
909 1147 978 1175 dixit

191 1191 251 1217 quae
276 1184 351 1211 cordi
367 1193 417 1212 suo
446 1186 569 1219 inerant,
596 1188 643 1215 sed
657 1189 742 1216 siluit.
758 1191 792 1217 At
806 1199 869 1218 vero
885 1192 978 1227 llclpi-

191 1228 254 1255 dius
270 1229 445 1263 perdurahat,
458 1231 553 1259 dicens
573 1242 579 1260 :
603 1232 665 1260 Non
687 1235 765 1262 vultis
779 1241 818 1268 ut,
831 1245 890 1264 ctun
904 1238 978 1265 sede-

192 1273 226 1299 rit
243 1273 270 1304 in
293 1274 359 1300 solio
376 1283 454 1309 super
476 1277 706 1311 IIippadrontittm,
723 1280 792 1306 [tunc
809 1283 978 1316 comprehcn-

192 1318 266 1350 dant,
285 1324 309 1346 et
322 1321 430 1347 evellam
446 1323 535 1349 oculos
550 1322 617 1357 ejus,
639 1329 662 1350 et
675 1325 712 1351 sic
727 1333 786 1351 eum
802 1326 981 1361 inter/icium?!

192 1363 227 1390 Et
244 1363 423 1399 pollicebatur
433 1367 472 1394 eis
483 1367 548 1394 dare
561 1375 667 1396 currus.
678 1369 718 1396 Re
727 1375 868 1405 propterea
882 1371 980 1400 ΡΙιοοω

195 1414 258 1437 uota
284 1418 316 1437 ex
345 1412 500 1445 proditione
515 1413 654 1440 Anastasii
681 1413 763 1446 facta,
779 1415 862 1449 jussit
881 1417 980 1451 praefe-

195 1461 268 1482 cttttn
289 1460 316 1482 ct
330 1456 481 1491 llclpidium
495 1465 527 1486 ac.
542 1459 685 1493 primores,
696 1461 741 1495 qui
755 1462 893 1490 scivcrant
912 1471 979 1496 rem,

195 1509 257 1528 cum
277 1503 350 1528 omni
366 1503 506 1537 diligentia
533 1505 642 1532 discuti.
662 1507 786 1540 Cumque
808 1507 981 1536 discuteren-

197 1550 252 1579 tttr,
281 1555 341 1581 quae
364 1548 524 1575 insidiarum
553 1549 662 1577 fuerant
680 1550 744 1578 fassi
768 1556 841 1583 sttnt,
859 1557 885 1580 et
909 1554 980 1588 quod

1021 313 1093 341 bello
1109 314 1194 341 vincit
1208 314 1296 349 gratia
1313 313 1416 342 Christi
1431 319 1588 350 tyrannum.
1600 313 1705 350 Vulgus
1716 321 1808 344 autem

1023 360 1094 386 httnc
1104 360 1335 394 comprehensum
1353 359 1549 388 interfecerunt
1560 365 1586 388 et
1601 361 1662 393 igne
1674 362 1746 397 apud
1761 361 1809 389 Boi

1021 411 1223 433 cremaverunt.
1251 407 1397 441 Ingressus
1429 415 1495 433 vero
1535 406 1677 435 ilm-aclius
1710 409 1813 443 regalia

1022 454 1172 476 coronatus
1194 454 1235 477 est
1253 457 1266 476 a
1288 450 1384 485 Sergio
1406 451 1561 486 patriarcha
1586 452 1612 478 itt
1637 453 1759 479 oratorio
1780 452 1810 481 S.

1024 496 1154 531 Stephani
1170 497 1195 523 in
1213 496 1312 530 palatio
1329 497 1392 524 sito.
1417 496 1553 524 Corouata
1570 504 1612 525 est
1634 506 1698 525 vero
1718 498 1810 526 eadem

1024 542 1066 569 die
1083 549 1184 576 sponsa
1198 550 1307 577 quoque
1323 543 1410 577 ipsius
1429 543 1548 570 Eudocia
1567 544 1593 570 ιιι
1609 545 1773 579 Augustam,
1787 549 1814 572 et

1024 587 1130 622 accepit
1147 592 1260 623 uterque
1271 597 1284 615 a
1300 588 1397 624 Sergio
1414 590 1570 624 patriarcha
1589 591 1747 625 nuptiarum
1767 599 1815 619 co-

1024 641 1118 667 ronas,
1139 638 1166 660 ct
1190 642 1246 661 uno
1274 634 1425 670 eodemque
1445 635 1489 662 die
1514 636 1596 663 simul
1616 636 1766 671 imperator
1788 642 1816 664 et

1025 687 1143 715 sponsus
1157 681 1322 709 ostenditur.
1340 681 1434 709 Iliense
1448 689 1514 709 vero
1531 681 1601 709 Maio
1615 687 1705 709 castra
1720 691 1815 711 move-

1026 732 1086 753 rnut
1107 724 1196 754 Persze
1219 731 1314 754 contra
1338 727 1456 762 Syriam,
1473 731 1499 754 et
1521 733 1652 762 ceperunt
1671 729 1814 764 Apamiam

1026 777 1052 800 et
1068 772 1210 805 Elessam,
1224 777 1251 799 et
1270 777 1404 800 venerunt
1424 781 1512 808 usque
1529 773 1716 801 Antiochiam.
1731 773 1816 802 Porro

1027 817 1142 844 Romani
1165 822 1343 845 occurrentes
1365 819 1405 846 eis
1428 818 1548 853 superati
1577 824 1658 852 sunt,
1685 824 1712 847 et
1737 819 1817 854 periit

1026 865 1116 891 omnis
1130 864 1246 899 populus
1266 863 1462 898 Rornanorum,
1477 865 1544 892 adeo
1562 871 1590 892 ut
1601 865 1679 892 valde
1691 865 1771 900 pauci
1783 873 1817 893 ex

1027 910 1067 937 cis
1084 910 1241 936 evaderent.

1064 955 1155 983 Mundi
1169 963 1240 983 anno
1254 955 1333 990 6105,
1349 956 1448 984 divinae
1459 957 1661 985 incarnationis
1673 957 1817 990 ann0603,

1028 1008 1099 1029 anno
1116 1010 1182 1030 vero
1208 1002 1316 1037 itnpcrii
1333 1003 1452 1030 Heraclii
1466 1003 1484 1029 2
1499 1009 1631 1038 ceperunt
1648 1004 1738 1032 Persa:
1758 1003 1819 1031 Ca:-

1030 1055 1136 1075 sareant
1150 1047 1340 1082 Cappadociae,
1358 1052 1385 1075 et
1397 1048 1514 1083 plurima
1528 1057 1560 1075 ex
1571 1056 1601 1076 ea
1614 1049 1719 1084 captiva
1734 1049 1821 1077 duxe-

1029 1098 1092 1120 runt
1104 1093 1198 1120 millia.
1216 1093 1359 1121 ileraclius
1372 1098 1462 1122 autern
1479 1094 1628 1130 imperator
1648 1095 1751 1122 invenit
1763 1095 1820 1123 dis-

1029 1140 1119 1166 soluta
1145 1140 1184 1166 rei
1216 1141 1333 1174 publica}
1363 1141 1482 1175 negotia.
1518 1140 1652 1174 siquidem
1683 1139 1819 1175 Europam

1029 1186 1134 1213 Avares
1163 1186 1308 1213 reddidere
1333 1186 1483 1219 desertam,
1515 1185 1608 1214 Asiam
1636 1193 1701 1213 vero
1729 1186 1820 1215 Persa

1030 1235 1114 1258 totam
1130 1231 1384 1258 exterminavcrunt
1400 1235 1425 1259 et
1441 1232 1567 1258 civitates
1583 1232 1779 1259 dcsolaverttnt
1793 1236 1822 1259 et

1030 1276 1183 1304 Romanum
1202 1278 1227 1304 in
1247 1277 1326 1304 hellis
1347 1279 1499 1305 exercitum
1528 1278 1735 1306 interemerunt.
1754 1278 1821 1312 Qui.

1032 1322 1083 1350 bus
1093 1323 1159 1350 visis
1173 1323 1298 1350 haesitare
1313 1324 1396 1358 coepit
1407 1324 1473 1359 quid
1485 1330 1577 1358 ageret
1590 1333 1597 1351 :
1610 1328 1738 1352 scrutans
1748 1325 1820 1352 enim

1034 1368 1183 1400 exercitus,
1207 1368 1229 1395 si
1247 1369 1315 1394 forte
1339 1368 1407 1395 salvi
1422 1368 1599 1400 exsisterent,
1625 1368 1696 1395 duos
1715 1372 1821 1395 tantum

1031 1413 1136 1441 invcnit
1167 1422 1198 1441 ex
1221 1414 1349 1441 omnibus
1376 1414 1420 1441 his
1446 1414 1490 1448 qui
1519 1421 1581 1440 cum
1612 1414 1703 1441 Phoca
1725 1417 1823 1441 contra

1033 1460 1192 1487 Mauricium
1221 1459 1248 1486 in
1279 1459 1423 1495 tyrannide
1441 1459 1606 1487 militarunt.
1633 1459 1732 1486 Eodem
1750 1467 1824 1488 anno

1033 1510 1114 1532 natus
1131 1509 1172 1531 cst
1194 1504 1350 1538 imperatori
1378 1503 1448 1530 ﬁlius
1465 1503 1498 1531 de
1525 1503 1657 1535 Eunlocia,
1679 1503 1822 1531 llcraclius

1035 1552 1135 1583 minor,
1151 1551 1196 1585 qui
1215 1554 1242 1577 et
1267 1558 1355 1577 novus
1372 1549 1569 1577 Constantinus
1597 1550 1749 1584 appellatus
1769 1554 1821 1577 est.

196 1590 370 1620 Theodorum
390 1595 523 1621 voluerint
538 1596 627 1623 facere
637 1597 798 1632 principem.
814 1597 898 1626 Porro
911 1599 983 1627 Plto-
998 1610 1019 1638 ε
1037 1595 1070 1623 El
1096 1599 1203 1623 mortua
1221 1599 1263 1623 εει
1286 1595 1409 1630 Ausus“!
1426 1595 1521 1623 eadem
1545 1595 1650 1622 (Ῑοθῖιυθ
1667 1596 1761 1630 quinta
1782 1596 1824 1622 ίιὶ·

196 1645 244 1665 cas
256 1639 338 1673 jussit
351 1640 477 1668 decollari
489 1640 674 1674 Theodorum,
687 1643 852 1677 Helpidium,
865 1646 982 1674 Anasta-

198 1684 268 1711 sium
285 1689 311 1712 et
325 1694 430 1719 omnes,
450 1687 495 1721 qui
514 1687 629 1714 insidias
645 1696 710 1716 suas
721 1697 918 1724 cognoverant.

234 1730 327 1758 Mundi
346 1740 417 1759 anno
449 1732 529 1765 6102,
562 1734 661 1761 divium
688 1734 886 1763 incarnationis
911 1745 983 1765 anno

198 1777 258 1809 603,
277 1786 349 1805 anno
365 1786 429 1806 vero
446 1780 550 1813 imperii
570 1781 611 1807 sui
634 1781 720 1814 primo
745 1782 819 1808 venit
842 1782 984 1812 lleraclius

199 1823 233 1850 ab
247 1823 338 1851 Africa
351 1832 411 1851 cum
430 1825 546 1852 navibus
561 1826 722 1860 castellatis,
735 1827 901 1856 habentibus
914 1829 985 1857 intra

200 1877 230 1897 se
246 1871 354 1897 arculas
372 1875 398 1898 et
415 1870 547 1906 imagines
564 1872 610 1900 Dei
632 1872 737 1905 Matris,
756 1875 985 1908 quemadmodum

199 1913 304 1943 Pisidas
328 1924 436 1951 quoque
458 1916 591 1952 Georgius
609 1918 744 1952 perhibet,
761 1919 864 1947 ducens
881 1921 986 1948 exerci-

200 1965 257 1988 ttttn
271 1963 412 1997 eopiosum
430 1963 464 1990 ab
477 1964 567 1991 Africa
580 1969 606 1991 et
620 1964 793 1993 Mauritania.
814 1966 946 1994 Similiter
960 1973 987 1995 et

200 2006 304 2039 Niceta,
323 2008 395 2035 {ilius
414 2009 541 2044 Gregora:
559 2010 678 2044 patricii,
693 2019 740 2045 per
752 2011 947 2039 Alexandriam
961 2017 988 2040 et

200 2051 382 2088 Pentapolim,
399 2054 502 2081 habens
517 2062 609 2082 secum
629 2057 759 2090 populum
776 2057 890 2084 multum
907 2058 989 2092 pede-

199 2103 294 2125 strem.
315 2099 534 2133 Dcsponsarerat
557 2105 646 2127 autem
674 2100 816 2129 Heraclius
840 2102 988 2130 Eudociam

200 2145 284 2173 tiliam
301 2145 398 2179 Rogati
414 2146 483 2180 Afri,
501 2154 561 2181 qua:
582 2147 628 2175 illo
654 2154 777 2184 tempore
794 2150 990 2179 Constantino-

199 2191 255 2226 poli
273 2195 331 2218 erat
346 2199 398 2218 una
414 2200 476 2219 cttm
495 2192 646 2228 Epiphania
673 2193 792 2222 Ileraclii
820 2200 917 2224 matre.
932 2197 989 2225 Au-

201 2239 280 2266 dit-us
295 2242 385 2265 autent
403 2239 509 2266 Phocas
529 2240 601 2274 quod
626 2246 713 2268 mater
729 2240 845 2270 Heraclii
866 2247 939 2271 esset
961 2245 988 2272 in

1035 1642 1166 1670 dictione.

1070 1687 1164 1714 Tertio
1188 1687 1293 1721 imperii
1320 1686 1439 1713 Heraclii
1466 1693 1538 1713 anno
1553 1690 1684 1713 coronata
1700 1690 1742 1713 est
1762 1684 1826 1720 Epi-

1034 1733 1135 1768 phania
1157 1733 1210 1759 tilia
1226 1732 1344 1759 lieraclii
1371 1740 1385 1758 a
1410 1731 1506 1766 Sergio
1521 1732 1679 1766 patriarcha
1693 1731 1719 1758 in
1734 1730 1826 1766 Augu-

1035 1783 1115 1810 stam,
1141 1778 1166 1804 in
1182 1778 1304 1804 oratorio
1320 1777 1425 1812 palatii.
1443 1777 1544 1804 Eadem
1562 1784 1627 1804 vero
1646 1777 1733 1811 prima
1754 1776 1826 1803 indi-

1036 1824 1126 1851 ctione
1141 1829 1291 1851 coronattts
1306 1827 1347 1850 cst
1367 1822 1510 1851 lleraclius
1531 1823 1637 1857 junior,
1653 1823 1724 1850 [ilius
1742 1822 1827 1850 Hera-

1036 1869 1092 1902 elii,
1109 1869 1156 1905 qui
1182 1873 1209 1897 et
1236 1869 1444 1902 Constantinus,
1471 1877 1486 1896 a
1510 1870 1640 1904 praedicto
1659 1869 1824 1904 patriarcha.

1038 1914 1140 1942 Eodem
1156 1923 1228 1942 anno
1251 1915 1382 1942 Saraceni
1401 1915 1489 1942 aciem
1513 1919 1609 1942 contra
1634 1915 1739 1950 Syriam
1755 1915 1828 1943 dire-

1038 1964 1147 1994 xerunt,
1177 1966 1204 1989 et
1235 1960 1427 1990 exterminatis
1459 1961 1601 1989 nonnullis
1625 1961 1694 1989 vicis
1723 1961 1828 1989 reversi

1038 2011 1112 2034 sunt.

1078 2053 1157 2081 Anno
1183 2052 1290 2088 imperii
1323 2052 1442 2081 lleraclii
1465 2057 1564 2087 quarto
1587 2057 1719 2088 ceperunt
1739 2054 1829 2082 Persa

1040 2100 1216 2130 Damascum,
1233 2103 1259 2126 et
1277 2100 1415 2134 captivum
1440 2099 1579 2126 duxerunt
1604 2099 1733 2133 populum
1757 2099 1829 2126 mul-

1041 2150 1110 2173 tum.
1130 2145 1273 2173 lleraclius
1297 2150 1388 2172 autem
1410 2145 1559 2180 imperator
1580 2145 1678 2180 legatis
1691 2145 1723 2172 ad
1741 2145 1829 2174 Chas-

1041 2200 1107 2220 roen
1119 2191 1211 2220 missis
1224 2192 1328 2228 rogavit
1351 2199 1414 2219 eum
1429 2196 1458 2219 ut
1475 2196 1599 2226 parceret
1611 2192 1752 2219 hominum
1766 2200 1831 2220 san-

1043 2237 1431 2274 guinemtimmisericorditer
1463 2237 1618 2264 cﬂ'undendi
1645 2241 1671 2264 ct
1700 2237 1832 2266 difﬁniret

201 2286 322 2318 civitate,
336 2294 442 2314 necnon
455 2292 482 2315 et
493 2287 622 2321 Eudocia,
633 2297 694 2324 qua:
705 2290 756 2317 sibi
771 2291 989 2328 fueratdespon-

1045 2285 1156 2312 tributa.
1173 2284 1224 2316 Qui
1249 2283 1354 2318 legatos
1376 2282 1534 2310 inefficaces
1554 2282 1670 2315 dimisit,
1698 2283 1772 2310 nulla
1790 2283 1832 2313 eis

202 2337 271 2363 sata,
297 2333 385 2359 tenttit
409 2340 455 2359 cas
473 2337 500 2360 ct
523 2327 680 2361 observavit
695 2335 720 2361 in
737 2334 880 2364 Dominico
898 2327 990 2365 mona-

203 2379 298 2411 Sterio,
315 2378 387 2413 quod
403 2379 614 2413 cognominatur
629 2388 706 2407 nova:
724 2381 903 2409 l’mnitentiae.
922 2383 989 2410 Cum

203 2429 292 2452 autem
310 2424 423 2451 adiisset
436 2424 577 2451 lleraclius
594 2425 728 2459 Abydum,
746 2426 848 2453 invenit
864 2427 991 2455 Theodo-

203 2478 263 2497 rum
288 2470 414 2497 comitem
436 2470 534 2505 Abydi,
551 2474 579 2497 ct
604 2471 762 2498 sciscitatus
788 2472 883 2500 didicit
909 2475 943 2501 ab
958 2482 991 2502 eo
1012 2480 1016 2483 ‘

204 2523 265 2552 qum
280 2515 516 2550 Constantinopoli
540 2516 732 2544 movebantur.
752 2517 786 2544 At
802 2526 866 2545 vero
884 2518 991 2547 Phocas

183 2563 281 2597 :ntisit
302 2563 413 2590 fratrem
440 2570 520 2590 suttnt
546 2561 746 2590 Domcntiolutu
766 2564 927 2598 magistrum
958 2564 991 2592 ad

204 2601 409 2637 custodiendos
427 2616 520 2636 muros
541 2609 648 2644 longos.
666 2609 789 2644 Cumque
811 2611 992 2645 comperisset

204 2654 361 2682 Heraclitum
393 2653 518 2690 Abydum
544 2654 653 2686 adiisse,
671 2655 756 2681 muris
778 2654 901 2682 dimissis
924 2655 994 2690 fugit

183 2729 189 2734 ,
205 2700 485 2735 Constantinopolim.
503 2700 590 2727 Porro
606 2699 749 2728 Heraclius
772 2700 844 2735 apud
866 2701 992 2736 Abydum

179 2738 182 2740 ’
207 2747 311 2782 recepit
330 2754 425 2775 omnes
439 2747 548 2774 exsules
562 2747 712 2782 principes,
724 2746 905 2781 quosibidem
925 2746 995 2775 Pho-

207 2801 254 2822 cas
271 2794 368 2822 exsilio
386 2794 565 2828 relegaverat,
583 2797 610 2821 et
624 2793 749 2821 ascendit
763 2801 825 2820 curn
841 2793 882 2820 eis
898 2793 925 2821 in
943 2793 996 2821 He-

206 2840 332 2868 racliam.
354 2838 509 2874 Stephanus
524 2843 614 2866 autem
632 2838 722 2873 Cyzici
739 2837 928 2872 metropolites
950 2834 996 2865 ac-

207 2891 316 2922 ceptum
344 2887 458 2913 stemma
471 2885 505 2912 ab
529 2884 643 2912 ecelesia
665 2888 767 2912 sancte
783 2883 836 2912 Dei
849 2882 996 2912 Genitricis

207 2931 333 2961 Heraclio
355 2931 459 2960 detulit.
478 2930 622 2966 Propterea
650 2938 710 2958 cum
732 2930 996 2965 Constantinopolim

1042 2331 1148 2358 reddita
1171 2329 1288 2359 ratione,
1311 2335 1425 2362 sperans
1438 2327 1671 2362 comprehendere
1689 2326 1830 2356 Romano-

1043 2384 1102 2403 r-um
1134 2375 1221 2402 modis
1236 2373 1364 2401 omnibus
1395 2373 1592 2408 principatum.
1625 2372 1712 2400 Porro
1745 2372 1831 2402 Hera-

1042 2421 1112 2448 clius
1137 2419 1232 2447 eodem
1250 2426 1322 2446 anno
1343 2419 1421 2446 dttxit
1438 2419 1543 2446 inceste
1560 2418 1705 2446 Martinam
1721 2424 1830 2455 neptem

1042 2474 1119 2494 suam
1135 2473 1257 2497 uxorem,
1272 2468 1298 2492 et
1318 2466 1505 2500 pronuntiavit
1521 2472 1581 2493 eatn
1600 2465 1763 2500 Augustam,
1783 2473 1831 2493 cov

1043 2515 1167 2539 ronatam
1184 2518 1197 2538 a
1215 2510 1310 2546 Sergio
1329 2511 1497 2545 patriarcha.

1079 2558 1157 2585 Anno
1185 2557 1291 2592 imperii
1317 2557 1434 2584 ﬂeraciii
1463 2556 1558 2592 quinto
1584 2560 1715 2592 ceperunt
1742 2556 1832 2584 Persa)

1044 2603 1191 2632 Iordanem
1211 2604 1291 2635 bellof
1303 2608 1330 2632 et
1354 2603 1529 2631 Palaestinam
1547 2607 1573 2630 et
1590 2607 1712 2630 sanctam
1734 2603 1832 2630 civita-

1044 2656 1109 2684 tem,
1125 2653 1152 2677 et
1169 2649 1270 2677 multos
1289 2650 1315 2676 in
1334 2656 1366 2676 ea
1384 2656 1433 2684 per
1454 2647 1611 2675 Judreorum
1629 2655 1726 2675 manus
1748 2648 1833 2675 inter—

1045 2696 1178 2729 fecerunt,
1204 2695 1231 2723 id
1257 2700 1309 2727 est,
1325 2699 1356 2721 ttt
1380 2694 1491 2729 qttidam
1510 2693 1597 2724 aiunt,
1615 2693 1700 2721 millia
1721 2693 1766 2721 90.
1784 2693 1831 2721 isti

1045 2742 1121 2770 enim
1133 2744 1256 2769 ementes
1273 2740 1456 2771 Christianos,
1474 2744 1552 2774 prout
1568 2739 1758 2774 unusquisque
1771 2747 1834 2773 pre-

1046 2788 1122 2816 tium—
1134 2787 1236 2815 habere
1257 2791 1377 2823 poterat,
1400 2785 1563 2814 occidebant
1590 2792 1649 2813 eos.
1673 2784 1833 2813 Zachariam

1048 2844 1114 2864 vero
1130 2834 1407 2871 Hierosolymitanum
1434 2833 1578 2868 praesulem
1605 2834 1834 2867 comprehensum

1048 2887 1075 2912 et
1090 2883 1210 2919 pretiosa
1238 2887 1265 2910 et
1291 2881 1397 2909 viviﬁca
1426 2880 1498 2915 ligna
1514 2887 1576 2907 cum
1595 2880 1680 2907 multa
1695 2880 1785 2916 praeda
1806 2879 1835 2906 in

1049 2928 1189 2957 Persidem
1206 2927 1389 2956 abduxerunt.
1415 2924 1516 2953 Eodem
1533 2933 1605 2953 antto
1623 2929 1703 2953 natos
1726 2929 1767 2954 cst
1783 2924 1835 2952 im-
