2035 3153
234 212 304 249 1299

781 218 982 250 ANASTASII
1001 219 1315 252 BIBLIOTHECARII

1800 216 1871 249 1300

232 274 350 308 pt-ratori
369 274 567 310 Constantinus
593 275 674 308 allus,
699 281 726 303 ct
755 275 909 311 baptizatus
930 279 972 304 est
990 276 1017 303 in
1035 277 1171 306 Acontra
1198 278 1353 306 Persidem.
1379 279 1503 314 Sumptis
1519 283 1609 306 autem
1635 281 1731 304 mutuo
1758 283 1875 303 venera-

232 318 391 346 Blachernis
407 326 420 346 a
440 319 535 354 Sergio
549 321 717 355 patriarcha.

265 365 345 392 Anno
374 365 480 400 imperii
511 364 628 393 lleraclii
656 371 733 394 sexto
762 372 894 402 ceperunt
932 367 1021 394 Persa:

230 414 315 437 totam
332 410 479 446 Egyptum
496 416 523 438 ct
538 412 731 440 Alexandriam
750 418 777 441 et
802 413 913 449 Libyam
933 421 1021 449 usque

229 458 263 483 ad
278 455 459 492 Ethiopiam,
477 458 615 493 multaque
633 459 722 494 praeda
741 464 848 494 sumpta
866 465 893 487 et
914 459 1021 487 exuviis

230 503 441 538 quamplurimis
467 509 493 531 et
512 506 636 541 pecuniis
661 506 695 533 ad
723 506 832 541 propria
853 509 1019 534 remearunt.

230 549 421 584 Carthaginem
443 555 532 577 autem
552 558 650 586 capere
665 552 777 580 mininte
800 551 955 586 valuerunt,
974 552 1021 580 sed

229 592 356 622 custodia
380 596 494 623 dimissa
509 596 653 624 obsidendi
676 605 736 625 eam
755 603 937 625 recesserunt.

264 641 461 676 Annoimperii
476 641 592 670 Hcraclii
609 643 728 679 septimo
743 648 834 671 castra
848 643 942 671 metati
956 647 1019 671 sunt

229 685 321 717 Persae
344 695 441 718 contra
462 690 667 726 Carthaginem,
695 699 777 727 quam
806 695 833 719 et
850 692 920 719 bello
941 699 1021 726 cepe-

231 740 304 763 runt.
325 735 427 764 Eodem
450 744 522 765 anno
540 737 637 764 consul
655 737 745 765 factus
764 742 806 765 est
823 737 1021 766 Constantinus

228 781 332 819 j'uttior,
348 782 393 817 qui
418 787 444 810 et
473 782 626 816 Heraclius,
641 787 669 810 et
683 782 799 810 Heraclii
812 783 893 815 ﬁlius,
915 787 941 810 et
957 791 1021 818 pro-

229 827 303 855 vexit
318 828 344 855 in
370 827 503 856 Cmsarem
529 828 740 856 Constantinum
760 829 892 856 minorem
908 827 1022 856 fratrem

229 882 323 906 suum,
341 883 373 902 ex
394 874 520 903 Heraclio
536 874 657 910 genitum
675 881 701 903 et
717 876 843 903 hlartina.

266 919 347 946 Anno
365 920 470 955 imperii
487 921 528 948 sui
545 925 643 948 octavo
660 929 758 949 rursus
779 921 921 949 lleraclius
948 923 1022 950 misit

230 965 258 992 in
273 963 413 992 Persidem
430 965 534 1000 legatos
547 966 580 993 ad
594 965 747 998 Chosroen,
761 967 904 1002 postulans
916 975 1023 1002 pacem.
1040 958 1063 987 Β

230 1006 279 1038 Ast
294 1009 431 1038 Cltosroes
447 1011 546 1038 iterum
565 1018 613 1038 eos
633 1011 746 1046 sprevit,
766 1019 947 1041 asseverans:
965 1012 1027 1040 Non

231 1065 342 1091 parcam
367 1056 450 1089 vobis,
478 1056 558 1084 donec
589 1052 749 1090 urticiﬁxum
777 1059 923 1094 abttegett‘s,
952 1067 1028 1094 quem

233 1103 316 1130 Deum
339 1111 395 1131 esse
417 1103 547 1138 fatemini,
572 1107 597 1130 et
622 1103 739 1131 adoretis
760 1104 853 1131 solent.

268 1149 348 1177 Anno
380 1149 487 1184 imperii
514 1148 633 1176 lleraclii
661 1157 735 1177 nono
763 1150 848 1177 aciem
869 1150 1029 1178 direxerunt

233 1196 336 1223 Avares
351 1200 445 1223 centra
456 1195 603 1228 Thracem,
620 1200 646 1223 et
668 1196 761 1223 missis
774 1195 916 1224 Heraclius
933 1197 1028 1232 legatis

233 1241 265 1268 ad
289 1248 336 1269 eos
357 1241 488 1276 poscebat
518 1248 623 1276 pacem.
648 1240 773 1276 Cumque
792 1241 933 1277 chaganus
959 1243 1029 1270 hanc

234 1286 324 1314 facere
347 1285 551 1321 spopondisset,
566 1287 633 1313 exiit
651 1286 800 1322 imperator
824 1286 898 1315 foras
921 1295 1028 1315 murum

236 1333 346 1368 longum
370 1340 432 1359 cum
460 1333 535 1359 omni
558 1332 691 1368 obsequio
713 1333 788 1368 regio
810 1341 841 1361 ac
869 1333 1029 1362 muneribus

233 1380 327 1407 multis
357 1383 384 1406 et
419 1380 527 1415 magnis
556 1380 590 1406 ad
620 1380 825 1415 suscipiendutn
853 1380 1028 1416 chaganum,

234 1430 395 1461 recepturus
411 1425 444 1452 ab
456 1434 488 1452 eo
505 1425 663 1460 juramenta
679 1426 797 1454 faciendi
813 1427 930 1455 invicem
947 1435 1029 1462 spon-

234 1471 328 1498 siones
351 1471 491 1506 paciﬁcas.
509 1472 543 1498 At
566 1480 634 1500 vero
647 1472 783 1500 barbarus
800 1473 845 1501 ille
867 1477 922 1500 tam
943 1481 1028 1509 spon<

234 1516 359 1544 sionibus
380 1525 462 1551 qttatn
489 1525 550 1552 quae
575 1517 667 1553 jurata
685 1518 793 1546 fuerant
810 1519 920 1553 spretis,
937 1520 1029 1548 subito

235 1558 378 1598 tyrannice
395 1567 490 1589 contra
507 1563 700 1598 imperatorem
729 1565 869 1600 profectus
891 1571 943 1594 est.
964 1566 1030 1594 Stu-

234 1608 359 1644 pefactus
383 1616 449 1643 ergo
467 1609 618 1644 imperator
640 1618 722 1644 super
737 1611 884 1646 insperatae
908 1613 946 1639 rei
972 1620 1064 1659 mo-c

235 1654 339 1690 limine,
372 1654 434 1690 fuga
469 1655 562 1689 lapsus
594 1655 621 1682 itt
654 1655 792 1683 civitatem
823 1665 948 1684 reversus
976 1662 1027 1685 ρει.

234 1700 372 1729 Barbarus
391 1705 482 1728 autem
501 1701 575 1729 omni
597 1702 673 1736 regio
693 1707 828 1738 apparatu
849 1704 976 1739 adempto
1000 1708 1028 1731 et

234 1746 408 1781 supellectili,
440 1750 468 1773 ot
510 1750 646 1782 quotquot
673 1755 705 1775 ex
738 1748 897 1776 hominibus
927 1756 1025 1784 capere

232 1791 332 1828 potuit,
359 1792 493 1820 subvertit
527 1793 605 1821 villas
641 1794 754 1826 multas,
786 1794 956 1830 depopulans
995 1803 1027 1823 ex

233 1839 382 1874 improviso
400 1846 448 1873 spe
467 1839 544 1873 pacis
561 1839 702 1873 deceptos.

233 1917 238 1920 .
267 1884 364 1912 Mundi
393 1891 465 1911 anno
488 1884 569 1915 6111,
594 1884 693 1912 divina:
727 1885 929 1914 incarnationis
956 1894 1028 1913 anno

232 1929 295 1963 6H,
322 1937 395 1957 anno
416 1937 480 1957 vero
507 1930 614 1964 imperii
634 1929 752 1958 Heraclii
771 1931 877 1959 decimo
895 1931 1028 1967 Georgius

235 1976 426 2003 AntiOchenus
441 1975 558 2002 habetur
577 1976 704 2004 antistes.
728 1976 871 2004 lleraclius
888 1982 977 2005 autetn
993 1977 1026 2005 ad

233 2021 385 2056 chaganum
413 2023 533 2048 Avarum
558 2020 655 2056 legatis
680 2021 772 2050 missis
799 2022 925 2056 queritur
947 2029 1028 2057 super

232 2065 277 2103 bis
298 2074 359 2100 qua:
379 2065 506 2100 nequiter
526 2069 587 2092 acta
611 2064 720 2092 fuerant
736 2066 770 2094 ab
784 2073 828 2098 eo,
845 2071 872 2094 et
883 2066 916 2093 ad
932 2074 1026 2101 pacem

234 2113 373 2139 hortatur.
390 2111 473 2138 Acies
491 2111 591 2146 quippe
611 2111 759 2145 disponens
775 2116 871 2139 contra
887 2111 1025 2141 Persidem

233 2156 391 2190 dirigendas
410 2156 511 2190 pacisci
531 2163 593 2182 cum
611 2157 735 2191 chagano
761 2157 878 2186 volebat.
903 2157 955 2191 Qui
985 2166 1027 2186 re-

235 2202 337 2228 veritus
353 2200 528 2228 dilectionem
549 2200 725 2236 imperatoris
741 2210 771 2230 se
788 2203 952 2238 paenituisse
968 2204 1026 2242 pol-

233 2246 369 2274 licebatur
384 2252 411 2275 et
423 2254 517 2282 pacem
531 2246 621 2274 facere
632 2248 806 2282 repromisit;
823 2253 1026 2284 pangentesque

234 2293 339 2323 fwdcra
365 2295 445 2329 legati
472 2295 498 2321 in
522 2301 590 2329 pace
615 2295 718 2322 reversi
737 2299 811 2325 sunt.
833 2294 933 2323 Eodem
950 2300 1063 2330 annoD

234 2345 365 2377 ceperunt
380 2340 470 2368 Persae
487 2339 622 2376 Ancyram
641 2339 754 2368 Galatiae
770 2341 851 2370 bello.

269 2387 349 2415 Anno
365 2385 471 2422 imperii
491 2385 608 2414 Heraclii
624 2386 652 2414 11
668 2387 767 2414 durutn
780 2387 918 2416 Chosroes
929 2389 1024 2424 jugum

233 2440 314 2460 suum
344 2439 427 2467 super
449 2439 546 2459 omnes
578 2431 704 2459 homines
732 2432 797 2460 fecit
831 2433 858 2460 in
892 2433 1027 2462 ellusione

233 2479 378 2511 sanguinis
391 2482 419 2505 et
433 2479 540 2506 ratione
558 2478 654 2506 tributi
666 2487 673 2505 :
685 2479 775 2507 elatus
789 2480 862 2507 enim
882 2480 1023 2515 triumpho

233 2525 391 2552 nullatenus
405 2524 475 2552 ultra
491 2525 519 2552 in
542 2525 700 2552 constantia
722 2533 785 2553 esse
805 2530 924 2560 poterat.
949 2526 1027 2555 Tuttc

234 2570 375 2598 lleraclius
408 2571 468 2598 zelo
489 2569 534 2598 Dei
565 2575 706 2606 suscepto,
741 2574 768 2599 et
797 2579 858 2599 cum
891 2571 1027 2600 Avaribus

229 2624 312 2653 pace,
345 2620 375 2644 ut
405 2617 531 2652 putabat,
558 2621 711 2650 contracta,
742 2616 884 2645 transtulit
912 2618 1026 2646 militias

235 2661 353 2696 Europre
377 2661 404 2688 in
432 2661 537 2692 Asiam.
555 2665 582 2689 et
611 2657 750 2696 cogitabat
772 2662 818 2690 Dei
834 2663 1027 2698 cooperatiotte

233 2713 329 2734 contra
353 2705 494 2735 Persidem
520 2714 678 2743 properare.

269 2751 350 2779 Auno
370 2752 476 2787 imperii
497 2753 540 2779 sui
560 2752 601 2784 12,
626 2760 719 2780 mense
743 2750 897 2788 Aprili,die
910 2753 937 2786 Δ.
954 2754 1024 2782 indi-

236 2797 327 2825 ctione
343 2797 386 2831 10,
405 2799 554 2833 imperator
577 2799 721 2827 Horaclius
742 2799 879 2827 celebrata
895 2790 1024 2827 solemni-

234 2846 291 2871 tate
307 2844 439 2879 paschali,
453 2853 517 2873 mox
534 2845 656 2872 secunda
673 2844 742 2873 feria
759 2846 864 2882 vesperi
880 2851 971 2874 motus
981 2851 1024 2874 est

1075 324 1175 352 bilium
1205 323 1351 352 domorutn
1374 324 1500 360 pecuniis
1527 323 1621 358 aporia
1646 322 1704 358 (49)
1722 325 1876 352 coartatus.

1075 371 1182 406 accepit
1213 371 1295 398 etiatn
1325 370 1450 398 ecclesiae
1477 370 1582 406 Magne
1614 369 1712 396 ntultas
1746 366 1877 395 candelas

1076 417 1206 450 ferentia,
1224 418 1305 445 simul
1331 423 1359 445 et
1384 418 1436 444 alia
1454 425 1519 444 vasa
1537 415 1747 443 ministraloria.
1767 412 1875 446 Quibus

1075 464 1201 492 conﬂatis
1230 465 1337 492 exarari
1359 463 1427 490 fecit
1447 472 1481 491 ex
1500 463 1543 490 Itis
1563 468 1692 489 nummos
1719 467 1819 487 attreos
1844 463 1873 486 et

1076 513 1221 544 argenteos
1250 509 1395 544 plurimos,
1423 508 1583 543 dimisitque
1603 506 1688 534 ﬁliutn
1709 512 1789 533 suum
1809 511 1873 531 Cum

1075 556 1168 591 Sergio
1186 556 1342 590 patriarcha
1364 556 1392 583 in
1409 555 1477 582 urbe
1499 553 1661 588 disponendi
1687 551 1796 587 negotia
1820 558 1875 577 una
1907 581 1914 587 .

1076 610 1138 630 cum
1167 601 1277 630 Bonoso
1299 601 1429 637 patricio,
1451 601 1510 629 viro
1534 600 1626 636 sagaci
1652 603 1679 626 et
1701 606 1750 634 per
1776 601 1874 623 cuncta

1076 648 1204 683 prudenti
1223 653 1306 684 atqtte
1329 648 1430 684 perito.
1456 647 1573 681 Scripsit
1601 650 1692 673 autetn
1717 645 1750 671 ad
1769 643 1870 677 chaga-

1077 691 1141 721 num
1160 694 1279 722 Avarum
1297 702 1393 729 preces
1405 701 1499 721 curam
1519 692 1616 728 agendi
1637 698 1720 725 super
1736 689 1874 716 Romano-

1077 748 1138 774 rum
1157 740 1285 775 negotiis,
1301 744 1432 774 tanqu-nn
1453 738 1500 774 qui
1517 745 1611 765 secum
1627 736 1777 763 amicitiam
1794 733 1878 761 fuerit

1077 791 1186 820 pactus,
1213 790 1332 813 tutorem
1360 786 1408 813 lilii
1431 785 1474 813 sui
1503 785 1578 812 hunc
1607 783 1757 818 appellans.
1786 780 1878 807 Motus

1077 836 1168 859 atttetn
1192 840 1207 859 a
1226 833 1301 867 regia
1319 832 1387 859 urbe
1407 831 1491 858 exivit
1506 837 1592 864 super
1606 829 1696 856 locmn
1714 827 1761 862 qui
1775 825 1879 852 dicitur

1076 876 1176 909 Portaz,
1204 877 1313 912 navigio
1332 878 1383 905 iter
1399 884 1493 911 agens.
1516 875 1598 903 lllinc
1612 881 1679 901 vero
1697 880 1743 907 per
1760 874 1878 898 caeteras

1078 924 1205 959 regiones
1227 924 1279 951 sibi
1301 923 1441 958 subiectas
1464 922 1606 957 profectus
1621 919 1704 955 elegit
1726 917 1877 947 exercitus.

1080 975 1106 997 et
1122 969 1226 996 addidit
1242 969 1298 997 illis
1313 977 1411 996 novam
1425 967 1562 995 militiam.
1579 966 1634 993 llos
1646 970 1736 991 autem
1747 968 1879 990 exercere

1081 1023 1161 1042 orsus
1189 1015 1217 1042 in
1236 1014 1382 1042 hostilibus
1412 1012 1543 1048 operibus
1569 1010 1710 1039 erudivit:
1730 1007 1879 1043 dupliciter

1080 1061 1152 1089 enim
1180 1060 1268 1088 diviso
1287 1060 1411 1087 exercitu
1438 1059 1512 1086 acies
1536 1062 1562 1085 et
1578 1055 1791 1091 congressiones
1805 1052 1877 1079 iuri-

1080 1115 1139 1135 cem
1165 1107 1224 1134 sine
1242 1107 1377 1141 sanguine
1397 1106 1454 1133 ﬁeri
1479 1105 1574 1140 jussit.
1594 1105 1800 1135 clamoremque
1817 1098 1877 1126 bel-

1080 1153 1163 1181 licum
1186 1157 1213 1181 et
1234 1153 1357 1180 carmina
1374 1157 1402 1180 et
1415 1151 1530 1187 jubilutu
1548 1154 1575 1178 ct
1591 1150 1722 1182 impetum
1742 1147 1769 1174 in
1792 1146 1877 1173 alter-

1081 1202 1170 1225 utrunt
1194 1197 1351 1233 insurgcndi
1382 1197 1483 1224 habere
1507 1195 1557 1222 hos
1571 1193 1697 1222 docebat.
1716 1191 1788 1218 utin
1804 1189 1877 1217 bello

1080 1245 1182 1278 reperti
1208 1244 1246 1271 nil
1275 1244 1453 1275 mirarentur,
1474 1241 1521 1269 scd
1545 1241 1661 1268 ﬁdenter
1685 1235 1816 1272 tanquam
1842 1235 1876 1261 ad

1078 1285 1173 1326 jocntn
1189 1290 1435 1325 proﬁciscerentur
1457 1288 1484 1314 in
1506 1287 1624 1314 ltostem.
1642 1284 1787 1318 Accipiens
1806 1288 1877 1309 vero

1080 1335 1227 1370 imperator
1251 1333 1421 1362 inmanibus
1447 1331 1493 1360 Dci
1519 1332 1627 1358 virilem
1644 1330 1771 1365 ﬁguram,
1793 1334 1876 1362 quam

1080 1388 1180 1408 manus
1215 1388 1268 1407 non
1297 1379 1491 1415 depinxerunt,
1511 1377 1559 1405 sed
1586 1377 1615 1403 in
1644 1376 1725 1403 icona
1753 1372 1876 1399 Verbum

1080 1426 1152 1462 quod
1169 1426 1260 1453 omnia
1285 1425 1385 1451 format
1405 1429 1488 1458 atque
1514 1421 1657 1457 componit
1681 1420 1743 1448 sine
1767 1418 1876 1453 pictura

1080 1473 1209 1504 fortnam,
1229 1471 1302 1499 velut
1325 1471 1384 1498 sine
1407 1470 1512 1497 semine
1529 1473 1648 1504 partum,
1672 1465 1781 1497 eduxit,
1795 1469 1822 1491 et
1849 1463 1877 1489 in

1081 1521 1132 1547 hac
1159 1519 1226 1546 ﬁsus
1247 1524 1260 1543 a
1278 1516 1335 1544 Deo
1351 1517 1423 1551 picta
1449 1516 1534 1551 ﬁgura
1551 1515 1635 1548 cmpit
1651 1519 1765 1548 agones,
1794 1511 1877 1545 jura-

1080 1569 1172 1592 menta
1204 1564 1274 1591 dans
1310 1563 1410 1598 populo
1441 1562 1513 1597 quod
1550 1569 1612 1588 cum
1639 1560 1707 1594 ipsis
1732 1564 1819 1592 usque
1841 1557 1877 1583 ad

1081 1615 1196 1639 mortem
1213 1610 1283 1637 l'oret
1306 1613 1464 1637 certaturus
1480 1612 1506 1635 et
1521 1608 1561 1634 eis
1580 1612 1711 1641 tanquam
1734 1605 1797 1631 ﬁliis
1814 1611 1878 1639 pro-

1081 1657 1149 1692 priis
1179 1656 1357 1683 adhaesurus:
1387 1653 1496 1680 volebat
1523 1653 1597 1680 enim
1628 1653 1790 1686 potestatem
1820 1655 1880 1675 non

1080 1702 1179 1729 timore
1202 1705 1336 1735 qttanlttm
1361 1707 1455 1726 amore
1483 1697 1635 1734 possidere.
1653 1695 1777 1729 Cumque
1801 1694 1879 1720 inve-

1080 1748 1168 1776 nisset
1200 1746 1354 1774 exercitum
1381 1746 1409 1772 in
1439 1744 1546 1772 desidia
1569 1743 1654 1770 tnulta
1670 1745 1697 1769 et
1717 1739 1879 1768 formidine,

1080 1791 1276 1827 inquictndinc
1311 1799 1343 1818 ac
1377 1790 1512 1817 dedecore
1549 1789 1743 1819 constitutum,
1770 1789 1798 1813 et
1830 1792 1880 1820 per

1079 1839 1180 1866 multas
1213 1842 1291 1864 terra:
1319 1841 1412 1871 partes
1449 1834 1671 1867 disseminatum,
1701 1835 1824 1859 actutum
1850 1829 1879 1856 in

1079 1891 1163 1911 unum
1187 1883 1310 1917 collegit.
1336 1883 1369 1908 Et
1385 1889 1482 1908 ontttes
1501 1880 1581 1916 quasi
1603 1887 1636 1907 ex
1652 1886 1705 1905 una
1722 1883 1879 1904 consonan-

1080 1930 1116 1956 tia
1135 1929 1316 1956 l'audarernnt
1331 1928 1475 1962 imperium
1490 1931 1517 1954 ct
1530 1925 1721 1954 fortitudinem
1732 1923 1880 1959 principis.

1079 1975 1138 2010 Ipse
1172 1982 1236 2002 vero
1270 1974 1360 2001 verbis
1391 1973 1440 2000 ltos
1474 1972 1659 1999 corroborans
1693 1969 1875 2005 perhibebat:

1084 2021 1185 2054 Videte,
1201 2021 1298 2056 fratres
1318 2025 1342 2047 et
1357 2020 1417 2054 ﬁlii,
1438 2023 1501 2054 quot
1516 2018 1619 2045 inimici
1641 2017 1689 2044 Dei
1703 2016 1878 2043 conculcari:-

1080 2068 1135 2094 rint
1160 2068 1292 2102 regionem
1323 2071 1453 2097 nostram,
1480 2069 1505 2092 et
1531 2065 1609 2092 urbe:
1631 2062 1877 2091 exterminat-crint,

1079 2117 1103 2140 et
1129 2113 1230 2139 altaria
1246 2111 1478 2143 concremarerint,
1497 2113 1521 2137 et
1549 2117 1652 2136 mensas
1676 2109 1878 2134 incruentam»:

1078 2159 1274 2194 sacriﬁciorum
1294 2156 1468 2192 sanguinibus
1491 2154 1695 2183 Itontt'cidiorum
1709 2153 1878 2188 repleverit",

1076 2212 1101 2233 et
1118 2206 1253 2237 ecclesias,
1273 2212 1330 2240 qum
1343 2203 1448 2239 ﬂagitia
1472 2211 1524 2229 non
1544 2201 1704 2231 adntittuut,
1720 2199 1879 2234 ﬂagitiosis-

1077 2252 1152 2278 simis
1166 2250 1321 2284 replecerz'nt
1340 2248 1529 2283 voluptatibus.
1550 2245 1644 2280 Itaque
1657 2252 1762 2272 cuneos
1778 2252 1879 2272 rursus

1078 2298 1111 2324 ad
1131 2298 1257 2324 bellicum
1275 2295 1437 2323 exercitium
1456 2297 1555 2324 armat,
1576 2293 1685 2328 agmina
1703 2292 1758 2318 duo
1769 2294 1875 2318 armata

1076 2343 1218 2375 ordinans,
1234 2341 1315 2369 tubas
1346 2348 1454 2376 quoque
1480 2346 1512 2366 ac
1534 2339 1692 2374 clypeorum
1726 2337 1878 2373 phalanges

1078 2389 1208 2418 eiliciens.
1227 2388 1258 2415 Et
1272 2388 1391 2423 populus
1406 2387 1518 2414 thorace
1535 2386 1650 2413 indutus
1674 2384 1793 2412 astabat.
1808 2382 1879 2410 Nam

1079 2444 1142 2464 cutn
1173 2433 1247 2463 acies
1271 2434 1383 2462 cautius
1402 2433 1577 2464 statuissent,
1593 2431 1817 2467 congressionem
1835 2429 1879 2456 iu-

1080 2483 1167 2510 vicetn
1183 2488 1264 2515 agere
1275 2480 1372 2516 jussit.
1394 2479 1576 2515 lntpnlsiones
1591 2483 1683 2506 autem
1700 2478 1880 2504 vehementes

1080 2535 1112 2554 ac
1145 2526 1339 2561 percussiones
1373 2524 1400 2551 itt
1433 2525 1598 2551 alterutrum
1623 2522 1823 2554 eﬂiciebantur,
1851 2525 1879 2548 et

1077 2573 1191 2600 habitus
1209 2571 1272 2599 belli
1287 2569 1516 2602 ostendebantur,
1534 2572 1651 2603 eratque
1668 2566 1801 2594 horribile
1816 2565 1878 2593 visu

1078 2618 1276 2655 spectaculum,
1302 2617 1363 2645 sine
1386 2615 1485 2643 timore
1501 2614 1664 2650 periculutn,
1681 2618 1707 2640 ct
1721 2612 1755 2640 ad
1769 2615 1879 2647 strages

1079 2664 1199 2699 impetus
1215 2664 1274 2691 sine
1293 2661 1439 2698 sanguine,
1456 2661 1504 2689 sed
1522 2665 1586 2689 ante
1605 2659 1801 2687 necessitatem
1830 2667 1880 2685 ne-

1079 2710 1216 2738 cessitatis
1243 2707 1330 2740 modi,
1357 2713 1494 2743 quatenus
1527 2705 1719 2741 unusquisque
1746 2707 1878 2740 percepta

1079 2756 1224 2783 occasione
1231 2754 1313 2782 caedis
1328 2754 1454 2781 innocua:
1468 2752 1552 2780 tutior
1565 2755 1752 2788 permaneret.
1764 2750 1876 2781 Taliter

1079 2807 1170 2828 autem
1188 2801 1302 2828 armatis
1325 2800 1454 2826 omnibus
1476 2797 1605 2834 praecepit
1621 2798 1655 2825 ab
1677 2796 1814 2831 injustitia
1830 2802 1877 2829 pc-

1079 2847 1154 2874 nitus
1182 2845 1372 2873 abstinendum
1393 2851 1420 2873 et
1441 2845 1569 2880 pietatem
1590 2843 1762 2872 sectandum.
1788 2843 1875 2870 Porro

1010 2894 1064 2914 τητ-

1010 2894 1017 2904 τ
1043 2894 1064 2914 τ·

271 2934 326 2970 (ιο)
342 2934 448 2968 Aporiit.
470 2935 534 2965 Vide
547 2919 706 2971 Spelnianni
728 2937 898 2968 Glossarium
911 2939 938 2968 in
956 2893 1099 2976 ορέἷὲι-νῗ
1102 2945 1127 2968 et
1144 2938 1284 2974 Vossium,
1303 2939 1339 2966 De
1358 2939 1428 2966 ritiir
1445 2938 1585 2966 sermonis.
1610 2937 1693 2965 ῐΑη.
1729 2941 1732 2943 ’
