2035 3153
175 125 241 159 1351

566 129 753 160 HISTORIA
773 129 1064 161 ECCLESIASTICA
1083 128 1135 160 EX
1151 130 1398 162 THEOPHANE.

1746 129 1818 163 tua

173 193 237 214 cum
255 184 427 220 pervenisset
444 185 478 212 ad
506 191 598 221 partes
626 187 774 220 Armeniae.
801 196 971 224 praecurrere
985 190 1008 218 Α
1024 189 1188 216 hcnderunt.
1208 189 1347 223 Ceperunt
1362 191 1471 222 quoque
1495 191 1526 214 et
1544 186 1651 214 horum
1661 187 1812 216 exercitum

171 231 258 266 iussit
281 231 394 259 electos.
421 230 623 259 Saracenorum
641 241 706 260 vero
723 239 788 262 tunc
809 235 862 262 sub
883 236 970 271 pactis

173 275 321 304 Persarum
348 277 563 304 constitutorum
580 278 729 306 multitudo
748 281 870 315 equitum
900 281 971 309 ciam

173 324 202 350 in
229 323 424 357 imperatorem
452 323 560 351 irrucre
577 325 775 353 meditabatur.
805 326 862 354 Viri
878 331 970 354 autem

174 369 361 403 imperatoris.
395 369 442 404 qui
473 375 687 404 praecurrerant,
715 371 757 399 his
792 377 971 402 occurrentes

172 418 316 448 primorem
343 415 465 448 ipsorum
485 415 606 442 vinctum
635 416 668 443 ad
699 415 857 445 Heraclium
885 419 971 446 addu-

174 465 282 492 xerunt,
299 461 409 496 illisque
422 461 450 488 in
468 461 559 496 fugam
581 463 670 490 versis
695 463 799 492 malles
822 465 970 493 intercmc~

173 511 248 534 runt.
281 505 350 540 Quia
381 515 446 535 vero
475 508 566 536 hieme
592 509 741 537 accedente
764 511 913 546 imperator
936 513 970 539 ad

173 551 318 580 Ponticum
333 553 413 580 clima
434 553 557 586 divcrtit,
578 554 667 582 visunt
692 559 734 583 est
752 555 881 585 barbaris
896 558 973 585 obsi-

172 599 240 626 dere
256 598 334 625 illum
361 599 389 625 in
414 599 467 626 hoc
496 599 676 628 hiemantem.
693 602 727 629 At
750 602 797 630 ille
812 603 911 632 Persas
929 605 971 631 la—

172 650 236 672 tens
268 648 351 680 atque
387 645 528 674 divertena
561 646 702 675 Persidem
743 654 882 684 properat.
914 649 972 678 Hoc

173 689 292 718 Barbari
323 691 436 725 cognito
475 691 502 719 in
539 700 684 720 rancorem
717 701 802 722 causa
840 696 970 731 insperati

172 735 265 763 aditus
287 735 467 764 devenerunt.
489 736 627 766 Sarbarus
643 747 717 772 vero,
735 739 882 769 Persarum
903 751 972 777 pra:-

173 786 228 812 tor,
257 786 371 817 accepto
403 787 551 818 potentatu
587 792 639 812 suo
668 787 744 813 venit
777 788 804 814 in
832 787 969 823 Ciliciam,

170 832 313 862 quatenus
326 828 352 856 in
366 828 529 857 Romaniatu
545 838 674 864 egressus
685 832 760 860 hunc
774 833 840 861 dare
852 834 967 863 dorsum

171 874 360 908 compelleret.
391 874 504 903 Timens
527 881 620 904 autem
637 885 678 905 ne"
696 886 746 913 per
766 879 921 908 Armeniam
938 882 966 910 in

171 918 312 947 Persidem
331 921 480 956 imperator
501 923 642 958 ingressus
663 924 735 952 hanc
761 926 895 960 turbaret,
920 935 968 956 co-

171 970 256 993 actus
283 972 326 994 est
346 969 423 1002 sequi
443 972 504 1003 post
524 969 678 997 Romanum
702 973 866 1006 exercitum,
882 974 968 1001 furari

170 1021 272 1042 atratis
300 1014 412 1047 bellum,
427 1020 455 1042 ct
479 1024 528 1051 per
546 1017 694 1045 obscuram
715 1020 826 1055 aggredi
846 1026 967 1050 noctem.

172 1058 226 1087 Sed
249 1067 265 1087 e
281 1065 376 1089 contra
402 1062 489 1097 plenae
504 1064 577 1091 lunas
592 1068 649 1091 tota
666 1070 746 1093 nocte
759 1066 821 1095 luce
836 1067 967 1103 fulgente,

171 1105 348 1135 cavillatione
374 1109 525 1138 frustratus
552 1114 607 1142 est,
633 1115 658 1139 et
688 1112 794 1145 lunam,
823 1122 885 1149 quae
915 1116 969 1153 sibi

172 1153 250 1186 prius
272 1153 299 1180 in
326 1154 400 1181 cuitu
426 1155 525 1188 fuerat,
556 1156 721 1190 infamabat,
752 1167 815 1194 quas
841 1161 970 1190 videliCet

170 1197 296 1232 eclipsim
322 1206 354 1225 ex
377 1200 522 1228 accidente
550 1201 672 1230 tulisset.
699 1202 737 1230 Ex
759 1204 811 1231 hoc
832 1213 898 1239 ergo
911 1206 970 1233 for-

172 1242 295 1269 midabat
322 1242 462 1271 Sorbet-us
477 1252 540 1272 cum
557 1245 725 1280 imperatore
748 1248 908 1276 conflictum
923 1257 970 1285 ag—

171 1288 259 1321 gredi,
284 1292 310 1315 et
335 1293 455 1317 montem
481 1291 644 1319 conscendit
666 1294 745 1328 quasi
767 1293 912 1326 dou-cades,
929 1296 970 1322 in-

173 1334 261 1360 tuitus
285 1336 319 1361 ab
342 1336 453 1362 excelso
478 1337 577 1363 bonam
596 1341 623 1364 et
650 1339 767 1373 sapienti
789 1341 969 1375 compositam

173 1385 233 1407 arte
249 1380 373 1407 militiam
398 1381 597 1410 Romanorum.
623 1383 769 1420 Comperta
796 1393 860 1413 vero
886 1387 971 1422 impe-

174 1430 249 1452 rator
263 1426 359 1454 horum
378 1427 526 1457 formidine
548 1431 574 1457 in
591 1431 658 1459 locis
680 1433 841 1461 morabatur
859 1435 970 1469 requie-

174 1472 249 1499 tione
272 1473 390 1507 refertis,
409 1475 481 1503 hunc
504 1477 537 1503 ad
560 1477 661 1504 bellum
678 1478 826 1513 instigans.
852 1480 970 1508 Descen-

1023 238 1050 261 et
1072 241 1181 261 omnem
1198 231 1397 267 supellectilem
1420 231 1555 266 ipsorum.
1577 229 1809 264 l'omwﬂomaui,

1022 280 1146 307 extensis
1160 280 1188 306 in
1207 278 1347 306 excelsum
1362 277 1502 310 manibus,
1519 276 1575 304 Deo
1594 276 1814 310 gratiasrefere—

1024 327 1100 357 bant,
1116 329 1141 353 et
1156 332 1205 360 pro
1220 326 1397 359 imperatore,
1416 323 1462 358 qui
1482 331 1511 351 se
1543 323 1612 350 bene
1643 326 1815 357 portaverat,

1023 372 1213 399 indeticienter
1229 365 1355 398 crabant.
1385 369 1438 402 Qui
1457 369 1535 396 enim
1557 372 1636 395 antea
1654 375 1705 395 nec
1723 368 1814 395 Persih

1022 426 1084 447 cum
1113 418 1252 446 audebant
1278 416 1373 444 videre
1405 415 1556 450 pulverem,
1591 422 1665 442 nunc
1702 414 1814 442 immuta

1022 473 1116 493 eorum
1149 465 1261 492 inventa
1287 462 1466 490 tabernacula
1494 462 1624 497 spoliant.
1653 460 1721 494 Quis
1740 460 1813 492 enim

1023 512 1143 547 speravit
1180 510 1328 537 Persarum
1362 509 1574 544 inexpugnabile
1603 515 1703 544 genus
1731 507 1814 535 dorsa

1022 559 1149 584 daturum
1162 563 1282 591 unquam
1295 554 1445 583 Romanis!
1462 554 1560 589 itaque
1573 553 1723 589 imperator
1734 560 1815 582 exer-

1022 605 1077 632 citu
1111 611 1173 631 cum
1200 606 1316 638 praetore
1354 601 1388 628 ad
1421 600 1597 628 biemandum
1633 601 1661 627 in
1683 599 1814 629 Armenia

1022 649 1153 677 derelicto
1173 649 1231 683 ipse
1251 647 1413 683 Byzantium
1443 646 1534 674 rediit.

1057 695 1153 724 Mundi
1181 701 1253 721 anno
1279 693 1359 728 61M,
1380 693 1481 720 divinae
1512 691 1714 720 incarnationis
1741 698 1825 719 anno;

1021 741 1085 773 614,
1114 747 1188 767 anno
1212 738 1322 773 imperii
1353 738 1395 766 sui
1421 738 1454 766 15
1470 737 1614 765 Heraclius
1634 736 1776 773 profectus
1799 744 1822 763 ιτ

1022 787 1097 821 regia
1133 786 1201 814 urbe
1232 785 1362 813 celeriter
1402 784 1431 811 in
1461 785 1619 812 Armeniam
1647 784 1816 819 properavit.

1022 833 1160 860 Chosrocs
1183 836 1274 859 autem
1305 830 1453 859 Persarum
1474 838 1523 858 rex
1544 831 1620 858 misit
1637 830 1814 858 Sarb’atrazan

1020 886 1083 906 cum
1105 879 1229 906 exercitu
1250 885 1302 906 suo
1319 877 1347 904 in
1370 877 1557 904 Romanorum
1568 880 1670 904 terram
1682 875 1813 903 intrandi.

1019 924 1163 952 iieraclius
1194 928 1286 951 autem
1313 923 1453 951 scribebat
1478 923 1511 950 ad
1540 923 1683 950 Chosroen
1710 925 1740 949 ut
1768 924 1816 948 aut

1019 980 1114 1008 pacem
1141 972 1364 1007 amplecteretur,
1384 974 1431 998 aut
1446 978 1476 998 se
1499 971 1582 998 sciret
1606 978 1669 997 cum
1693 969 1816 997 exercitu

1020 1027 1071 1047 suo
1094 1018 1237 1046 Persidem
1265 1019 1468 1053 ingressurum.
1489 1016 1628 1044 Cbosroes
1650 1022 1742 1043 autem
1766 1022 1818 1043 nec

1020 1072 1115 1101 pacem
1149 1065 1378 1100 amplectebatur,
1399 1071 1451 1091 nec
1475 1070 1570 1090 verum
1603 1061 1723 1089 ilernclii
1756 1068 1817 1089 scr-

1021 1120 1130 1140 moncm
1168 1111 1375 1139 arbitrabatur:
1404 1118 1459 1137 non
1496 1109 1571 1137 enim
1606 1107 1711 1136 audere
1738 1107 1816 1135 illum

1022 1157 1129 1184 Persidi
1167 1156 1390 1191 appropinquare
1419 1154 1543 1190 putabat.
1571 1153 1645 1181 Sane
1670 1153 1820 1187 imperator

1021 1213 1060 1232 ιιι
1074 1203 1258 1231 Kalendarum
1277 1202 1409 1229 Maiarum
1436 1201 1579 1236 ingressus
1601 1204 1643 1228 est
1665 1199 1816 1227 Persidem.

1021 1249 1081 1282 Quo
1101 1248 1239 1275 Chosroes
1253 1250 1399 1281 comperto
1415 1246 1594 1273 Sarbanaxan
1610 1245 1709 1272 reverti
1723 1243 1825 1279 jussit;

1021 1300 1048 1322 ct
1062 1294 1187 1322 collectis
1201 1301 1233 1320 ex
1252 1296 1308 1319 tota
1326 1292 1438 1319 Perside
1457 1291 1565 1319 militiis
1582 1292 1651 1323 suis,
1667 1294 1694 1318 et
1708 1290 1825 1319 traditis»

1021 1341 1061 1368 eis
1075 1340 1151 1372 Sain,
1181 1339 1312 1366 velociter
1327 1338 1442 1365 adunari
1461 1345 1508 1365 eas
1536 1337 1702 1364 Sarbanaza
1723 1337 1817 1371 jussit.

1021 1390 1049 1414 et
1076 1387 1112 1413 ita
1136 1389 1233 1412 contra
1256 1385 1452 1419 imperatorem
1486 1383 1647 1418 procedere.
1674 1382 1817 1410 Heraclius

1022 1435 1113 1459 autem
1136 1431 1270 1459 advocato
1298 1430 1422 1458 exercitu
1443 1437 1495 1457 suo
1513 1429 1605 1457 verbis
1619 1427 1817 1456 exhortatoriis

1023 1478 1154 1505 incitabat
1168 1484 1228 1510 eos,
1244 1477 1356 1504 dicens:
1382 1475 1439 1502 Viri
1462 1475 1571 1510 fratres,
1590 1474 1638 1501 Dei
1654 1475 1777 1501 timorem
1789 1473 1818 1500 in

174 1519 271 1546 dentes
286 1523 377 1547 autem
396 1521 465 1548 clam
479 1521 514 1549 de
534 1527 627 1551 monte
649 1532 719 1559 saepe
739 1525 883 1554 conflictus
898 1534 966 1554 con-
981 1533 1003 1562 ο
1023 1530 1133 1552 omnem
1150 1531 1305 1555 sumamus;
1320 1522 1448 1557 injurium
1471 1522 1529 1557 ejus
1554 1522 1686 1556 requirere
1709 1524 1819 1555 satagu-

174 1564 305 1598 citabant,
329 1566 378 1594 sed
402 1567 429 1594 in
459 1569 569 1596 cunctis
592 1569 709 1598 Romani
725 1572 874 1606 primatum
895 1577 972 1601 tene-

175 1611 252 1643 bant,
267 1616 294 1638 et
321 1612 447 1640 tlduciam
463 1614 634 1649 perampiius
659 1617 801 1644 exercitus
817 1618 970 1652 obtinebat,

176 1656 299 1685 ridentes
319 1658 513 1693 imperatorem
529 1660 718 1695 proﬁcientem
746 1661 774 1690 in
795 1664 926 1692 omnibus
945 1669 972 1692 et

176 1703 307 1731 audacter
328 1704 546 1740 belligerantcm.
572 1705 656 1734 Persa
686 1715 751 1734 vero
772 1709 884 1743 quidam
910 1715 972 1737 ante

177 1749 258 1777 breve
281 1753 391 1785 tempus
414 1751 547 1787 profugus
572 1753 645 1780 inter
672 1754 846 1788 imperatoris
868 1756 972 1783 excrci-

175 1801 232 1822 tum
248 1798 489 1825 annumerabatur.
517 1798 568 1826 Hic
584 1799 692 1834 fugiens
708 1800 742 1827 ad
769 1799 868 1828 Persas
891 1801 970 1835 abiit,

174 1843 338 1871 existimans
358 1851 405 1872 eos
429 1843 616 1872 Romanorum
640 1846 871 1874 exterminaturos
895 1855 973 1875 excr—

174 1888 273 1916 citum.
297 1889 364 1916 Cum
396 1895 487 1918 autem
517 1891 694 1919 formidinem
715 1900 811 1920 eorum
844 1893 969 1926 vidisset,

176 1940 238 1968 post
253 1935 387 1963 decimum
407 1936 478 1963 diem
501 1937 599 1965 iterum
626 1938 659 1966 ad
676 1939 869 1974 imperatorem
887 1940 971 1973 venit,

174 1984 204 2006 ct
229 1989 336 2008 omnem
361 1981 465 2016 liquido
490 1982 675 2011 Barbarorum
711 1992 840 2020 paverent
873 1985 970 2014 edixit.

175 2026 211 2052 At
231 2034 297 2054 vero
311 2027 449 2055 Sarbarus
466 2029 537 2056 ultra
550 2031 794 2058 commorationem
812 2039 866 2059 non
883 2031 973 2060 ferens

176 2080 190 2098 a
218 2077 310 2099 monte
339 2077 452 2102 coactus
480 2078 523 2101 cst
548 2075 582 2102 ad
611 2075 736 2110 praelium
764 2076 912 2111 proficisci.
943 2077 971 2105 In

176 2123 234 2146 tres
261 2122 355 2146 autem
382 2125 475 2155 partes
503 2120 600 2150 divisis
633 2123 802 2151 exercitibus
829 2123 973 2153 descendit

176 2168 289 2200 repente
325 2165 502 2194 illucescente
534 2167 588 2200 dic,
621 2169 783 2197 ante-solis
814 2177 970 2204 ascensum,

177 2214 347 2245 praeparatus
373 2211 408 2238 ad
426 2212 541 2240 bellutn.
573 2214 610 2241 At
635 2214 795 2250 imperator,
824 2217 972 2251 przrsciens

177 2257 242 2289 hoc,
267 2258 378 2285 ordinat
394 2261 536 2288 exercitus
554 2260 582 2288 in
602 2265 659 2289 tres
679 2269 756 2297 atque
775 2263 925 2299 phalanges
940 2264 973 2291 sd

178 2311 307 2338 pugnam.
346 2304 414 2333 Orto
455 2311 547 2334 autem
580 2308 648 2340 sole,
679 2313 707 2336 et
738 2309 905 2344 imperatore
940 2309 974 2338 ad

178 2351 317 2378 (trientem
338 2356 460 2386 reperto,
468 2351 568 2380 Persas
582 2353 772 2382 obtenebravit
783 2355 878 2382 radius
892 2363 974 2390 queat

177 2396 330 2424 atinrabant
353 2400 383 2424 ut
407 2397 503 2425 Deum.
530 2397 683 2432 Imperator
706 2403 796 2426 autent
824 2400 902 2426 tinxit
927 2406 975 2434 po-

178 2443 271 2477 pulum
305 2451 385 2471 suum
423 2443 502 2479 quasi
535 2443 563 2471 in
595 2443 686 2480 fugam
715 2451 838 2472 versum.
871 2445 906 2472 At
935 2444 974 2472 illi

179 2488 318 2516 solventes
340 2489 490 2525 phalanges
506 2490 556 2518 bos
579 2489 639 2518 sine
665 2491 820 2518 retentione
845 2491 974 2526 persequi

177 2534 386 2562 existimabant.
414 2535 548 2564 Conversi
578 2544 645 2572 ergo
671 2536 787 2564 Romani
816 2537 867 2565 hos
896 2544 975 2571 aaquo

179 2580 271 2607 animo
294 2585 449 2613 verterunt,
475 2589 508 2609 ex
532 2582 576 2610 his
597 2583 692 2611 multis
717 2585 876 2619 peremptis.
899 2583 974 2611 iuse-

177 2630 293 2660 quentes
323 2631 413 2654 autem
440 2635 488 2655 eos
516 2629 543 2656 in
562 2634 692 2660 montem.
716 2630 743 2656 in
768 2630 920 2665 pracipitia
943 2634 972 2658 et

178 2671 239 2698 loca
256 2671 333 2700 devia
346 2672 531 2706 immiserunt,
554 2675 663 2702 cunctis
677 2674 731 2703 illis
746 2675 884 2704 contritis.
902 2676 973 2703 inter

177 2724 210 2744 ea
239 2717 389 2753 praecipitia
418 2727 483 2747 vero
507 2720 595 2748 instar
624 2728 769 2756 caprarum
798 2721 969 2750 silvestrium

179 2763 370 2792 inrorabantur.
386 2764 486 2793 Multos
503 2770 594 2794 autem
609 2767 691 2795 etiam
706 2768 833 2797 viventes
849 2775 974 2804 compre-

1023 1579 1093 1598 mus.
1117 1569 1223 1597 Slemus
1241 1569 1348 1604 fortiter
1368 1568 1495 1595 aduncus
1512 1567 1645 1599 inimicos,
1666 1566 1711 1601 qui
1735 1566 1827 1592 multa.

1023 1616 1083 1644 dira
1104 1616 1130 1643 in
1155 1615 1318 1643 Christiania
1339 1615 1442 1649 operati
1467 1617 1541 1641 sunt.
1567 1612 1742 1640 Revsrcamur
1765 1610 1820 1638 Ro-

1023 1669 1162 1689 manorum
1183 1662 1333 1696 imperium,
1345 1660 1415 1695 quod
1436 1660 1479 1687 sui
1501 1659 1584 1693 ipsius
1599 1664 1624 1685 et
1641 1666 1693 1685 non
1708 1657 1820 1684 alterius

1023 1713 1060 1736 est
1078 1708 1191 1738 domini,
1216 1711 1241 1734 et
1262 1712 1361 1733 stemus
1383 1705 1509 1733 adversus
1531 1705 1619 1732 hostes
1643 1705 1733 1739 impiis
1757 1703 1818 1731 totis

1024 1759 1153 1782 armatos.
1162 1753 1310 1780 Induamus
1318 1753 1396 1787 ﬁdem
1405 1751 1636 1785 interemptiomtm
1645 1750 1821 1784 interemptri-

1025 1809 1092 1828 cem.
1113 1799 1303 1835 Recogilemtts,
1319 1798 1382 1833 quia
1393 1798 1465 1824 intra
1482 1797 1627 1824 Persarum
1643 1800 1742 1823 terram
1756 1803 1821 1823 cou-

1023 1846 1154 1878 sistimus,
1170 1850 1195 1871 et
1213 1845 1304 1878 ingens
1333 1843 1397 1878 fuga
1410 1841 1557 1877 periculum
1573 1841 1634 1876 fert.
1651 1840 1819 1868 Vindicem”

1024 1891 1206 1925 corruptione:
1220 1890 1363 1925 virginum.
1372 1889 1466 1916 Recita
1475 1887 1687 1916 commilitonum
1702 1889 1820 1914 membra

1027 1942 1178 1965 nostrorum
1193 1937 1307 1964 ridentes
1321 1935 1445 1963 cordibus
1459 1933 1677 1962 doleamua.Non
1694 1939 1755 1960 sunt
1765 1933 1822 1960 hac

1025 1983 1127 2010 nullam
1147 1983 1203 2018 (50)
1222 1982 1365 2010 mercedem
1385 1981 1523 2012 habentia,
1553 1980 1598 2007 sed
1620 1980 1680 2007 vita
1699 1979 1828 2014 perennis.

1024 2029 1146 2063 prrcmia.
1170 2027 1275 2055 Stemus
1288 2027 1412 2058 viriliter,
1426 2031 1450 2053 et
1463 2025 1590 2052 Dominus
1603 2024 1673 2052 Deus
1689 2024 1765 2051 nobis
1778 2031 1820 2050 co-

1024 2075 1186 2110 operabitur,
1193 2078 1217 2101 et
1225 2073 1314 2108 perdet
1322 2074 1443 2101 inimicos
1453 2071 1695 2106 nostros.Cumque
1703 2070 1820 2106 impera-

1026 2125 1069 2149 tor
1084 2121 1127 2148 bis
1144 2125 1170 2148 et
1184 2120 1245 2147 aliis
1262 2117 1474 2156 quamplurimis
1491 2115 1755 2144 commonitionibus
1766 2121 1816 2149 po-

1026 2168 1119 2202 pulum
1149 2166 1309 2194 exhortatus
1338 2169 1425 2198 esset,
1451 2162 1598 2195 respondit
1625 2162 1650 2190 ei
1669 2169 1741 2188 unus
1768 2167 1828 2196 pro.

1026 2214 1154 2242 omnibus
1174 2222 1180 2241 :
1198 2212 1360 2248 Expandisti
1376 2211 1530 2247 angustiam
1546 2209 1635 2237 cordia
1656 2207 1752 2239 nostri,
1769 2207 1820 2233 do-

1027 2262 1106 2293 mine,
1123 2270 1152 2288 os
1172 2265 1246 2288 tttum
1258 2260 1286 2287 in
1304 2259 1486 2286 admonitione
1517 2257 1651 2283 dilatam.
1682 2255 1824 2282 Acutum

1026 2315 1158 2335 sermones
1174 2305 1326 2341 tuigladior
1341 2308 1457 2335 nostros,
1467 2307 1491 2330 et
1505 2302 1553 2329 Iros
1569 2303 1704 2329 animum
1716 2301 1827 2335 opertui

1026 2357 1098 2380 sunt.
1116 2351 1261 2386 Expedita:
1272 2358 1319 2377 nos
1338 2350 1391 2377 tuis
1403 2348 1487 2376 verbis
1498 2347 1652 2375 exlribuiati.
1676 2346 1819 2374 Erubesci-

1028 2407 1086 2426 mus
1107 2404 1131 2425 te
1150 2398 1305 2432 aspicientes
1321 2405 1368 2424 nos
1383 2397 1410 2423 in
1425 2396 1518 2431 pugnis
1536 2394 1693 2429 prwcedsro,
1717 2398 1742 2420 et
1752 2392 1822 2428 jua-
1856 2396 1873 2402 "

1027 2445 1114 2472 siones
1131 2449 1190 2471 tuas
1208 2444 1236 2471 in
1253 2443 1375 2471 omnibus
1391 2449 1540 2477 sequemur.
1555 2440 1709 2476 imperator
1724 2441 1820 2466 autem

1028 2490 1146 2523 sumptis
1164 2489 1269 2517 militiis
1289 2496 1356 2516 mox
1369 2488 1403 2515 ad
1428 2487 1569 2515 Persidem
1591 2485 1751 2514 interiorem
1768 2491 1817 2511 ac-

1027 2538 1121 2569 cessit,
1147 2535 1209 2571 igne
1223 2535 1389 2563 comburens
1411 2534 1495 2563 urbes
1512 2537 1543 2562 et
1553 2537 1658 2561 castra.
1671 2531 1716 2560 Fit
1726 2531 1816 2559 etiam

1026 2583 1071 2610 hic
1097 2581 1221 2609 terribile
1248 2580 1384 2617 quoddam
1413 2580 1579 2608 miraculum
1605 2588 1612 2607 :
1642 2579 1669 2606 in
1700 2576 1815 2605 aestivali

1027 2628 1127 2663 quippe
1137 2627 1257 2655 solstitio
1272 2634 1320 2654 aer
1333 2626 1436 2654 sudore
1449 2625 1539 2653 factus
1551 2630 1593 2653 est
1605 2623 1743 2655 madidus,
1755 2622 1816 2650 aui-

1028 2682 1087 2702 mos
1103 2673 1291 2701 Romanorum
1307 2673 1447 2700 exercitus
1466 2679 1605 2703 recreans,
1623 2669 1692 2697 adeo
1706 2674 1737 2697 ut
1751 2668 1815 2696 hinc

1028 2728 1103 2756 spem
1116 2719 1247 2756 optimam
1262 2723 1414 2748 sumerent.
1431 2718 1554 2747 Audiens
1581 2719 1713 2752 praeterea
1730 2715 1817 2743 Hera-

1029 2767 1100 2795 clius
1114 2766 1188 2803 quod
1216 2766 1353 2795 Cltosroes
1369 2764 1440 2801 apud
1469 2763 1574 2792 Ganeo
1598 2763 1735 2791 civitatem
1750 2768 1816 2790 cum

945 2813 1060 2842 ΝΟΤΕ.

214 2857 273 2895 (50)
291 2858 397 2888 Nullam
415 2859 449 2888 Γ.
467 2868 516 2896 pro
533 2861 628 2888 ullam.
