2035 3153
278 140 346 174 1303

810 148 1008 180 ANASTASII
1032 151 1345 188 BIBLIO'I‘HECARII

1842 163 1913 196 1308

276 198 457 234 quadraginta
484 200 605 229 millibus
620 201 814 230 bellicosorum
831 209 904 232 esset
926 206 1060 240 virorum,
1076 207 1102 239 Λ
1113 210 1182 242 quod
1199 211 1297 238 militia
1311 212 1452 242 Persarum
1472 217 1499 243 in
1510 216 1593 244 deviis
1609 218 1674 246 locis
1696 227 1837 254 pererrans
1855 227 1911 250 tam

274 245 378 281 impetu
394 245 527 274 adversus
545 247 621 274 illum
638 248 773 282 perrexit;
798 253 826 276 et
853 251 987 284 praemissi
1003 253 1065 287 qui-

273 289 336 318 dam
353 291 388 319 ab
402 299 436 320 eo
450 291 651 320 Saracenorum
683 295 734 322 sibi
759 295 966 331 subjugatorum
981 297 1066 327 Chos—

274 338 331 364 rois
353 343 504 365 occurrunt
531 338 643 373 vigiliae,
655 344 682 366 ct
699 340 939 376 hcrumquosdam
955 345 1064 371 occide-

273 384 346 412 runt,
358 383 492 415 quosdam
507 389 571 410 vero
598 384 779 418 compedibus
797 386 905 413 vinctos
916 395 977 414 cum
995 396 1064 423 pra:-

273 432 333 455 tore
344 428 466 463 ipsorum
479 430 636 465 imperatori
649 439 896 466 praesentaverunt.
913 437 972 464 Hoc
990 444 1064 465 com-

272 478 349 507 perto
362 473 510 508 Chosroes,
525 476 656 503 derelicta
670 481 724 503 tam
740 479 851 506 civitate
859 488 941 514 quam
952 481 1060 513 militia.

271 518 335 554 fuga
351 527 420 548 usus
436 525 487 548 est.
503 521 553 548 Ast
572 529 637 550 vero
659 522 802 552 IIeraclius
820 525 965 555 insecutus
982 535 1063 562 quos-

270 562 332 591 dam
348 570 552 601 praeoccupatos
569 569 671 596 occidit
686 578 694 597 ι
707 570 799 598 caeleri
813 576 906 599 autem
921 573 971 601 hac
985 573 1063 600 illae-

271 617 325 644 que
341 611 465 645 palantes
491 612 620 647 dissipati
640 619 716 643 sunt.
742 616 867 652 Cumque
892 619 1062 652 pervenisset

270 655 420 691 imperator
431 658 464 685 ad
477 658 676 688 Gazacensium
688 661 840 696 civitatem,
852 664 880 690 in
894 664 1060 693 suburbanis

268 702 352 737 hujus
366 703 506 733 reﬁciebat
518 707 671 734 exercitum
686 715 778 736 suum.
800 709 892 738 Perste
915 718 990 743 vero,
1010 711 1058 746 qui

267 749 450 785 confugerant
476 752 509 779 ad
525 761 600 786 eum,
624 754 806 788 perhibebant
829 757 902 791 quod
920 757 1058 786 Chosroes

269 793 377 830 fugiens
390 796 452 830 igne
462 800 667 833 consumpserit
682 801 774 828 omnia
790 806 849 828 sata
868 803 895 829 in
908 803 979 831 locis
991 804 1055 838 illis,

267 844 293 867 et
308 843 463 874 pervenerit
477 843 511 870 ad
535 843 676 872 civitatem
693 844 868 874 Thebarman
895 848 921 876 in
945 849 1058 877 Oriente

267 887 361 919 sitam,
378 888 406 915 in
418 896 473 923 qua
497 893 558 917 erat
578 891 708 926 templum
725 891 798 928 Ignis
832 898 914 929 atque
931 896 1058 930 pecuniae

267 932 355 960 Crmsi
375 933 517 969 Lydorum
536 937 608 971 regis
622 942 650 965 et
664 946 742 966 error
760 947 926 974 prunarum.
945 941 995 970 His
1011 950 1058 971 ac-

266 980 353 1014 ceptis
371 981 404 1008 ad
422 987 513 1015 partes
539 982 689 1018 Dastagerd
707 985 758 1012 iter
781 987 888 1021 agebat.
905 988 1058 1023 Imperator

265 1031 359 1053 autem
386 1028 526 1062 profectus
548 1037 563 1056 a
589 1029 789 1059 Gazacensium
811 1034 921 1062 civitate
934 1036 1057 1069 pervenit

266 1070 463 1106 Thebarmeso,
479 1078 507 1101 et
531 1076 672 1110 ingressus
690 1077 715 1104 in
735 1086 794 1106 eam
808 1079 868 1114 igne
884 1082 1057 1116 consumpsit

265 1119 395 1153 templum
410 1119 495 1154 Ignis,
511 1125 539 1148 ct
551 1125 607 1148 tota
627 1123 739 1152 civitate
753 1125 815 1159 igne
830 1126 975 1155 combusta
994 1136 1055 1162 per-

265 1169 379 1192 secutus
393 1172 435 1192 est
447 1170 509 1200 post
522 1167 664 1196 Chosroen
679 1169 706 1196 in
719 1171 856 1204 angustiis
867 1173 987 1207 regionis
999 1174 1054 1203 Me-

263 1210 374 1238 dorum.
390 1210 530 1240 Chosroes
557 1218 648 1241 autem
666 1215 693 1242 in
717 1215 760 1243 bis
773 1217 879 1245 duabus
896 1220 1054 1254 regionibus

263 1254 371 1282 deloco
388 1255 414 1282 in
432 1257 522 1284 locum
542 1265 690 1293 peragrans
711 1260 847 1295 latitabat,
865 1267 892 1290 et
910 1263 1052 1293 IIcraclius

263 1301 337 1328 hunc
365 1309 534 1338 persequens
554 1305 656 1333 multas
684 1307 812 1335 civitates
840 1307 998 1338 dcvastavit
1026 1316 1052 1339 et

262 1348 399 1382 regiones.
415 1349 511 1376 Hieme
521 1358 586 1377 vero
607 1352 756 1381 accedente
770 1355 916 1382 consilium
934 1356 1051 1385 faciebat

263 1393 374 1420 ubinam
388 1394 520 1422 hiemaret
533 1403 596 1423 cum
613 1398 733 1431 populo;
751 1402 777 1426 et
795 1399 907 1433 quidam
925 1401 951 1428 in
967 1401 1052 1430 Alba—

261 1439 333 1466 niam
347 1440 538 1474 perbibebant,
554 1442 665 1477 quidam
687 1451 752 1471 vero
770 1450 868 1472 contra
881 1446 970 1481 ipsum
986 1455 1050 1481 pro~

261 1492 358 1519 perure
371 1486 522 1514 Cbosroen.
553 1487 603 1516 Ast
630 1489 780 1523 imperator
804 1490 891 1525 jussit
915 1494 1048 1527 populum

260 1532 351 1559 tribus
361 1532 459 1560 diebus
469 1533 593 1561 divinent
605 1536 747 1562 oraculum
763 1537 966 1570 praestolantem
974 1544 1050 1566 caste

260 1585 293 1605 ne
304 1578 411 1612 puriter
431 1581 606 1612 conversari,
627 1581 723 1616 sicque
737 1589 872 1616 responso
888 1588 1005 1619 accepto
1023 1586 1049 1613 in

258 1624 376 1651 Albania
391 1625 480 1653 hieme
497 1627 674 1654 commorari.
703 1626 772 1655 Dum
789 1636 856 1656 vero
877 1630 943 1657 illuc
957 1631 1051 1662 abiens

259 1672 312 1697 iter
327 1676 431 1706 ageret,
447 1671 551 1701 habens
565 1680 659 1701 secum
674 1674 814 1709 copiosam
826 1675 968 1704 Persarum
980 1685 1051 1712 pra:-

258 1717 332 1750 olam,
352 1717 423 1745 haud
445 1726 548 1752 paucos
559 1719 688 1748 incursus
708 1720 854 1749 aPersicis
878 1724 974 1751 cuneis
990 1732 1051 1759 per-

258 1763 332 1789 tulit.
346 1762 406 1797 lpse
418 1771 484 1791 vero
501 1764 594 1792 divina
619 1767 812 1801 cooperatione
831 1768 1000 1803 triumphum
1018 1770 1051 1798 de

257 1809 387 1836 omnibus
400 1810 474 1836 tulit.
494 1809 630 1839 Praeterea
652 1820 714 1840 cum
733 1813 882 1842 vehemens
900 1820 1050 1850 tempestas

257 1861 341 1888 super
354 1862 416 1882 eum
430 1855 575 1884 cecidisset
589 1857 616 1884 in
629 1858 683 1890 via,
700 1864 727 1885 ct
743 1859 817 1891 hunc
829 1860 889 1895 gelu
909 1868 1050 1895 praeoccu-

258 1904 354 1933 passet
376 1901 403 1927 in
420 1901 548 1934 Albania,
564 1903 731 1938 haberetque
744 1905 945 1941 quinquaginta
962 1907 1047 1934 millia

255 1944 470 1977 vinculatnrum,
485 1948 664 1982 compatienti
678 1949 763 1976 corde
779 1958 830 1978 suo
848 1952 978 1980 misertus
989 1953 1048 1980 vin-

254 1991 316 2018 cula
332 1991 472 2023 dissolvit.
487 1993 658 2028 diligentiam
674 1995 783 2028 tribuit,
800 2000 827 2024 et
843 1998 966 2032 requiem
995 1999 1049 2025 im-

255 2037 371 2071 pertitus
383 2042 434 2070 est,
453 2039 489 2065 ita
513 2044 543 2066 ut
560 2048 656 2068 ornt-tes
676 2049 739 2069 cum
757 2042 884 2077 lacrymis
900 2048 1047 2071 exorarent

254 2083 337 2110 etiam
351 2083 472 2112 Persidis
483 2093 546 2112 eum
565 2086 621 2113 fieri
638 2087 825 2121 liberatorem,
837 2089 933 2116 mundi
956 2093 1048 2118 exter-

255 2129 419 2157 minatorem
429 2131 612 2159 trucidantem
627 2131 782 2160 Chosrocn.

289 2174 370 2202 Anno
395 2175 502 2210 imperii
519 2175 635 2204 Heraclii
661 2183 760 2212 quarto
779 2179 888 2208 decituo
902 2180 1042 2210 Chosroes

254 2218 442 2255 Sarablaggan
461 2226 604 2256 praetorem
622 2224 776 2257 constituit,
793 2225 882 2252 virum
901 2226 1042 2255 facinoro~

252 2273 315 2294 sum
329 2271 356 2294 et
365 2267 450 2303 typho
462 2268 578 2295 multum
601 2269 715 2302 elatum,
730 2271 899 2306 tradensque
915 2274 940 2300 ei
958 2282 1040 2302 cxcr-

251 2314 349 2345 citum.
369 2322 418 2342 eos
433 2315 562 2343 videlicet
576 2315 621 2351 qui
639 2316 771 2344 dicuntur
783 2318 996 2354 Chosrohegetm
1009 2329 1042 2349 ac

252 2359 394 2393 Perozilte,
410 2359 438 2388 in
454 2361 598 2388 Albaniam
615 2362 715 2391 direxit
729 2363 862 2393 adversus
871 2365 1038 2394 IIeracIium.

248 2404 375 2440 Cumque
392 2405 510 2440 ingressi
524 2411 617 2435 essent
634 2407 661 2435 in
682 2409 749 2439 lines
763 2410 895 2444 Albaniae,
909 2420 963 2440 non
973 2416 1039 2440 sunt

249 2452 310 2479 ausi
323 2452 357 2479 ad
377 2452 532 2480 bellandum
548 2459 612 2482 ante
639 2456 736 2483 facient
753 2457 927 2493 imperatoria
951 2465 1036 2493 stare,

249 2498 299 2524 sed
311 2498 456 2527 clausuras
473 2503 621 2529 tenuerunt
634 2509 695 2536 qua:
709 2504 813 2531 ducunt
844 2505 872 2533 in
887 2505 1036 2541 Persidem,

247 2544 414 2574 extimantes
434 2546 459 2574 ci
471 2546 624 2575 obsidendo
643 2548 781 2578 insidiari.
802 2550 838 2578 At
867 2559 932 2580 vero
949 2553 1036 2582 Ilera-

246 2590 327 2624 clins,
345 2599 407 2618 cum
425 2600 489 2620 mox
504 2601 552 2622 ver
564 2595 739 2627 accessisset,
753 2597 894 2631 profectus
906 2600 940 2628 de
954 2601 1037 2628 Alba-

245 2635 291 2663 nia
318 2644 366 2672 per
384 2636 481 2673 thios
501 2647 614 2676 campos
625 2645 653 2669 et
672 2643 745 2671 escis
762 2644 874 2680 largiter
891 2646 1035 2676 afﬂuentes

245 2684 392 2710 transitum
414 2684 440 2711 in
465 2685 605 2714 Persidem
620 2687 750 2722 faciebat,
766 2690 830 2718 licet
846 2691 1033 2727 longinquitas

219 2744 223 2747 ι
245 2728 338 2756 multae
354 2731 472 2764 spatium
499 2732 548 2760 viae
571 2735 749 2770 transegerit.
767 2735 952 2774 Sarahlaggas
968 2748 1033 2768 vero

244 2782 293 2810 per
307 2775 420 2804 Arctum
435 2777 487 2805 iter
510 2784 605 2814 utpote
634 2783 861 2816 compendiosum
878 2787 1030 2821 satagebat,

244 2825 274 2847 ut
286 2828 560 2858 praeoccupareteum
573 2826 600 2853 in
615 2827 737 2856 Persidis
751 2831 870 2866 regione.
885 2830 1031 2861 Heraclius

244 2870 335 2894 autem
345 2869 472 2896 monebat
493 2873 622 2905 populum
639 2875 750 2903 dicens:
764 2875 903 2910 Not-imus,
918 2879 1028 2912 fratres,

1116 264 1210 290 equum
1221 266 1312 286 eorum
1327 261 1456 288 diuolsa!
1471 270 1551 297 qua»:
1564 265 1635 298 ipsos
1649 272 1763 295 enervet.
1787 267 1844 296 Nos
1859 278 1912 296 att—

1118 307 1168 330 trm
1193 303 1348 338 festinemus
1378 314 1472 335 contra
1504 308 1637 338 Cltusroeu
1661 320 1806 346 properare
1834 316 1913 344 valde

1115 351 1247 383 celeriter,
1264 356 1293 378 ut
1308 361 1340 379 ex
1356 353 1500 388 improviso
1511 356 1642 384 irruentes
1659 358 1757 385 ineunt
1772 361 1912 389 turbt-mus

1117 396 1204 424 illum.
1221 399 1256 424 At
1272 406 1338 427 vero
1354 401 1471 436 populus
1495 402 1655 436 hujusmodi
1680 407 1828 440 spernebat
1843 416 1912 436 con-

1118 443 1222 476 silium,
1242 448 1269 472 et
1283 446 1401 474 maxime
1414 446 1550 476 Lazarum
1570 454 1597 476 et
1613 449 1807 487 Ilahasgorum
1826 459 1912 490 atque

1115 489 1281 518 Hiberorum
1295 497 1515 522 conccrlatores.
1536 495 1605 524 Hinc
1625 497 1653 524 in
1681 506 1821 528 aerumnas
1838 489 1912 529 inci-

1114 537 1185 564 dunt
1199 546 1205 564 :
1221 539 1345 572 pervenit
1355 539 1427 566 enim
1440 545 1468 567 et
1479 540 1649 570 Sarbarazas
1660 551 1723 570 cum
1735 547 1836 580 populo
1845 554 1910 580 suo,

1114 591 1185 618 quos
1196 586 1270 612 omni
1289 587 1406 622 armavit
1432 587 1534 615 virtute
1547 588 1686 618 Cbosroes
1702 595 1730 618 et
1755 591 1909 622 destinavit

1115 638 1163 665 per
1190 632 1347 659 Armeniam
1367 633 1501 662 adversus
1526 634 1695 665 Heraclium.
1722 637 1911 676 Sarahlaggas

1115 687 1180 706 vero
1198 681 1363 713 sequebatur
1386 685 1449 716 post
1471 687 1576 719 tergum
1594 683 1726 720 Hcraclii,
1752 691 1779 714 et
1795 695 1849 715 non
1861 693 1911 716 est

1115 732 1177 751 cum
1185 733 1217 752 eo
1229 727 1255 753 in
1268 728 1425 755 conﬂictum
1436 736 1576 764 egressus,
1587 738 1751 766 exspectans
1762 735 1835 762 uniri
1843 735 1912 762 Sar-

1115 771 1223 799 haraza‘.
1242 777 1268 800 et
1285 772 1322 800 ita
1336 774 1507 802 constituere
1528 777 1665 810 przelium.
1686 778 1802 814 Cognito
1816 785 1910 808 autem

1114 815 1230 843 Romani
1241 816 1400 846 Sarbarazaa
1413 819 1516 854 impetu
1531 821 1565 848 ad
1579 827 1679 849 metum
1691 825 1820 851 conversi
1831 830 1911 858 sunt,

1074 883 1094 911 Β
1112 867 1140 889 et
1153 862 1186 889 ad
1213 862 1296 898 pedes
1307 863 1484 898 imperatoris
1497 872 1559 892 cum
1578 866 1707 902 Iacrymis
1718 869 1910 903 prociderunt.

1111 909 1229 936 scientes
1240 908 1319 944 quale
1331 909 1432 936 malum
1444 911 1480 937 sit
1495 919 1548 938 non
1561 913 1659 940 cedere
1677 921 1787 940 servum
1803 914 1911 942 domiti

1110 955 1317 988 voluntatibus,
1334 960 1361 983 et
1375 957 1563 991 paenitentiam
1579 963 1690 993 agentes
1707 967 1792 995 super
1809 961 1910 989 inohe-

1109 1002 1211 1028 dicntia
1223 1009 1283 1033 sua,
1294 1009 1376 1037 quam
1385 1003 1509 1037 nequiter
1520 1009 1758 1039 perpetraverant,
1784 1011 1813 1033 et
1833 1007 1911 1035 dice-

1109 1047 1193 1074 bant:
1208 1046 1317 1074 Manum
1328 1052 1400 1074 tuam
1410 1048 1456 1081 da,
1477 1049 1592 1082 domine,
1603 1051 1758 1086 priusquam
1768 1060 1909 1086 pereamus

1108 1092 1199 1118 miseri
1216 1100 1225 1118 :
1243 1092 1360 1119 cedimus
1386 1093 1455 1120 enim
1468 1093 1515 1120 tibi
1530 1095 1556 1121 in
1566 1095 1763 1130 quibuscunque
1774 1105 1909 1131 precept-

1109 1137 1156 1163 ris.
1171 1136 1249 1163 Tunc
1263 1137 1414 1172 imperator
1425 1139 1589 1178 acceleravit
1600 1140 1732 1175 congredi
1744 1149 1807 1168 cum
1819 1140 1907 1168 Sara-

1105 1184 1214 1220 blugga,
1224 1184 1383 1219 priusquam
1397 1186 1524 1212 uniretur
1537 1187 1640 1221 popqu
1652 1185 1764 1214 Sarbari
1775 1196 1782 1221 ;
1795 1193 1824 1215 ct
1836 1188 1907 1215 mulo

1109 1231 1145 1258 tis
1164 1231 1371 1259 incursionibus
1386 1231 1521 1261 adversus
1540 1240 1604 1260 eum
1619 1233 1700 1261 factis
1717 1239 1796 1261 nocte
1814 1241 1848 1261 ac
1860 1234 1907 1262 dic

1105 1277 1178 1304 lnmc
1189 1277 1216 1304 in
1229 1276 1403 1305 formidinem
1415 1279 1530 1313 pepulit,
1543 1283 1572 1306 et
1584 1284 1658 1306 retro
1671 1279 1795 1314 utrisque
1803 1280 1904 1307 dimis-

1104 1322 1142 1350 sis
1161 1327 1258 1349 contra
1274 1323 1419 1350 Chosroen
1450 1324 1582 1352 velociter
1600 1325 1740 1353 insecutus
1758 1330 1813 1353 est.
1845 1326 1905 1353 Duo

1105 1376 1171 1396 vero
1184 1376 1217 1396 ex
1233 1368 1365 1396 Romanis
1374 1377 1405 1397 se
1418 1369 1450 1396 ad
1460 1369 1561 1398 Persas
1571 1370 1728 1404 confertmt,
1744 1376 1771 1399 et
1787 1379 1905 1406 persuaso

1103 1415 1168 1442 dent
1196 1415 1237 1442 eis
1261 1415 1375 1443 credere
1407 1415 1545 1444 Romanos
1565 1425 1597 1445 cx
1621 1417 1771 1446 formidine
1797 1419 1903 1454 fugere-

1103 1459 1224 1496 Contigit
1237 1465 1329 1489 autem
1346 1462 1386 1489 eis
1400 1468 1427 1490 ct
1446 1463 1532 1490 alium
1547 1464 1645 1492 audire
1666 1472 1818 1497 rumorem,
1835 1465 1903 1493 Sain

1103 1506 1208 1534 scilicet
1228 1508 1353 1542 praetoris
1379 1509 1526 1536 Persarum
1541 1509 1688 1538 adventum
1705 1519 1767 1538 cum
1781 1511 1836 1539 alia
1851 1513 1904 1539 mi-

1105 1552 1162 1579 litia
1178 1552 1205 1579 in
1219 1553 1361 1580 auxilium.
1372 1552 1406 1580 Et
1430 1553 1481 1581 hoc
1508 1559 1650 1590 comperto
1671 1556 1857 1592 Sarahlaggas
1873 1563 1903 1585 ct

1106 1597 1246 1625 Sarbarus
1260 1598 1440 1626 decertabant
1453 1599 1609 1627 llcraelium
1631 1601 1764 1637 instigare
1778 1603 1812 1630 ad
1829 1612 1902 1637 pra:-

1103 1643 1182 1674 lium.
1199 1643 1360 1678 priusquam
1375 1646 1529 1679 perreniret
1545 1646 1609 1674 Sain
1630 1652 1657 1674 et
1672 1648 1699 1674 in
1716 1655 1746 1675 se
1759 1650 1902 1676 transfer-

1103 1693 1144 1716 ret
1161 1689 1282 1716 victoriat
1295 1690 1422 1724 gloriam.
1436 1690 1587 1719 Credentcs
1603 1700 1713 1728 quoque
1727 1701 1760 1720 ex
1774 1694 1901 1729 profugis

1102 1740 1285 1770 properarunt
1295 1737 1429 1764 adversus
1446 1737 1615 1772 IIcraeIium,
1631 1744 1658 1767 et
1671 1741 1901 1776 appropinquan-

1102 1785 1143 1808 tcs
1167 1782 1191 1808 ei
1217 1787 1308 1809 castra
1329 1784 1423 1810 metati
1441 1788 1518 1815 sunt,
1540 1785 1664 1813 volentes
1686 1786 1714 1813 in
1729 1794 1790 1813 eum
1815 1788 1900 1815 simul

1103 1835 1165 1854 cum
1180 1835 1260 1856 mane
1274 1829 1391 1857 irruere.
1411 1831 1458 1857 Ast
1479 1830 1622 1858 Ileraclius
1639 1832 1779 1866 profectus
1803 1842 1817 1858 a
1852 1842 1900 1861 ve-

1102 1881 1183 1908 spera
1199 1874 1251 1901 iter
1262 1875 1327 1902 fecit
1342 1883 1390 1908 per
1401 1880 1485 1903 totam
1496 1881 1615 1909 noctem,
1631 1881 1658 1904 et
1677 1880 1772 1913 procul
1785 1879 1901 1907 effectus

1102 1919 1200 1955 ab:eis.
1231 1920 1341 1948 invento
1357 1922 1498 1950 herbil'ero
1512 1931 1624 1959 campo.
1656 1929 1748 1952 castra
1777 1930 1900 1954 ructatus

1100 1971 1144 1994 est
1167 1967 1194 1994 in
1223 1974 1265 1994 eo.
1293 1967 1379 1995 Porro
1399 1969 1512 1997 Barbari
1533 1971 1742 1999 exsistimanles
1772 1979 1836 1999 eum
1863 1981 1899 2000 ex

1103 2012 1248 2040 formldinc
1279 2013 1384 2049 fugere,
1417 2015 1604 2050 incomposite
1636 2018 1834 2052 sequebantur,
1867 2023 1899 2045 ut

1101 2058 1368 2093 comprehenderent
1387 2060 1476 2087 illum.
1500 2061 1561 2096 Ipse
1583 2066 1675 2090 autem
1687 2070 1841 2091 occurrens
1854 2064 1897 2091 eis

1099 2103 1201 2131 bellum
1233 2105 1292 2132 iniit
1314 2105 1447 2134 adversus
1476 2107 1549 2140 illos,
1571 2113 1598 2135 et
1626 2110 1800 2144 apprehenso
1824 2111 1897 2138 colle

1099 2150 1217 2184 quodam
1241 2159 1398 2183 nemoroso,
1421 2159 1643 2190 coacervatoque
1654 2156 1755 2190 popqu
1773 2157 1800 2183 in
1820 2157 1894 2191 ipso,

1098 2197 1293 2231 cooperatione
1309 2196 1356 2225 Dei
1376 2198 1511 2228 Barbaros
1524 2202 1615 2231 vertit.
1626 2206 1653 2229 et
1665 2210 1714 2237 per
1728 2201 1825 2230 fauces
1843 2203 1895 2231 hos

1062 2239 1084 2266 D
1101 2241 1242 2270 insecutus
1263 2243 1465 2272 multitudinem
1488 2254 1522 2273 ex
1546 2245 1588 2274 Itis
1614 2247 1755 2281 copiosam
1777 2248 1892 2275 occidit.

1099 2287 1177 2315 Cadit
1193 2294 1285 2316 autem
1315 2294 1342 2317 et
1366 2290 1547 2326 Sarablaggas
1577 2299 1644 2320 ense
1673 2293 1838 2322 vulneratus
1863 2295 1891 2321 in

1097 2333 1188 2361 dorso.
1203 2334 1304 2363 Etcum
1316 2336 1342 2362 hi
1350 2337 1420 2363 inter
1431 2345 1533 2371 agones
1544 2343 1648 2370 essent,
1662 2340 1787 2374 pervertit
1798 2341 1884 2368 etiam

1097 2379 1162 2406 Sain
1176 2387 1238 2407 cum
1255 2382 1376 2409 exercitu
1393 2389 1455 2410 suo.
1474 2383 1507 2410 Et
1523 2383 1575 2410 hoc
1592 2392 1673 2412 verso
1686 2385 1850 2420 imperator,
1861 2390 1891 2413 et

1095 2431 1128 2451 ex
1143 2425 1186 2452 his
1206 2426 1300 2454 tnultis
1315 2427 1428 2459 Occisis,
1447 2428 1567 2463 reliquos
1586 2428 1724 2464 fugientes
1739 2430 1887 2465 dispersit.

1094 2470 1171 2505 Cepit
1183 2479 1292 2507 quoque
1304 2477 1331 2500 et
1346 2479 1506 2508 apparatum
1525 2477 1642 2504 sarcinte
1655 2476 1790 2511 ipsorum.
1801 2477 1890 2506 Porro

1093 2516 1260 2545 Sarbarazas
1277 2519 1371 2547 unitus
1386 2519 1452 2547 Sain
1466 2521 1578 2556 collegit
1594 2521 1744 2554 Barbaros,
1761 2523 1812 2557 qui
1830 2524 1888 2551 sal-

1093 2563 1147 2589 vati
1164 2563 1283 2596 fuerant,
1299 2569 1324 2592 et
1340 2564 1438 2593 iterant
1463 2567 1648 2601 disponebant
1668 2573 1765 2595 contra
1796 2568 1887 2596 Ilert-

1092 2609 1175 2637 clium
1191 2610 1340 2645 proficisci.
1356 2611 1407 2640 Ast
1424 2612 1574 2648 imperator
1591 2614 1616 2641 in
1633 2615 1746 2650 regione
1768 2615 1886 2644 Hunno-

1091 2662 1151 2682 rum
1169 2659 1196 2683 et
1212 2664 1260 2691 per
1269 2657 1366 2684 horttm
1380 2658 1439 2686 loca
1455 2659 1574 2687 dilIicilia
1591 2660 1740 2689 festinabat
1751 2662 1780 2689 in
1803 2670 1886 2698 aspe-

1089 2699 1129 2727 ris
1140 2700 1208 2728 locis
1222 2709 1254 2728 ac
1270 2701 1369 2734 deviis,
1402 2702 1514 2731 Barbari
1531 2712 1595 2732 vero
1613 2707 1803 2741 sequebantur
1819 2712 1884 2743 post

1088 2753 1162 2774 eum.
1179 2745 1266 2774 Porro
1296 2747 1360 2776 Lazi
1381 2757 1434 2776 una
1464 2758 1527 2777 cum
1554 2751 1671 2787 Abasgis
1696 2754 1882 2783 formidantes

1088 2792 1283 2821 subduxerunt
1310 2802 1340 2822 se
1359 2796 1394 2823 ab
1410 2797 1513 2825 auxilio
1527 2797 1727 2833 Romanorum,
1747 2804 1776 2828 et
1791 2801 1820 2827 in
1836 2808 1881 2828 re-

1086 2838 1195 2872 gionem
1213 2847 1291 2868 suam
1303 2842 1407 2870 reversi
1421 2848 1497 2872 sunt.
1515 2844 1579 2871 Sain
1593 2849 1685 2872 autem
1709 2846 1760 2873 hoc
1776 2847 1877 2874 adver-

1086 2888 1147 2911 tens
1161 2884 1253 2914 furore
1272 2888 1357 2916 multo
1377 2897 1430 2918 una
1443 2897 1508 2918 cum
1522 2890 1642 2919 Sarbaro
1657 2893 1879 2928 persequebatur
