2035 3153
196 136 266 170 13οἱ

592 139 773 170 HISTORIA
794 140 862 170 ECC
867 140 1087 172 LESIAS’I‘ICA
1097 140 1149 171 EX
1168 140 1411 172 THEOPHANE.

1756 136 1828 170 1306

195 193 364 223 Ilenclium.
379 195 451 224 Sane
467 195 616 232 imperator
627 202 737 224 caterva
761 195 876 223 collecta
894 196 984 223 verbis
1000 200 1021 227 Α
1038 205 1157 233 namque
1174 198 1224 225 vim
1248 197 1300 226 sibi
1325 197 1499 231 adiacebant,
1525 200 1647 232 angusta
1674 202 1706 222 ac
1727 194 1825 227 devize,

195 239 247 270 hos
260 241 424 270 exhortatus
433 247 475 270 cst
487 248 513 270 et
522 242 671 270 monimine
686 240 821 273 deiinivit.
834 242 984 276 inquiens:

200 288 343 316 Multitudo
358 298 414 320 νοτ,
429 290 538 324 fratres,
553 289 721 316 inimicorum
733 297 783 316 non
804 289 890 315 (urbe!
903 297 912 315 :
933 289 985 316 Deo

196 335 290 370 quippe
314 335 416 362 colente
441 344 508 362 unus
536 340 707 369 persequetur
725 334 807 361 mille.
835 334 985 362 Mactemus

197 390 259 416 ergo
288 382 462 416 nosmetipsos
488 390 535 415 pro
562 382 648 408 saluta
670 382 785 415 fratrum
816 386 985 414 nostrorum;

198 436 335 456 ordinamus
353 436 477 454 coronam
500 434 657 461 martyrum,
673 436 722 462 quo
750 433 773 454 et
802 428 921 462 futurum
939 436 986 454 nos

199 481 300 509 tempus
314 475 403 502 laudet
419 480 443 501 et
458 475 526 501 Dens
542 475 636 501 reddat
660 475 800 501 mercedes.
819 473 867 501 IIis
882 479 908 501 et
925 474 987 502 aliis

198 521 324 555 pluribus
343 520 434 547 verbis
450 520 594 547 audaciam
610 519 746 547 exercitui
772 519 927 552 conferens,
947 519 987 546 hi-

199 566 249 593 lari
263 567 337 593 vultn
364 566 487 600 pratlium
508 566 629 593 ordinat.
646 566 680 593 Et
707 565 845 592 distantes
863 565 898 592 ab
916 565 987 592 invi-

198 619 258 640 cem
273 612 420 640 intervallo
432 612 534 648 pusillo
547 620 562 639 ει
588 620 668 639 mane
685 620 774 647 usque
797 612 829 639 ad
844 619 987 647 vesperam

198 658 319 694 aggressi
338 666 391 686 non
404 663 468 686 sunt
487 659 515 686 in
531 658 705 685 alterutrum.
723 656 844 693 Vespere
857 665 923 685 vero
944 665 990 684 ar-

198 708 276 739 repto
291 705 440 739 imperator
453 704 552 732 itinere
565 704 707 739 pergebat.
726 703 841 731 Barbari
850 711 915 732 vero
928 707 990 738 post

197 758 260 778 cum
278 751 376 778 iterum
406 751 605 786 sequebantur,
623 755 650 778 et
680 754 888 778 commutantes
917 750 989 776 viam

198 797 271 824 hunc
283 805 473 832 praeoccupare
485 798 607 825 volentes
624 797 750 824 incidunt
770 797 798 824 in
817 797 878 824 loca
903 797 990 832 palu-

197 843 275 875 stria,
297 847 324 870 et
340 843 499 871 aberrantes
523 844 550 871 in
580 851 710 879 magnum
735 842 885 870 discrimen
907 843 989 870 deve-

200 888 288 916 niunt.
301 889 454 924 Imperator
468 897 531 916 vero
543 891 684 918 transiens
699 889 767 916 lines
781 889 928 917 Persarum
942 896 990 924 per

199 935 356 962 Armeniam
371 936 545 971 peragrabat.
560 936 628 963 Cum
652 942 743 963 autem
760 939 834 963 terra
853 936 896 962 illa
911 939 991 962 tene-

199 986 275 1010 retur
292 988 307 1008 a
327 981 430 1014 Persis,
448 982 526 1009 multi
543 989 605 1009 eum
630 981 751 1008 Sarbaro
777 987 991 1015 concurrerunt,

199 1034 231 1054 ac
253 1035 299 1060 per
315 1028 366 1055 hoc
384 1028 470 1055 crevit
489 1028 607 1062 populus
637 1027 708 1062 ejus.
737 1026 873 1054 Praeterea
903 1027 992 1055 hieme

199 1073 347 1100 accedente
358 1073 704 1108 dispersitmultitudinem
721 1081 770 1108 per
780 1074 840 1100 loca
855 1073 991 1108 ipsorum,

199 1123 230 1146 ut
259 1120 468 1154 requiescerent
483 1120 509 1146 in
526 1119 654 1146 domibus
682 1119 752 1146 suis.
776 1119 835 1152 Quo
854 1125 992 1154 comperto

200 1165 344 1194 Heraclius
360 1171 442 1192 noctu
461 1165 546 1192 furari
566 1165 752 1192 meditabatur
778 1166 890 1194 bellum.
908 1167 991 1194 Cum-

198 1220 252 1248 que
267 1211 347 1238 turbo
364 1211 540 1246 tempestatis
554 1211 661 1238 adesset
681 1215 708 1238 et
729 1210 849 1238 Sarbaro
868 1211 993 1246 suspicio

201 1260 274 1286 nulla
310 1258 494 1289 incumberet.
513 1257 608 1284 electis
638 1257 842 1284 robustissimis
862 1257 941 1292 equis
966 1261 993 1284 et

201 1303 363 1332 Iortioribus
391 1303 425 1330 ab
445 1303 595 1334 exercitu,-
613 1302 763 1336 dupliciter
789 1302 840 1330 hos
869 1309 991 1335 armans,

201 1350 334 1384 quosdam
347 1357 378 1376 ex
392 1349 434 1376 his
449 1349 605 1383 praecedere
618 1352 716 1375 contra
733 1347 882 1375 Sarbarum
896 1348 991 1382 jussit,

202 1396 260 1431 ipse
279 1403 343 1422 vero
362 1402 423 1422 cum
439 1394 501 1420 aliis
518 1397 580 1428 post
595 1401 642 1420 cos
658 1393 825 1420 subsecutus
838 1396 890 1420 est.
906 1392 993 1419 Acce-

201 1442 353 1470 lerantibus
372 1448 437 1475 ergo
450 1448 497 1474 per
517 1443 638 1472 noctem,
654 1443 681 1465 el.
707 1438 931 1473 pervenientihus
958 1437 993 1464 ad

202 1487 333 1524 prmdium
354 1487 397 1513 cni
415 1485 577 1513 vocabulum
592 1488 650 1511 erat
664 1484 830 1517 Lasbanum,
851 1484 918 1511 hora
941 1490 993 1510 no-

201 1534 254 1561 ctis
268 1540 352 1565 nona,
369 1532 472 1564 Persae,
495 1531 541 1567 qui
563 1531 591 1558 in
608 1538 640 1558 eo
657 1535 737 1558 erant
752 1535 778 1557 et
799 1531 930 1565 impetum
947 1537 995 1557 co-

202 1583 363 1614 gnoverant,
398 1578 612 1605 insurrexerunt
631 1577 657 1604 in
675 1585 733 1604 eos.
754 1576 806 1612 Ipsi
835 1581 925 1604 autern
946 1576 996 1603 hos

202 1625 414 1656 interfecerunt,
431 1632 487 1651 uno
500 1627 627 1658 excepto,
644 1623 690 1657 qui
709 1622 761 1650 hoc
783 1622 905 1649 Sarbaro
924 1630 996 1649 nun-

203 1671 291 1699 tiavit.
308 1672 342 1697 At
356 1677 421 1698 vero
439 1669 576 1696 Sarbarus
601 1676 715 1703 surgens
742 1668 866 1695 ascendit
882 1676 995 1704 cqunm,

201 1723 229 1746 et
241 1719 331 1745 nudus
344 1722 425 1752 atque
440 1716 626 1743 discalceatus
638 1714 700 1750 fuga
720 1714 836 1741 salutem
855 1718 996 1741 mercatus

202 1768 254 1791 cst.
279 1763 366 1798 IIujns
384 1767 474 1789 autem
500 1761 630 1788 mulieres
660 1765 686 1787 et
721 1766 827 1786 omnem
854 1758 995 1786 Persicam

202 1810 310 1842 ﬂorem,
324 1809 514 1844 principesque
534 1814 566 1834 ac
581 1810 707 1840 Satrapas
729 1813 791 1832 cum
812 1805 907 1832 electis
924 1806 997 1832 mili-

203 1857 278 1885 tibus
298 1856 344 1891 qui
363 1857 389 1882 in
403 1855 549 1882 domorum
567 1857 638 1880 tecta
661 1851 880 1880 conscenderant
896 1856 923 1878 et
939 1851 998 1879 bel-

203 1903 261 1930 lum
274 1906 371 1930 contra
387 1909 416 1928 se
432 1904 668 1936 prmparaverant,
684 1907 733 1933 per
748 1898 836 1932 ignem
852 1898 994 1932 deposuit,

204 1953 231 1976 et
243 1949 313 1976 alios
323 1948 434 1982 quidem
445 1946 560 1977 occidit.
576 1946 646 1972 alios
658 1952 723 1971 vero
740 1944 802 1979 igne
813 1945 997 1978 consumpsit,

204 1993 250 2020 alii
263 1997 354 2020 autem
369 1991 484 2018 manicis
499 1995 525 2017 et
537 1990 717 2024 compedibus
733 1989 854 2024 colligati
873 1993 948 2021 sunt,
962 1990 998 2016 ita

204 2045 231 2067 ut
250 2047 317 2074 pene
333 2038 425 2064 nullus
442 2044 476 2063 ex
492 2036 535 2063 his
551 2036 597 2070 qui
620 2035 733 2062 Sarbari
747 2034 857 2062 fuerant
880 2036 1000 2062 salvare-

204 2090 261 2114 tur.
280 2086 455 2118 Acceperuut
472 2086 562 2109 autem
582 2085 608 2109 et
636 2089 712 2108 arma
730 2081 857 2112 Sarbari,
884 2088 997 2108 aureum

203 2131 333 2159 videlicet
360 2130 501 2165 clypeum,
528 2128 694 2155 machaeram
723 2127 806 2154 etiam
831 2130 858 2154 et
873 2127 997 2154 lanceam

1039 241 1125 268 altera
1152 241 1262 275 quidem
1290 240 1440 268 Tarantum
1472 237 1690 271 ducetis.aﬁera
1721 245 1786 266 vero
1802 238 1830 266 in

1038 290 1140 313 terram
1156 286 1299 322 Syrorum.
1326 285 1425 314 Verum
1441 286 1485 313 illa
1499 294 1559 321 quae
1575 285 1725 313 Tarantum
1740 285 1833 313 lende-

1038 332 1095 366 hat,
1107 333 1276 360 diﬂ'erentior
1287 333 1397 368 quidem
1410 337 1481 365 erat,
1498 333 1544 360 sed
1557 335 1704 367 egestatem
1718 336 1832 360 cuncta-

1040 387 1099 406 rum
1118 378 1236 406 habebat
1247 386 1374 406 escarum
1394 386 1476 414 :quze
1499 386 1563 405 vero
1587 379 1614 405 in
1635 382 1737 405 terram
1757 378 1832 405 ducit

1040 427 1184 461 Syrorum,
1216 425 1338 453 Taurum
1356 425 1457 452 transit
1480 429 1506 453 et
1518 423 1715 452 abundantiam
1730 431 1762 450 ac
1786 424 1833 450 da-

1039 473 1189 509 psilitatem
1203 476 1319 508 prmstat
1346 473 1554 499 alimentorum.
1573 471 1650 499 lianc
1681 471 1832 506 praeferunt

1040 526 1147 551 omnes,
1158 518 1224 546 licet
1237 518 1382 553 abruptior
1393 523 1467 546 esset
1482 523 1510 545 et
1524 518 1586 545 nive
1596 517 1681 544 multa
1694 518 1828 546 severior.

1039 562 1097 591 Hac
1121 563 1213 598 itaque
1224 563 1320 590 labore
1340 563 1427 590 multo
1450 566 1593 590 transacta
1609 563 1637 590 in
1653 566 1758 598 septem
1774 561 1836 589 die-

1040 609 1092 637 bus
1104 613 1291 644 pervencrunt
1306 609 1338 636 ad
1366 608 1480 636 ﬂuvium
1496 608 1604 644 Tigrin.
1633 613 1660 636 et
1679 608 1752 636 hunc
1770 616 1832 636 cutn

1041 660 1269 689 transmeassent,
1283 656 1398 684 veniunt
1415 653 1622 691 Martyropolim
1648 659 1675 682 et
1694 653 1833 687 Amidam.

1041 707 1068 731 et
1083 703 1230 738 quiescunt
1247 706 1303 728 tam
1317 702 1457 730 exercitus
1480 709 1561 737 quain
1583 701 1745 736 captivitas.
1763 699 1834 727 Hinc

1042 754 1070 777 et
1084 749 1192 777 litteras
1212 749 1364 784 imperator
1378 747 1541 784 Byzantium
1562 748 1653 783 potuit
1668 747 1790 779 mittere.
1807 751 1835 774 et

1041 803 1102 831 quae
1116 796 1191 823 circa
1205 803 1236 823 se
1247 801 1327 822 erant
1338 795 1433 822 omnia
1444 795 1580 826 indicare,
1595 798 1622 822 et
1634 794 1732 829 ingens
1743 793 1834 822 facere

1043 841 1174 877 gaudium
1192 841 1309 868 civitati.
1323 840 1461 867 Sarbarus
1479 838 1569 867 autem
1588 839 1690 874 populo
1711 846 1772 872 suo,
1786 839 1833 874 qui

1044 884 1133 912 luerat
1145 884 1298 919 dispersus,
1313 884 1430 911 collecto
1451 883 1603 911 insui-rexit
1622 883 1650 910 in
1668 883 1758 910 illum.
1771 881 1834 911 Ele-

1044 935 1116 959 ctam
1137 938 1204 958 vero
1224 930 1374 965 imperator
1386 930 1458 957 alam
1479 929 1597 956 militum
1615 930 1648 956 ad
1672 929 1834 957 custodien-

1043 976 1093 1004 das
1109 976 1182 1003 misit
1195 975 1413 1010 clausuras,qua':
1431 976 1464 1002 ad
1479 982 1508 1002 se
1528 975 1675 1008 ducebant,
1688 979 1716 1002 et
1732 974 1835 1009 aditus,

1049 1023 1095 1057 qui
1112 1021 1145 1048 ad
1160 1022 1302 1048 Orientem
1317 1024 1406 1048 erant.
1424 1021 1486 1056 Ipse
1505 1021 1667 1048 discurrens
1690 1021 1718 1047 in
1735 1020 1833 1048 faciem

1043 1067 1160 1095 emcitur
1176 1067 1306 1095 Sarbaro.
1317 1066 1444 1102 Cumque
1459 1071 1661 1094 lransmeasset
1676 1065 1833 1102 Nymphiou

1045 1121 1166 1146 amnem,
1190 1113 1225 1141 ad
1246 1113 1413 1148 Euphratem
1444 1113 1579 1148 pervenit,
1600 1113 1628 1140 in
1648 1113 1749 1148 quibus
1777 1119 1837 1140 erat

1046 1169 1116 1196 pons
1133 1168 1220 1188 nexus
1241 1169 1273 1187 ex
1294 1160 1408 1188 funibus
1426 1160 1507 1187 simul
1526 1165 1553 1187 et
1572 1159 1700 1187 navibus.
1720 1159 1755 1187 At
1772 1167 1838 1186 vero

1045 1205 1183 1232 Sarbarus
1209 1205 1355 1232 dissolutis
1375 1205 1488 1232 funibus
1504 1205 1597 1240 pontis
1615 1205 1650 1232 ab
1673 1205 1758 1232 altera
1779 1205 1836 1239 ripa

1045 1251 1071 1278 in
1086 1252 1200 1278 alteram
1216 1255 1302 1278 totum
1318 1251 1457 1278 transtulit
1474 1255 1598 1286 pontem.
1613 1251 1737 1284 Cumque
1751 1251 1838 1286 impe-

1045 1301 1120 1324 rator
1139 1298 1259 1325 venisset
1285 1305 1336 1324 nec
1351 1298 1484 1324 valuisset
1507 1297 1627 1325 transire
1641 1304 1690 1332 per
1710 1301 1836 1330 pontem,

1045 1343 1204 1370 discurrens
1235 1344 1339 1370 invenit
1371 1347 1505 1374 meatum,
1536 1348 1563 1370 et
1591 1343 1665 1370 hunc
1694 1342 1838 1377 inopinate

1045 1388 1146 1415 llIartio
1162 1397 1257 1416 mense
1270 1389 1330 1416 sine
1345 1389 1508 1416 discritnine
1524 1388 1727 1420 transfretavit,
1749 1386 1839 1415 etSa-

1044 1439 1150 1462 mosata
1163 1435 1296 1470 pervenit.
1318 1434 1480 1469 Rursusque
1505 1442 1567 1461 enin
1586 1433 1706 1460 Taurum
1723 1436 1839 1468 praeter-

1045 1482 1133 1514 iisset,
1160 1482 1186 1508 in
1225 1481 1428 1508 Germaniciani
1462 1485 1504 1508 est
1533 1480 1688 1515 profectus,
1723 1483 1837 1506 etcum

1008 1537 1028 1566 ρ
1046 1528 1202 1555 transiisset
1220 1527 1252 1554 ad
1271 1527 1379 1560 Atlana,
1397 1526 1515 1555 venitad
1531 1533 1638 1553 amnem
1657 1525 1755 1552 Saron.
1770 1523 1837 1552 Sat-

1048 1573 1132 1601 barns
1153 1578 1242 1599 autem
1262 1578 1344 1607 ponte
1360 1580 1458 1599 rursus
1477 1572 1504 1598 in
1519 1571 1630 1606 proprio
1646 1570 1708 1598 loco
1723 1574 1839 1596 extenso

1049 1620 1154 1655 absque
1179 1619 1321 1647 obstaculo
1338 1617 1531 1646 transiretavit
1548 1617 1726 1652 Euphratem,
1748 1619 1775 1642 et
1795 1623 1840 1642 se-

1048 1667 1184 1702 quebatur
1196 1669 1258 1700 post
1275 1672 1350 1691 cum.
1363 1663 1417 1691 ‘Ast
1432 1664 1583 1698 imperator
1608 1670 1670 1690 cum
1691 1661 1841 1688 transisset

1049 1716 1158 1747 pontem
1177 1711 1250 1744 Sari,
1271 1711 1383 1738 inventa
1411 1709 1506 1744 requie
1523 1712 1580 1735 tam
1597 1707 1735 1736 exercitus
1757 1713 1839 1741 quam

1049 1757 1209 1784 animalium
1222 1757 1296 1783 circa
1309 1757 1399 1791 ipsum
1411 1759 1504 1782 castra
1518 1757 1638 1781 metatus
1649 1757 1702 1785 est,
1713 1751 1841 1779 reﬁciens

1049 1810 1106 1831 eos.
1124 1803 1253 1829 Pervenit
1269 1806 1359 1828 autem
1377 1806 1403 1828 et
1415 1801 1554 1828 Sarbarus
1573 1800 1600 1826 in
1616 1804 1722 1834 partem
1736 1804 1798 1833 quae
1812 1797 1841 1824 in

1050 1854 1147 1878 contra
1163 1857 1224 1877 csse
1234 1857 1266 1876 ex
1280 1848 1369 1875 altera
1386 1851 1462 1882 parte
1470 1847 1628 1874 videbatur.
1646 1845 1762 1872 Invento
1774 1851 1842 1871 vero

1051 1901 1143 1932 ponte,
1160 1901 1187 1923 et
1202 1894 1416 1930 propugnaculis
1433 1901 1495 1928 qnze
1511 1893 1537 1919 in
1566 1892 1627 1926 ipso
1645 1895 1723 1918 erant
1751 1898 1764 1917 a
1782 1890 1841 1917 Ro-

1050 1943 1140 1970 manis
1156 1943 1290 1972 obtentis,
1318 1946 1410 1968 castra
1438 1943 1558 1967 metatus
1584 1943 1638 1965 est.
1655 1937 1843 1964 lixcurrentes

1050 1993 1141 2016 autem
1160 1988 1240 2015 multi
1257 1987 1447 2014 Romanorum
1469 1993 1518 2019 pcr
1542 1988 1653 2020 pontem
1683 1982 1841 2010 inordinate

1050 2043 1112 2062 cum
1129 2034 1221 2062 Persis
1239 2033 1416 2061 contulerunt
1432 2032 1603 2062 conllietum.
1624 2030 1711 2057 nmlta
1732 2029 1758 2055 in
1772 2028 1841 2063 ipsis

1050 2082 1124 2109 caede
1140 2080 1300 2109 commissa.
1317 2078 1418 2106 Verum
1445 2079 1595 2113 imperator
1611 2076 1662 2103 hos
1683 2075 1842 2102 inordinate

1051 2128 1213 2164 prohibebat
1228 2127 1396 2160 discurrere,
1412 2133 1445 2152 ne
1462 2124 1532 2151 forte
1548 2124 1600 2150 iter
1614 2122 1689 2149 ﬁeret
1706 2121 1840 2149 adversa-

204 2185 282 2212 mque
297 2184 409 2203 auream
428 2180 454 2203 et
469 2179 606 2210 comptam
637 2173 766 2209 pretiosis
783 2173 920 2208 lapidibus
946 2181 993 2200 zo-
1008 2173 1034 2203 D
1048 2175 1097 2202 riis
1110 2182 1170 2201 cum
1180 2173 1235 2200 illis
1247 2171 1428 2200 conveniendi
1444 2170 1476 2197 ad
1490 2173 1601 2205 pontem
1614 2173 1640 2195 et
1651 2167 1754 2203 pariter
1766 2173 1842 2193 com-

206 2232 278 2256 nam.
302 2222 481 2250 nihilominus
510 2225 537 2249 ct
564 2221 750 2248 calceamenta
777 2219 849 2254 eius.
877 2219 926 2246 liis
957 2220 995 2246 ita

205 2269 333 2298 omnibus
363 2268 481 2303 sumptis
512 2267 636 2303 procedit
655 2271 751 2293 contra
781 2266 923 2301 dispersos
948 2272 997 2300 per

207 2318 296 2350 villas,
309 2317 355 2352 qui
373 2317 480 2344 scilicet
497 2318 640 2350 compcrta
657 2314 770 2341 Sarbari
792 2313 854 2348 fuga
876 2313 936 2341 Sine
951 2321 994 2339 re-

206 2364 327 2392 tentione
349 2362 498 2397 fugiebant.
519 2361 579 2395 Ipse
604 2364 696 2387 autem
725 2360 872 2386 insecutus
893 2359 996 2385 multos

206 2417 300 2438 eorum
318 2409 419 2436 occidit
430 2413 456 2434 et
468 2407 575 2434 vinctos
590 2406 695 2440 accepit
712 2414 720 2432 :
736 2405 833 2439 reliqui
852 2412 913 2431 cum
929 2412 996 2431 con-

207 2455 314 2485 fusione
337 2454 364 2480 in
378 2453 518 2480 Persidem
548 2450 725 2485 rcpcdarunt.
748 2449 996 2483 Porroimpcrator

206 2501 327 2529 exercitu
343 2508 394 2527 suo
408 2499 524 2527 collecto
547 2505 609 2524 cum
624 2496 725 2531 gaudio
753 2495 780 2522 in
801 2495 871 2523 locis
887 2494 942 2521 illis
955 2494 997 2521 in-

207 2547 330 2581 trepidus
343 2545 485 2572 hiemavit.

243 2593 337 2620 Mundi
353 2601 426 2620 anno
436 2593 515 2623 GIIG.
532 2592 631 2619 divina:
641 2590 840 2618 incarnationis
850 2597 921 2617 anno
933 2588 996 2621 6I6,

208 2640 396 2675 annoimperii
410 2640 527 2666 Ileraclii
542 2639 586 2671 t5,
605 2639 725 2666 Arabum
740 2637 867 2672 princeps
879 2637 998 2664 Muamet

209 2686 371 2714 habebatur.
389 2685 532 2713 Heraclius
560 2690 650 2712 autem
676 2687 840 2711 coacervato
870 2684 993 2711 exercitu

208 2739 259 2761 suo
273 2732 419 2760 consilium
437 2731 554 2759 iaciebat
569 2738 686 2766 quanam
704 2729 744 2757 via
759 2733 886 2765 pergeret
906 2740 912 2758 :
935 2729 997 2757 duae

1047 2218 1166 2247 meandi.
1182 2218 1303 2252 Populus
1327 2221 1417 2243 autem
1442 2223 1496 2242 non
1510 2213 1706 2248 acquiescebat
1722 2211 1843 2246 impera-

1047 2266 1111 2293 tori.
1127 2265 1212 2292 Porro
1222 2263 1371 2294 Sarbarus,
1385 2261 1552 2298 quibusdam
1565 2258 1705 2286 exercitus
1717 2258 1759 2285 sui
1772 2257 1842 2284 clam

1047 2313 1075 2340 in
1093 2311 1160 2339 locis
1176 2311 1275 2337 abditis
1293 2307 1446 2338 collocatis,
1461 2305 1621 2333 ostenditse
1633 2303 1711 2339 quasi
1732 2303 1842 2337 fugien-

1049 2365 1116 2392 tem,
1135 2367 1166 2387 ae
1183 2359 1223 2386 sic
1251 2357 1388 2384 abstraxit
1406 2355 1507 2382 nmltos
1523 2354 1663 2381 Romanos
1677 2355 1775 2386 praeter
1790 2358 1842 2378 vo-

1049 2410 1107 2433 tum
1124 2403 1298 2438 imperatoris
1324 2402 1356 2429 ad
1373 2401 1575 2428 insecutionein
1593 2399 1635 2426 sui
1653 2401 1841 2426 transeuntes.

1049 2451 1189 2478 Reversus
1207 2453 1310 2480 autem,
1329 2453 1355 2475 et
1375 2448 1416 2475 his
1441 2448 1467 2474 in
1484 2447 1574 2479 fugam
1589 2444 1744 2476 conversis,
1758 2447 1842 2477 quot-

1052 2502 1119 2533 quot
1144 2499 1220 2523 extra
1246 2499 1356 2530 pontem
1380 2493 1528 2528 occupavit
1548 2492 1662 2523 occidit,
1691 2490 1840 2518 vindictam

1053 2551 1198 2579 perpessos
1216 2541 1418 2570 inobedientitc.
1435 2540 1588 2575 Imperator
1605 2546 1671 2567 vero
1688 2545 1750 2565 cuin
1778 2536 1843 2564 bar-

1052 2591 1136 2618 baros
1149 2589 1264 2617 vidisset
1277 2588 1450 2616 insecutione
1468 2587 1580 2614 ordines
1590 2584 1761 2616 dissolvisse,
1772 2587 1799 2610 et
1808 2589 1842 2609 ex

1052 2636 1184 2663 Romanis
1200 2633 1339 2662 stantibus
1367 2633 1395 2660 in
1411 2631 1632 2660 antemuralibus
1658 2628 1713 2665 (5|)
1740 2627 1842 2654 multos

1052 2682 1218 2714 exstinctos,
1236 2685 1333 2708 contra
1349 2687 1398 2707 eos
1417 2678 1557 2714 profectus
1569 2681 1612 2704 est
1635 2675 1721 2702 Porro
1730 2673 1840 2708 quidam

1051 2728 1093 2756 vir
1105 2727 1188 2756 Persa
1204 2727 1348 2763 giganteus
1364 2724 1524 2761 imperatori
1548 2728 1698 2751 occurrens
1724 2719 1797 2746 hune
1812 2717 1840 2745 in
1878 2756 1883 2765 ί

951 2786 1055 2816 ΝΟΤΛΕ
1061 2806 1069 2814 .

244 2838 302 2873 (5|)
322 2838 549 2866 Antemuratibus.
572 2837 671 2873 Matth.
693 2835 941 2873 Ρπκηίεμλινςι.
969 2836 996 2863 in

213 2871 348 2902 \‘v’illclmo
364 2874 383 2901 ll
401 2883 406 2901 :
431 2884 438 2900 ι
458 2872 682 2902 Antemuralibus
700 2871 851 2900 contractis
867 2875 995 2906 cogerent

1051 2833 1214 2896 ldefensores
1243 2831 1315 2861 intra
1331 2838 1426 2859 muros
1451 2829 1597 2858 interiores
1624 2834 1652 2854 si:
1679 2824 1809 2860 recipere.
1826 2833 1837 2850 ι

1073 2876 1134 2896 ABR.

1073 2876 1134 2897 ABB-
