2035 3153
226 175 294 208 i301

775 177 974 208 ANASTASII
997 178 1033 207 ΒΙ
1040 178 1276 208 ΒΙᾸΟΤΗΕΕΑΗ
1282 177 1312 206 II

1795 172 1865 207 1303

224 235 316 262 nu-dio
341 233 434 269 pontis
453 233 626 268 aggreditur.
648 233 699 261 Ast
716 233 866 268 imperator
880 236 932 263 hoc
953 243 1015 271 per—
1032 243 1055 269 Α
1071 235 1243 263 verberibus.
1260 233 1346 261 Porro
1363 233 1480 261 Chazari
1494 232 1628 267 disruptis
1648 232 1758 268 Caspiis
1776 234 1863 268 portis

224 287 308 307 cusso
331 279 358 306 in
383 279 473 306 amnis
489 278 592 305 ﬂuenta
611 279 739 314 proiecit.
760 279 818 307 Hoc
850 289 904 308 uno
920 286 1018 308 ruente

226 326 252 352 in
276 322 368 360 fugam
385 324 499 351 Barbari
517 324 589 351 versi
606 330 680 358 sunt,
697 329 723 352 ct
736 333 790 360 pra:
806 326 933 360 angustia
949 334 1016 361 pon-

225 371 261 398 tis
292 374 321 396 ιιι
347 376 419 396 rana:
449 377 478 396 se
499 369 526 396 in
544 368 657 397 ﬂumine
686 370 841 404 iaciebant;
857 370 903 398 alii
925 376 1017 398 autem

224 417 306 444 etiam
320 416 418 451 gladiis
438 415 662 443 trucidabantur.
680 416 765 443 Porro
787 417 935 444 multitttdo
952 417 1016 445 bar-

226 464 355 490 barorum
380 469 429 497 per
451 461 572 489 ﬂuminis
600 461 674 496 ripas
688 462 788 489 diﬂ'nsa
810 463 958 498 sagittabat
986 471 1018 491 ac

225 508 383 540 resistebat,
395 515 446 535 non
462 508 556 536 sinens
571 513 740 535 transmeare
753 507 903 536 Romanos.
915 508 1016 536 Verum

226 552 376 587 imperator
391 553 528 580 transiens
542 552 659 580 vrriliter
674 552 798 580 barbaris
817 553 934 585 resistit,
953 561 1016 580 cum

225 598 320 632 paucis
338 598 501 633 quihusdam
519 598 660 626 societatis
685 607 742 626 sua:
767 600 1013 635 superagouizans,

226 644 264 670 ita
280 650 310 672 ut
332 644 415 672 etiam
433 652 516 679 super
530 644 581 672 hoc
598 645 735 673 Sarbarus
748 645 968 681 obstupesceret,
989 652 1016 674 et

226 690 259 717 ad
274 690 403 718 Cosmam
420 691 566 726 quemdam
581 692 660 726 juxta
683 700 712 719 se
732 696 860 724 stantem,
878 692 1018 720 Romano-

226 746 285 764 rutn
299 737 445 773 profugum
460 746 492 765 ac
525 738 702 773 magaritam,
720 738 824 766 diceret
842 747 848 766 :
871 737 959 771 Vides,
974 740 1018 766 in-

224 784 333 818 quiens,
349 783 489 816 thsarem,
504 792 518 810 ο
530 783 638 815 Casina,
652 793 731 818 quam
750 786 841 811 audax
851 785 885 812 ad
902 793 1018 820 pugnam

225 832 286 860 utet,
303 834 328 856 et
341 835 434 855 contra
452 834 555 856 tantam
580 830 777 858 multitudinem
802 831 874 857 solus
892 831 1016 863 decertet,

224 878 249 901 et
265 874 332 901 velut
345 875 418 901 incus
429 875 522 909 jacula
538 876 657 903 renuat?
670 883 701 902 ex
730 876 821 903 rubris
837 877 908 903 enim
928 877 1018 904 ocreis

1074 280 1218 309 Persidem
1237 281 1340 307 adeunt
1357 279 1385 306 in
1409 278 1548 314 regionem
1569 274 1716 312 Adrahi'gie
1731 284 1785 304 una
1801 284 1864 304 cum

1073 331 1190 363 prretore
1206 333 1257 354 suo
1271 325 1388 357 Zihebil,
1405 324 1451 360 qui
1463 323 1595 358 dignitate
1612 323 1751 351 secundus
1765 331 1779 350 a
1799 323 1866 350 cha-

1072 379 1160 407 gano;
1190 371 1268 398 etin
1288 377 1459 405 quaecunque
1490 369 1552 396 loco
1583 368 1779 404 peragrabant,
1808 372 1864 394 tam

1073 418 1170 446 Persas
1181 417 1420 452 deprchendebant
1435 423 1518 451 quam
1534 415 1661 442 civitates
1673 419 1700 441 et
1717 414 1795 442 villas
1809 414 1866 448 igni

1072 464 1227 492 tradebant.
1244 463 1388 490 Profectus
1420 470 1483 489 vero
1499 462 1648 496 imperator
1664 468 1678 487 a
1702 460 1804 488 Lazica
1822 460 1866 487 his

1072 511 1204 539 occurrit.
1223 508 1433 537 Zihebilautem
1457 507 1510 535 hoc
1535 508 1594 534 viso
1609 506 1768 533 accclerans
1788 514 1866 533 com-

1072 556 1201 591 plectitur
1213 555 1314 582 collum
1330 554 1391 589 ejus
1405 557 1431 581 et
1449 553 1545 580 adorat
1562 560 1637 585 eum,
1661 552 1753 579 Persis
1765 552 1865 580 civita-

1072 601 1108 630 tis
1120 601 1318 637 aspicientibus
1336 609 1343 627 :
1362 600 1512 627 universus
1530 591 1620 626 autem
1638 598 1788 626 Turcornm
1805 606 1864 633 po-

1072 649 1153 685 pulus
1167 649 1195 676 in
1213 653 1315 675 terram
1341 646 1486 678 cadentes,
1503 653 1535 672 ac
1560 645 1641 680 proni
1668 653 1750 680 super
1764 645 1861 672 faciem

1072 694 1185 727 extenti,
1202 694 1395 729 imperatorem
1406 692 1544 718 honorant
1556 691 1662 718 honore
1678 691 1724 726 qui
1740 696 1781 718 est
1792 691 1864 725 apud

1072 739 1189 776 gentiles
1203 742 1362 766 extraneus.
1383 735 1519 764 Similiter
1545 735 1683 771 principes
1698 742 1794 762 eorum
1817 741 1863 762 su-

1072 794 1121 822 pra
1135 783 1541 820 saxajconscendentesfeodem
1555 782 1694 810 schemate
1709 782 1867 816 procidunt.

1072 833 1275 861 Obtulitautem
1287 830 1394 858 Zihebil
1405 829 1562 864 imperatori
1582 828 1663 856 etiam
1684 828 1770 855 ﬂlium
1785 835 1868 855 suutn

1073 879 1284 915 primogenitum
1299 898 1306 910 ,
1339 876 1422 912 hujus
1445 875 1621 903 sermonibus
1646 874 1814 905 delectatus,
1839 879 1868 900 et

226 922 441 956 agnoscebatur,
469 921 626 956 multasque
649 921 801 956 imperator
818 923 922 958 plagas,
955 923 1131 959 licetBejus
1155 929 1210 951 tam
1242 924 1348 951 vultum
1380 929 1463 957 quam
1493 921 1668 957 prudentiam
1702 920 1867 947 admiratus.

225 968 327 994 nullam
348 968 376 995 in
395 968 446 995 hoc
473 969 567 1003 prmlio
595 970 789 1002 periculosam,
813 970 930 1005 accepit.
950 969 1018 997 Tota

226 1021 292 1040 vero
308 1013 353 1040 die
368 1021 430 1040 cum
458 1013 486 1040 in
503 1014 556 1042 hoc
584 1015 655 1042 bello
672 1019 852 1050 pugnassent,
871 1015 1022 1043 accedente

228 1049 342 1092 vespera
359 1057 393 1084 ab
409 1058 526 1085 invicem
542 1060 661 1094 separati
677 1064 752 1087 sunt.
764 1060 796 1087 Et
812 1049 1021 1096 Sarbarusqui-

225 1103 287 1130 dem
305 1102 405 1130 timens
422 1111 470 1138 per
482 1108 591 1132 noctem
607 1111 682 1132 retro
713 1113 842 1134 reversus
859 1111 911 1140 est,
933 1107 1022 1142 impe-

228 1152 304 1176 :ator
322 1153 412 1176 autem
432 1141 533 1184 populo
546 1158 598 1178 suo
614 1156 778 1179 coacervato
798 1152 831 1179 ad
844 1153 941 1180 urbem
958 1141 1022 1188 pro-

226 1195 331 1228 peravit
343 1194 509 1228 Sebastiani,
522 1201 549 1224 et
565 1205 627 1224 cum
637 1198 706 1233 Alyn
725 1198 839 1226 ﬂuvium
853 1203 1022 1228 transmeas-

227 1243 279 1272 set,
311 1240 337 1268 in
356 1241 407 1268 hoc
422 1242 523 1276 gaudio
543 1243 628 1271 totius
647 1245 747 1272 hiemis
761 1249 883 1280 tempore
899 1253 1023 1274 commo-

229 1291 306 1313 ratus
329 1289 382 1313 est.
413 1286 500 1315 Porro
526 1288 663 1317 Chosroes
682 1290 776 1318 furens
806 1291 891 1324 misit,
908 1297 935 1318 et
961 1291 1023 1319 tulit

226 1331 374 1359 thesauros
392 1339 556 1360 cunctarum
571 1335 750 1362 ecclesiarum
764 1337 882 1371 regionis
894 1344 954 1371 qme
971 1337 1023 1364 sub

226 1376 320 1404 Persis
337 1382 380 1405 est
409 1380 572 1413 constituta,
590 1386 617 1407 et
633 1381 748 1416 cogebat
773 1381 948 1410 Christianos
969 1382 1023 1410 Ne-

226 1422 305 1449 storii
324 1422 381 1450 ﬂeri
398 1429 550 1453 sectatores
567 1425 600 1452 ad
618 1427 861 1462 perstringendum
877 1427 936 1456 sive
960 1435 1023 1463 per-

227 1469 383 1497 cellendum
405 1470 612 1505 imperatorem.

262 1515 343 1541 Anno
357 1516 463 1549 imperii
483 1516 602 1545 Hcraclii
618 1518 650 1545 16
668 1518 805 1546 Chosrocs
817 1517 964 1546 Persarum
975 1527 1022 1546 rei

227 1567 326 1587 novam
342 1560 406 1588 fecit
421 1562 557 1595 militiam,
570 1564 693 1598 prmlium
708 1564 839 1596 initurus,
861 1564 1023 1599 peregrinos

228 1613 260 1632 ac
278 1606 352 1633 cives
370 1611 396 1633 et
408 1615 502 1636 servos
522 1615 556 1636 ex
572 1609 646 1636 omni
664 1609 775 1636 natione
790 1609 861 1636 facta
887 1611 1021 1638 electione

227 1659 414 1686 ruacervans;
431 1661 486 1688 qua
514 1654 648 1683 electione
674 1654 741 1682 Sain
766 1655 868 1683 tradita
896 1656 1019 1691 praetori,

227 1695 280 1722 alia
298 1695 333 1722 50
361 1697 448 1725 millia
470 1706 501 1725 ex
523 1698 659 1735 phalange
677 1699 789 1727 Sarbari
809 1701 897 1728 electa
918 1701 1019 1729 tollens

229 1742 294 1770 huic
305 1743 434 1776 sociavit,
455 1745 663 1781 nominavitque
678 1745 740 1774 illos
756 1754 856 1774 aureos
882 1748 1020 1780 camulos,

226 1789 313 1817 ethos
332 1789 466 1818 adversus
493 1792 687 1827 imperatorem
705 1792 815 1821 direxit.
836 1793 921 1821 Porro
954 1793 1020 1820 Sar-

228 1837 325 1863 harum
340 1844 402 1864 cum
418 1838 524 1872 reliquo
536 1839 657 1866 exercitu
669 1847 719 1867 suo
737 1845 832 1867 contra
855 1839 1018 1868 Constanti—

227 1881 347 1915 nopolim
376 1882 459 1916 misit,
481 1888 617 1918 quatenus
649 1886 775 1918 Hunnos,
805 1886 964 1921 quiessent
991 1888 1018 1915 in

228 1926 388 1960 Occidente,
401 1937 472 1964 quos
488 1931 592 1958 Avares
606 1936 717 1969 Vocant,
733 1939 795 1958 cum
808 1931 974 1967 Vulgaribus
993 1938 1020 1961 et

228 1974 334 2002 Sclavis
348 1979 430 2010 atque
444 1975 594 2010 Gipedibus
611 1977 758 2005 concordia
780 1979 910 2012 sociaret,
925 1978 1020 2014 sicque

228 2021 360 2049 adversus
380 2022 474 2050 urbem
496 2028 686 2058 properarent,
707 2030 734 2051 et
751 2025 823 2053 hanc
852 2025 1020 2052 unanimiter

227 2067 398 2095 obsiderent.
416 2067 484 2096 Cum
508 2076 600 2096 autem
626 2071 676 2098 hoc
691 2070 835 2099 didicisset
855 2072 1018 2106 imperator,

226 2115 377 2141 exercitum
393 2121 473 2141 suum
488 2115 587 2149 triplici
605 2120 681 2150 parte
693 2116 810 2143 divisum
822 2115 976 2143 transmisit
986 2117 1018 2144 ad

227 2159 439 2188 custodiendum
462 2160 569 2194 urbem,
594 2160 758 2197 quibusdam
789 2165 881 2189 autem
908 2162 1019 2190 traditis

227 2205 374 2232 'l'heodoro
390 2205 469 2233 fratri
489 2214 541 2234 suo
557 2211 655 2234 contra
670 2207 735 2234 Saiu
753 2208 856 2236 bellare
868 2210 1018 2245 praecepit;

227 2251 370 2279 humiliori
398 2260 462 2280 vero
477 2256 555 2287 parte
571 2253 629 2289 ipse
645 2257 759 2288 accepta
774 2253 802 2281 in
816 2253 943 2282 Lazicam
957 2262 1020 2290 pro-
1035 2270 1058 2299 υ

228 2303 314 2334 perat,
342 2302 370 2326 et
392 2299 419 2326 in
447 2300 505 2334 ipsa
521 2300 622 2335 degens
639 2300 744 2329 Turcos
760 2301 793 2329 ab
809 2301 931 2335 Oriente,
949 2311 1019 2337 quos

226 2347 368 2374 Chazaros
397 2351 571 2382 nuncupant,
600 2347 627 2374 in
643 2348 776 2375 auxilium
806 2349 935 2376 advocat.
951 2349 1019 2377 Sain

228 2400 294 2420 vero
307 2401 360 2424 una
372 2401 433 2421 cum
449 2393 556 2420 novitcr
568 2394 657 2422 electo
672 2395 797 2423 exercitu
811 2395 975 2430 perveniens
987 2396 1021 2423 ad

229 2439 342 2466 fratrem
356 2439 531 2474 imperatoris
542 2439 720 2468 Theodorum
733 2441 766 2468 ad
775 2440 878 2470 bellum
892 2443 1020 2471 armavit.

229 2485 284 2513 Deo
297 2489 388 2513 autem
403 2494 451 2521 per
464 2487 677 2515 intercessiones
689 2495 798 2523 semper
809 2488 958 2517 laudabilis
971 2489 1021 2518 Dei

230 2532 383 2561 Genitricis
398 2533 563 2568 opitulante,
578 2533 650 2561 bello
665 2536 827 2568 commisso,
845 2537 950 2571 grando
972 2537 1022 2564 mi-

228 2579 355 2607 rabiliter
385 2583 482 2607 eontra
497 2579 632 2607 barbaros
648 2579 748 2607 cecidit
769 2588 921 2617 eorumque
939 2582 1023 2618 pluri-

229 2633 290 2654 mos
307 2626 435 2661 perculit.
451 2625 487 2653 At
503 2633 568 2653 vero
583 2625 656 2654 acies
670 2627 858 2655 Romanorum
883 2629 1021 2664 tranquil-

229 2673 306 2701 litate
332 2672 418 2707 potita
447 2676 501 2700 est.
521 2671 636 2700 Vertunt
664 2676 755 2700 autem
770 2672 888 2701 Romani
909 2673 1020 2710 Persas,

229 2723 257 2747 et
276 2718 448 2746 interficiunt
465 2718 671 2746 multitudinem
690 2720 843 2754 copiosam.
862 2718 918 2748 Hoc
947 2728 1022 2748 com-

230 2768 308 2800 perto
332 2764 471 2792 Chosroes
493 2764 622 2792 irascitur
635 2769 731 2793 contra
748 2764 825 2800 Sain,
843 2766 889 2801 qui
905 2775 938 2794 ex
955 2767 1023 2794 mul-

231 2815 260 2838 to
287 2811 372 2838 animi
402 2811 510 2839 defectu
542 2812 569 2838 in
598 2811 757 2846 languorem
786 2812 911 2842 incidens
934 2814 1021 2841 mori-

232 2860 295 2888 tur;
312 2856 392 2891 cujus
414 2864 516 2893 corpus
525 2857 605 2893 jussu
628 2857 760 2887 Chosrois
778 2859 889 2887 salitum
912 2859 945 2888 ad
958 2867 1021 2888 eum

231 2902 352 2930 delatum
370 2907 427 2936 est;
458 2911 540 2939 quem
562 2904 607 2933 ille
624 2909 762 2933 mortuum
781 2905 873 2934 multis
894 2906 1021 2935 submisit

1072 970 1225 1005 Electisque
1243 969 1352 997 Zihchil
1368 968 1553 1004 quadraginta
1584 966 1708 993 millibus
1739 967 1866 993 virorum

1072 1016 1184 1044 fortium
1196 1016 1271 1043 dedit
1282 1023 1312 1042 ea
1329 1015 1355 1041 in
1366 1014 1497 1041 auxilium
1515 1012 1686 1047 imperatori.
1703 1011 1789 1039 Porro
1805 1012 1867 1046 ipse

1072 1070 1198 1091 reversus
1215 1067 1259 1090 est
1275 1062 1303 1088 in
1334 1061 1473 1096 regionem
1491 1068 1582 1088 suam.
1605 1060 1654 1087 His
1672 1063 1763 1087 autem
1783 1067 1866 1087 accc-

1073 1108 1128 1144 ptis
1153 1108 1304 1143 imperator
1330 1110 1427 1133 c0ntra
1443 1105 1584 1133 Chosroen
1599 1106 1734 1141 procedit.
1751 1106 1785 1132 At
1801 1113 1867 1132 rero

1075 1154 1213 1181 Sarbarus
1236 1152 1439 1180 Chalcedonem
1466 1160 1632 1187 properans,
1661 1152 1821 1185 Avaresque
1851 1159 1867 1178 ι

1073 1200 1180 1228 Thrace
1199 1199 1261 1227 urbi
1289 1199 1519 1234 propinquantes,
1536 1199 1608 1225 hanc
1633 1198 1794 1233 depopulari
1813 1205 1864 1224 γοα

1074 1246 1145 1277 lunt,
1164 1250 1189 1272 et
1202 1245 1295 1271 multis
1309 1244 1445 1271 machinis
1458 1243 1593 1271 adversus
1620 1250 1680 1270 eam
1704 1243 1868 1276 commotis,

1074 1296 1101 1319 et
1117 1291 1227 1318 navium
1243 1290 1413 1325 sculptarum
1434 1298 1465 1316 ex
1483 1289 1554 1317 lstro
1568 1288 1743 1316 multitudine
1758 1288 1869 1316 inﬂuita

1074 1345 1121 1365 seu
1137 1335 1330 1364 innumerabili
1348 1327 1560 1369 delatafsinum
1576 1343 1663 1362 cornu
1681 1335 1864 1370 repleverunt.

1074 1383 1173 1412 Decem
1193 1391 1259 1410 sane
1281 1383 1379 1410 diebus
1399 1382 1495 1409 urbem
1517 1381 1690 1414 obsidentes,
1708 1381 1867 1416 bellumque

1074 1435 1146 1458 terra
1157 1430 1280 1464 marique
1296 1432 1431 1464 gerentes,
1446 1427 1493 1454 Dei
1509 1428 1611 1455 virtute
1630 1428 1732 1462 pariter
1761 1431 1789 1454 et
1819 1434 1868 1454 eo-

1075 1477 1245 1511 operalione,
1271 1482 1320 1502 nec
1336 1482 1390 1502 non
1407 1480 1434 1502 et
1460 1474 1629 1501 intemerata:
1652 1473 1699 1501 Dei
1724 1473 1818 1500 Matris
1838 1477 1868 1500 et

1076 1522 1195 1557 Virginis
1214 1521 1461 1548 intercessionibus
1488 1520 1612 1555 superati
1630 1524 1705 1547 sunt.
1735 1519 1807 1552 Quin
1838 1524 1868 1547 et

1075 1568 1250 1595 multitudine
1270 1568 1380 1602 copiosa
1398 1575 1511 1594 suorum
1530 1572 1585 1593 tam
1603 1567 1629 1594 in
1651 1571 1724 1598 terra
1740 1573 1822 1600 quam
1838 1566 1867 1593 in

1076 1614 1144 1642 mari
1155 1614 1291 1649 deposita,
1309 1621 1371 1641 cum
1385 1613 1491 1648 ingenti
1505 1612 1670 1640 confusione
1693 1612 1725 1639 ad
1738 1612 1797 1639 loca
1816 1619 1868 1640 sua

1077 1660 1181 1687 reversi
1192 1663 1265 1687 sunt.
1281 1659 1368 1686 Porro
1381 1658 1517 1687 Sarbarus
1526 1658 1726 1686 ChaICcdonem
1735 1657 1870 1686 obsidens

1075 1715 1130 1734 non
1143 1706 1299 1741 emigravit,
1313 1706 1361 1733 sed
1378 1705 1478 1733 ibidem
1488 1705 1631 1736 hiemavit,
1650 1708 1705 1731 tam
1730 1704 1870 1732 incursio-

1075 1761 1124 1781 nes
1139 1761 1222 1787 agens
1234 1759 1370 1788 quamque
1382 1751 1545 1786 deprmdans
1559 1751 1711 1778 confiuales
1721 1756 1825 1785 partes,
1842 1756 1870 1778 et

1074 1800 1198 1827 civitates
1219 1800 1281 1835 igne
1292 1799 1457 1833 disper-leus

1109 1844 1187 1871 Anno
1197 1843 1304 1878 imperii
1318 1844 1359 1871 sui
1373 1843 1407 1870 17
1416 1842 1556 1870 Heraclitls
1568 1851 1581 1870 a
1592 1851 1686 1870 mense
1694 1841 1871 1878 Septembrio

1072 1889 1214 1925 ingressus
1224 1889 1359 1917 Persidem
1369 1896 1423 1916 una
1433 1897 1493 1915 cum
1504 1888 1602 1916 Turcis
1612 1889 1751 1924 inopinate
1760 1894 1872 1923 propter

1073 1935 1191 1963 hiemem
1213 1935 1239 1962 in
1259 1935 1388 1962 ecstasim
1405 1934 1480 1962 misit
1494 1934 1636 1963 Chosrocu
1648 1956 1654 1967 ,
1676 1943 1737 1962 cum
1755 1934 1807 1962 hoc
1824 1935 1870 1962 di-

1072 1981 1197 2009 dicisset.
1213 1982 1247 2008 At
1260 1989 1324 2009 vero
1340 1978 1425 2008 Turci
1439 1986 1494 2008 tam
1511 1981 1600 2009 hieme
1618 1989 1700 2016 quam
1715 1981 1868 2016 frequenti‘

1072 2027 1124 2054 bus
1139 2027 1283 2054 Persarum
1293 2025 1454 2054 incursibus
1464 2026 1666 2060 contemplatis.
1680 2033 1733 2052 non
1749 2026 1870 2053 l'erentcs

1072 2073 1175 2109 pariter
1189 2080 1251 2100 cum
1270 2072 1448 2107 imperatore,
1471 2071 1600 2098 laborare
1615 2075 1760 2106 cmpcrunt
1775 2071 1870 2106 paula-

1073 2118 1177 2152 timque
1190 2117 1326 2148 diﬂluere,
1342 2120 1369 2144 et
1384 2123 1480 2143 omnes
1494 2124 1527 2143 co
1541 2117 1656 2144 dimisso
1672 2117 1775 2144 rerersl
1790 2121 1867 2143 sunt.

1071 2163 1122 2190 Ast
1137 2163 1286 2198 imperator
1304 2162 1442 2190 allocutus
1458 2166 1500 2190 est
1516 2162 1646 2197 populum
1661 2169 1741 2189 suum
1754 2162 1869 2189 dicens:

1072 2208 1180 2241 Scitote,
1200 2208 1308 2243 fratres,
1320 2209 1384 2243 quia
1399 2216 1476 2235 nemo
1495 2208 1572 2235 nobis
1594 2209 1649 2236 vult
1668 2208 1800 2234 auxiliari
1816 2208 1870 2236 nisi

1072 2255 1145 2282 solus
1158 2255 1237 2286 Deus,
1256 2259 1281 2282 et
1304 2262 1362 2290 qua:
1377 2257 1446 2282 hunc
1462 2256 1561 2289 peperit
1579 2254 1637 2282 sine
1653 2255 1753 2282 semine
1769 2253 1868 2287 Mater,

1073 2306 1102 2328 ut
1114 2301 1232 2328 ostendat
1246 2301 1391 2335 potentiam
1406 2309 1492 2334 suam,
1506 2302 1633 2336 quoniam
1642 2309 1694 2328 non
1707 2302 1733 2328 in
1748 2301 1870 2328 multitu-

1073 2347 1307 2383 dine,poputorum
1327 2354 1371 2374 seu
1393 2355 1529 2374 armorum
1549 2352 1589 2374 est
1604 2347 1689 2379 salus,
1711 2349 1756 2374 sed
1778 2348 1804 2374 in
1824 2356 1869 2374 eos

1072 2394 1230 2429 quisperant
1243 2401 1321 2428 super
1334 2392 1519 2420 misericordia
1526 2394 1595 2428 ejus,
1606 2395 1689 2420 mittit
1699 2394 1870 2429 adjutorilm

1072 2449 1160 2468 suum.
1177 2441 1212 2468 At
1228 2448 1292 2467 vero
1305 2438 1440 2468 Chosroes
1453 2440 1625 2468 coacervatis
1638 2441 1747 2468 cunctis
1760 2441 1870 2470 militiis

1073 2488 1132 2516 suis
1161 2491 1304 2522 prictorem
1333 2487 1460 2521 provehit
1493 2494 1577 2522 super
1598 2488 1659 2515 illas
1684 2487 1869 2521 Rliazantem,

1073 2533 1162 2561 virum
1188 2532 1446 2560 bellicossissimum
1470 2539 1502 2560 ac
1522 2532 1724 2565 fortissimum,
1745 2537 1773 2560 et
1794 2533 1869 2561 hunc

1073 2579 1205 2606 adversus
1220 2578 1375 2606 Hcraclium
1391 2579 1523 2606 destinat.
1534 2579 1727 2614 Atimperator
1741 2579 1869 2608 civitates

1073 2624 1195 2653 Persidis
1214 2629 1296 2660 atque
1311 2624 1423 2652 castella
1438 2624 1496 2660 igni
1517 2625 1641 2658 tradidit,
1661 2630 1687 2653 et
1703 2625 1869 2654 accedentes

1073 2672 1171 2700 Persas
1194 2672 1351 2707 rhomphtea
1377 2672 1534 2699 consumit.
1561 2671 1682 2706 Septima
1711 2679 1778 2699 vero
1799 2672 1866 2700 ldus

1073 2719 1200 2747 Octobris
1218 2718 1338 2754 pervenit
1348 2718 1375 2746 in
1396 2719 1535 2754 regionem
1544 2717 1716 2752 Chamaitha,
1726 2723 1752 2746 ct
1761 2718 1869 2746 refncil-

1075 2767 1141 2793 lavit
1153 2765 1283 2801 populum
1300 2772 1348 2800 per
1363 2764 1497 2800 integram
1513 2763 1868 2792 hebdomadam.Rbazates

1074 2817 1164 2840 autem
1187 2813 1297 2840 veniens
1313 2811 1490 2839 Ganzachum
1507 2815 1569 2847 post
1593 2820 1655 2838 cum
1677 2811 1766 2839 factus
1783 2815 1827 2839 est
1841 2816 1869 2838 et

1074 2864 1196 2891 secutus,
1215 2858 1349 2886 Romanis
1365 2861 1428 2885 ante
1445 2858 1622 2894 pergentibus
1636 2862 1663 2885 et
1678 2858 1870 2885 consumend-

1074 2905 1126 2933 btts
1143 2911 1231 2934 escas.
1251 2904 1310 2941 ipse
1329 2912 1392 2933 vero
1408 2909 1468 2940 post
1484 2908 1602 2939 tergum,
1622 2909 1652 2932 ut
1668 2904 1745 2932 canis
1764 2904 1867 2932 latncm
