2035 3153
252 161 318 195 1311

790 168 990 199 ANASTASII
1017 168 1332 199 BIBLIOTHECARII

1814 168 1887 202 131!

249 219 345 253 [furius
361 220 489 247 utentibus
510 228 614 253 carem,
639 222 684 254 qui
699 227 787 250 artum
806 228 911 256 pontem
928 223 1040 251 habetat
1055 224 1078 252 Α
1093 223 1154 250 aliis
1179 223 1291 251 urbibus
1315 222 1505 250 mttltitudines
1529 221 1657 257 copiosae.
1679 222 1754 251 Fecit
1779 223 1885 253 interea

248 267 386 301 angustias
404 275 458 301 prie
468 267 675 295 habitationibus
691 269 802 303 multas,
822 279 867 297 nec
880 279 931 298 non
946 275 970 297 et
988 271 1037 305 fa:-

251 313 301 339 Idi
320 314 380 340 rivi.
400 313 547 348 Imperator
570 323 636 349 ergo
655 316 771 343 consilio
789 324 851 343 cum
867 316 1038 352 principibus

251 358 321 386 inito
336 363 362 386 et
385 360 507 386 exercitu
523 360 592 387 sedit
618 360 645 386 in
670 361 771 394 palatio
791 361 888 389 Beehal
907 371 913 388 :
938 363 1039 397 reperit

251 404 351 438 quippe
369 404 396 432 in
421 412 474 432 una
498 414 531 432 ex
556 407 707 440 porticibus
727 408 787 442 ejus
811 409 949 443 saginatas
975 417 1039 438 aves

251 454 400 483 trecentas,
431 455 457 478 et
486 451 511 478 in
539 453 591 480 alia
623 456 729 486 porticu
759 461 872 489 capreas
901 456 1039 491 saginatas

251 495 428 530 quingentas,
444 503 526 530 porro
546 497 571 524 in
590 498 642 524 alia
659 499 800 533 saginatos
816 508 899 535 agnos
917 506 1037 534 centum,

251 548 312 574 quae
323 542 423 576 populo
441 547 538 570 cuncta
554 543 674 570 donavit.
690 544 724 571 Et
738 544 874 574 Kalendas
895 545 1039 590 Januaria/s

253 586 308 614 illic
321 586 454 616 fecerunt.
475 589 597 623 Denique
620 590 738 618 inventis
752 592 850 620 ovibus
866 597 892 620 et
909 594 999 628 porcis
1013 586 1040 622 et

252 632 350 665 bobus,
368 641 485 668 quorum
502 643 556 662 non
572 641 630 662 erat
647 644 789 670 numerus,
806 639 940 672 requievit
959 648 1042 676 popu-

251 676 295 704 lus
318 677 481 711 universus,
509 680 650 714 epulantes
680 686 706 708 et
734 683 919 717 gleritieantes
945 684 1041 714 Deum.

251 723 386 752 Prteterea
412 726 617 761 comprehensis
638 722 679 756 eis
702 729 748 763 qui
778 729 830 756 ista
855 731 1041 763 conferebant,

251 769 408 797 didicerunt
423 772 456 798 ab
473 772 525 799 illis
541 773 671 807 liquidius
683 775 755 808 quod
768 775 903 804 Chosroes
920 785 934 803 a
949 777 984 804 25
999 778 1043 805 die

252 815 412 844 Decembris
425 818 541 851 mensis,
554 824 693 854 comperto
709 822 782 855 quod
794 823 942 857 imperator
956 829 1044 852 trans-

253 862 329 891 iisset
348 867 459 898 pontem
481 863 599 897 Toruae,
623 866 767 894 confestim
789 873 880 896 motus
904 869 984 897 fuerit
1009 870 1042 898 de

252 909 354 944 palatio
369 910 442 945 quod
464 916 524 938 erat
542 912 569 939 in
587 913 747 947 Dastagerd,
765 921 826 941 cum
847 923 944 950 magna
964 916 1044 943 Ctisi-

253 956 382 990 phontem
398 956 538 984 celeritate
558 958 692 992 petiturus
705 978 711 989 ,
732 960 840 987 onustis
863 969 895 988 ex
916 962 1044 989 omnibus

253 1002 390 1035 pecuniis,
403 1010 473 1037 quas
487 1003 603 1031 habebat
618 1005 644 1031 in
657 1005 770 1039 palatio,
783 1010 838 1033 tam
855 1007 1045 1041 elephantihus

252 1054 334 1082 quant
351 1048 464 1076 camelis
479 1054 559 1083 atque
576 1050 747 1078 burdonibus
761 1051 816 1086 (54)
831 1053 974 1080 ministerii
990 1054 1044 1087 sui,

253 1092 379 1120 scribens
399 1098 425 1121 et
447 1094 547 1128 populo
567 1094 671 1122 Rhazat
694 1100 723 1122 ut
741 1097 952 1132 ingrederentur
972 1098 1045 1126 idem

252 1139 383 1174 palatium
402 1145 429 1167 et
445 1141 599 1175 principmn
622 1141 729 1174 domos,
753 1147 781 1170 et
804 1143 936 1179 quidquid
954 1145 981 1171 in
1003 1144 1046 1172 his

253 1185 423 1214 inveniretur
442 1187 592 1215 auferrent.
615 1188 709 1223 itaque
732 1189 882 1224 imperator
897 1190 1045 1218 dimidium

254 1231 365 1266 quidem
390 1233 540 1260 exercitum
565 1234 640 1261 misit
653 1235 685 1261 ad
710 1234 872 1271 Dastagerd,
898 1236 957 1271 ipse
982 1245 1046 1265 vero

254 1286 304 1314 per
320 1278 402 1306 aliam
423 1281 493 1306 viam
512 1281 579 1307 abiit
599 1281 633 1308 ad
651 1281 724 1309 aliud
752 1282 881 1316 palatium
899 1283 972 1318 quod
998 1290 1047 1311 co-

255 1326 468 1358 gnominabatur
498 1326 667 1354 Bebdarach.
695 1328 728 1354 Et
755 1328 800 1355 his
824 1329 914 1356 ruinis
936 1333 963 1356 et
989 1328 1046 1364 igni

256 1370 363 1398 traditis
379 1371 482 1406 gratias
505 1379 586 1406 egere
607 1372 680 1404 Deo,
698 1374 743 1407 qui
767 1381 814 1407 per
838 1374 1048 1403 intercessiones

258 1416 302 1443 Dei
325 1417 474 1445 Genitricis
501 1419 565 1446 talia
590 1419 724 1446 miracula
750 1423 865 1454 patrat:
889 1421 951 1455 quis
976 1421 1049 1449 enim

256 1464 377 1496 speravit
397 1465 629 1500 nnquam_fugere
647 1465 788 1492 Chosroen
809 1473 824 1492 a
843 1465 912 1493 facie
934 1465 1049 1496 Romani

256 1508 389 1542 principis
405 1509 439 1536 de
464 1509 571 1544 palatiis
588 1510 646 1536 suis
662 1517 723 1544 qua:
743 1514 822 1537 erant
840 1510 867 1537 in
889 1510 1048 1546 Dastagerd,

257 1558 284 1580 et
301 1559 392 1588 petere
410 1555 622 1589 Ctisiphonlem,
639 1556 703 1582 dum
717 1563 732 1582 a
750 1556 845 1590 viginti
866 1560 981 1591 quatuor
996 1565 1044 1585 an-
1059 1569 1081 1597 ο

257 1599 301 1626 nis
316 1606 412 1633 passus
429 1600 627 1634 Ctisiphontem
649 1601 741 1628 videre
762 1609 816 1628 non
834 1601 934 1635 fuerit,
954 1603 1001 1630 sed
1017 1604 1043 1630 in

257 1645 407 1680 Dastagrrd
434 1646 534 1680 regalia
558 1646 617 1681 ejus
642 1647 739 1674 erant?
767 1646 932 1674 invenerunt
955 1652 1044 1676 autem

258 1692 349 1725 populi
368 1690 551 1733 Romanorum
566 1692 592 1719 in
609 1692 718 1728 palatiis
733 1692 793 1727 ejus
808 1693 878 1728 apud
898 1694 1044 1730 Dastagerd

258 1736 310 1764 330
327 1736 513 1764 Romanorum
530 1738 629 1772 bamia,
646 1746 706 1774 qua:
727 1747 775 1774 per
793 1739 900 1767 diversa
916 1745 1047 1775 ceperunt

258 1785 394 1816 tempora.
413 1783 579 1811 invenerunt
592 1784 674 1812 etiam
688 1789 715 1812 et
729 1785 845 1820 species,
861 1793 922 1820 qua:
937 1794 1046 1814 reman-

259 1833 363 1862 serant,
379 1830 493 1863 multas,
505 1830 580 1858 aloes
592 1831 698 1859 scilicet
713 1832 839 1864 multam,
854 1838 880 1859 ct
895 1833 966 1867 ligna
988 1833 1048 1861 aloe

259 1882 369 1910 magna,
386 1884 419 1902 ex
439 1876 539 1910 quibus
559 1877 774 1912 unumquodque
791 1877 823 1904 70
839 1879 945 1913 pondus
964 1878 1048 1906 hahe-

259 1920 306 1948 bat
321 1920 407 1949 ve180
422 1922 564 1955 librarum,
576 1927 603 1951 et
617 1923 733 1951 sericum
748 1924 901 1958 copiosum,
914 1932 946 1951 ac
961 1924 1048 1960 piper,

258 1971 286 1994 tt
301 1967 453 1996 rhaibasias
467 1968 523 2004 (55)
542 1969 670 1997 eamisias
690 1970 801 2002 multas,
822 1971 920 1997 sachar
937 1978 1049 2006 quoque

258 2016 341 2047 atque
362 2013 486 2047 zingiber
498 2018 525 2041 et
538 2014 606 2041 alias
622 2014 727 2048 species
749 2015 820 2041 ultra
835 2022 993 2042 mensuram
1008 2016 1049 2043 vel

259 2065 402 2084 numerum
417 2066 424 2091 ;
440 2057 551 2093 quidam
571 2066 637 2086 vero
651 2063 678 2086 et
692 2063 833 2094 argentum
848 2064 876 2086 et
894 2059 1050 2087 holoserica

259 2104 420 2131 vestimenta
435 2124 442 2136 ,
459 2104 626 2131 lectisternia
645 2112 691 2132 seu
713 2112 764 2132 acu
789 2106 890 2140 tapetia
910 2110 1049 2138 contexta,

258 2156 376 2183 quarunt
385 2154 443 2176 erat
451 2149 528 2184 copia
539 2150 636 2181 multa,
645 2154 775 2184 erantque
782 2151 872 2178 omnia
883 2151 954 2179 bona
963 2152 1050 2186 valde,

259 2202 320 2229 qua:
340 2200 481 2230 propterea
497 2195 568 2230 quod
588 2196 681 2230 gravia
700 2200 809 2228 essent,
826 2198 935 2231 penitus
956 2198 1052 2226 incen-

1091 270 1242 304 impcrator
1262 269 1439 308 festivitatem
1456 269 1602 297 Luminum
1624 277 1708 305 penes
1732 270 1885 307 Dastagerd

1089 315 1207 347 ltelatus,
1229 319 1257 343 et
1270 322 1397 343 recreans
1417 320 1472 342 tam
1493 315 1621 350 populum
1641 324 1724 351 quam
1743 317 1885 351 jumenu,

1090 361 1157 395 quin
1173 366 1199 388 et
1212 360 1344 388 Chosrois
1360 361 1461 396 palatia
1479 361 1638 393 destruens,
1659 362 1774 391 aedificia
1791 364 1887 392 videli-

1091 412 1134 434 cet
1150 415 1209 442 qua:
1233 411 1310 435 erant
1325 408 1514 442 eomptissima
1529 412 1554 435 et
1572 408 1753 441 admiranda,
1774 410 1887 439 domos-

1092 458 1145 485 que
1162 451 1311 485 stupendas
1324 472 1332 483 ,
1351 459 1420 486 quas
1438 459 1524 486 usque
1546 451 1579 479 ad
1600 453 1786 487 pavimentum
1801 456 1888 491 depo-

1093 495 1147 522 suit
1164 500 1299 529 quatenus
1314 495 1452 524 Chosrocs
1468 496 1601 524 edisceret
1617 505 1698 532 quam
1716 499 1815 528 durum
1838 501 1887 529 ha-

1094 540 1202 568 buerint
1219 540 1336 569 Romani
1358 542 1480 569 dolorem
1497 543 1611 570 urbibus
1628 545 1688 572 suis
1703 545 1834 575 desolatis
1852 549 1889 575 ab

1093 594 1125 614 eo
1138 587 1316 616 nihilominus
1333 593 1360 616 et
1376 579 1508 616 inec-usis.
1526 588 1606 616 Tenti
1622 595 1711 618 autem
1730 597 1792 620 sunt
1807 597 1836 620 et
1851 601 1887 622 ex

1093 633 1189 660 aulicis
1204 634 1297 668 palatii
1311 635 1400 667 multi,
1414 635 1460 669 qui
1478 634 1639 671 interrogati
1655 638 1762 671 quando
1776 638 1887 667 disces-

1093 679 1160 707 serit
1178 680 1314 707 (Zhosroes
1337 688 1351 707 a
1376 681 1534 716 iiastagerd,
1556 688 1735 710 asseruerunt
1756 694 1762 711 :
1784 685 1853 713 Ante
1871 686 1889 713 9

1093 724 1239 759 dierprius
1261 734 1340 760 quam
1357 735 1400 753 ros
1413 727 1544 754 reuiretis.
1561 729 1659 754 Audito
1677 729 1790 757 adventu
1803 736 1890 758 uestro

1095 770 1206 798 latenter
1216 776 1321 806 pertuso
1333 780 1408 798 muro
1415 773 1544 804 ciuitatis,
1555 773 1600 807 qui
1611 774 1734 808 csljuxla
1743 776 1889 810 palatium,

1096 819 1192 841 temere
1203 823 1249 849 per
1265 815 1354 843 hortos
1368 817 1458 848 exivit,
1474 818 1528 851 ipse
1539 822 1563 844 ει
1592 826 1659 845 uror
1672 824 1696 846 et
1708 820 1759 854 ﬁlii
1774 822 1844 853 eius,
1860 830 1893 849 ns

1097 859 1169 894 ﬁeret
1183 860 1310 887 tumultus
1330 861 1484 888 incivitate.
1511 862 1543 888 Et
1558 870 1646 896 neque
1672 864 1775 891 militice
1802 865 1893 899 ipsius

1098 912 1250 940 cognovere
1259 914 1347 941 neque
1356 907 1494 942 principes
1509 908 1579 943 ejus,
1594 917 1736 944 usquequo
1751 911 1893 940 miliiariis

1096 951 1217 986 quinque
1236 952 1375 986 perrexit,
1402 952 1535 987 siquidem
1553 958 1617 980 tunc
1632 955 1769 982 mandavit
1785 964 1842 990 quo
1863 964 1894 984 se

1097 1002 1277 1031 sequerentur
1296 997 1496 1033 Ctisiphontem
1512 999 1666 1027 tendentes.
1684 1000 1717 1026 Et
1731 1001 1754 1028 is
1770 1002 1816 1036 qui
1837 1010 1894 1029 non

1097 1045 1204 1077 poterat
1217 1043 1337 1077 quinque
1355 1044 1482 1071 milliaria
1509 1044 1598 1072 facere
1615 1053 1663 1080 per
1680 1046 1763 1078 diem,
1783 1048 1896 1082 fugiens

1096 1087 1162 1115 fecit
1175 1089 1268 1124 viginti
1285 1089 1415 1124 quinique,
1434 1091 1618 1127 mulieresque
1640 1100 1671 1119 ac
1689 1094 1735 1120 lilii
1754 1095 1826 1129 ejus,
1847 1096 1895 1130 qui

1097 1141 1127 1162 se
1140 1134 1216 1169 prius
1238 1135 1386 1163 alterutros
1410 1144 1463 1164 non
1479 1138 1618 1169 videbant,
1637 1142 1703 1166 tunc
1719 1140 1825 1168 mixtim
1848 1141 1893 1169 fu-

1098 1179 1210 1216 giebant
1224 1180 1340 1209 invicem
1351 1183 1531 1218 impellentes.
1545 1184 1667 1220 Cumque
1684 1194 1737 1213 nox
1755 1187 1895 1215 accessis-

1099 1231 1151 1259 set,
1169 1227 1292 1256 introivit
1304 1228 1443 1257 Chosroes
1460 1230 1486 1256 in
1499 1230 1611 1258 domum
1624 1232 1747 1267 agricola:
1759 1234 1852 1265 nihili,
1865 1235 1894 1262 in

1100 1274 1181 1309 cujus
1203 1276 1274 1303 ostio
1299 1276 1344 1304 vix
1368 1285 1479 1305 manere
1501 1279 1668 1313 przevaluit;
1697 1281 1768 1315 quod
1795 1282 1896 1310 videns

1100 1321 1274 1355 postmodum
1284 1321 1426 1351 Heraclius
1441 1323 1593 1351 admiratus
1605 1329 1657 1353 est.
1668 1324 1719 1353 Per
1728 1330 1785 1354 tres
1800 1332 1894 1355 autem

1101 1365 1160 1393 dies
1175 1367 1241 1394 adiit
1260 1367 1473 1402 Ctisiphontem.
1489 1368 1561 1396 Sane
1579 1370 1716 1398 Chosroes
1729 1379 1893 1406 responsum

1102 1415 1246 1446 acceperat
1261 1419 1275 1439 a
1293 1412 1425 1440 maleficis
1440 1419 1467 1441 et
1487 1416 1632 1450 astrologis
1651 1422 1714 1444 ante
1733 1423 1853 1452 quatuor
1866 1424 1896 1446 et

1102 1456 1214 1485 vicenos
1225 1466 1324 1491 annos,
1342 1459 1450 1493 quando
1466 1459 1555 1488 Dacos
1569 1462 1751 1497 depopulatus
1766 1468 1806 1491 est
1825 1469 1896 1492 tetu-

1103 1504 1218 1538 poribus
1234 1504 1331 1532 Phocw
1348 1505 1463 1533 Romani
1473 1507 1615 1542 principis,
1625 1509 1698 1543 quod
1709 1513 1831 1544 tempore
1840 1519 1897 1546 quo

1102 1550 1187 1577 adiret
1204 1549 1402 1585 Ctisiphoutem
1415 1553 1560 1587 periret.Et
1572 1554 1674 1582 ideirco
1684 1563 1738 1582 non
1748 1562 1787 1583 est
1796 1565 1897 1591 passus

1097 1603 1112 1622 a
1125 1595 1272 1631 Dastagerd
1285 1601 1386 1624 extunc
1401 1598 1427 1625 in
1441 1603 1545 1633 partem
1563 1600 1635 1626 illam
1649 1609 1703 1628 uno
1719 1602 1816 1629 saltem
1834 1603 1898 1630 mil-

1098 1641 1178 1669 liario
1192 1650 1322 1677 pergere,
1339 1643 1386 1670 sed
1403 1644 1466 1671 hinc
1485 1643 1594 1679 fugiens
1609 1646 1641 1673 ad
1659 1647 1729 1674 hanc
1747 1648 1826 1674 abiit.
1849 1647 1898 1676 Ve‘

1098 1694 1158 1714 rtun
1175 1695 1224 1715 nec
1238 1688 1263 1714 in
1281 1688 1338 1723 ipsa
1357 1689 1507 1723 persistere
1518 1699 1603 1718 ausus
1620 1695 1671 1724 est,
1689 1693 1736 1720 sed
1755 1694 1897 1722 transiens

1098 1739 1207 1768 pontem
1233 1733 1352 1769 Tigridis
1372 1734 1493 1763 ﬂuminis
1517 1737 1656 1765 civitatem
1683 1739 1754 1766 ultra
1775 1741 1896 1774 positam

1101 1781 1177 1810 adiit,
1191 1788 1251 1815 quae
1268 1781 1377 1815 quidem
1397 1781 1468 1816 apud
1485 1790 1534 1810 nos
1551 1783 1687 1817 Seleucia,
1705 1786 1778 1821 apud
1795 1786 1896 1815 Persas

1099 1833 1164 1853 vero
1177 1826 1301 1853 Gultescr
1320 1826 1468 1859 vocitatur,
1487 1828 1513 1854 in
1525 1836 1576 1863 qua
1594 1836 1691 1856 onmes
1703 1830 1836 1864 pecunias
1853 1839 1898 1859 re-

1101 1872 1202 1907 posuit.
1218 1871 1348 1907 Seditque
1364 1873 1421 1900 illic
1434 1881 1496 1900 cum
1515 1873 1603 1901 Sirem
1622 1883 1706 1902 uxore
1722 1884 1770 1903 sua
1789 1881 1817 1903 et
1834 1878 1897 1905 aliis

1101 1918 1190 1946 tribus
1212 1918 1383 1950 mulieribus,
1412 1927 1472 1954 qua:
1487 1924 1514 1946 et
1532 1920 1592 1947 tilia:
1613 1921 1700 1955 ipsius
1709 1926 1810 1955 erant;
1829 1923 1897 1950 reli-

1101 1971 1168 1998 quas
1180 1971 1245 1991 vero
1266 1964 1394 1991 mulieres
1422 1971 1486 1992 suas
1512 1965 1673 2000 multosque
1696 1966 1798 1995 liberos
1829 1975 1897 1995 suos

1101 2011 1282 2046 quadraginta
1296 2010 1416 2038 millibus
1430 2011 1508 2045 longe
1518 2012 1669 2039 transmisit
1685 2012 1718 2040 ad
1735 2014 1898 2042 interiorem

1102 2061 1208 2092 partem
1223 2056 1343 2085 Orientis
1366 2057 1393 2084 in
1415 2058 1630 2086 munitissimum
1655 2059 1758 2086 locum.
1777 2060 1898 2093 Quidam

1102 2111 1168 2132 sane
1182 2103 1326 2132 Persarum
1345 2104 1546 2139 derogaverunt
1561 2104 1680 2132 Snrbaro
1703 2114 1787 2140 penes
1802 2106 1896 2135 Chos-

1103 2156 1179 2180 roen,
1202 2149 1281 2183 ‘quod
1292 2156 1353 2175 cum
1363 2148 1496 2189 Romanis
1506 2150 1621 2177 sentiret
1632 2155 1659 2177 ct
1672 2150 1708 2177 illi
1721 2150 1898 2187 detraheret;

1104 2199 1131 2222 et
1145 2195 1219 2222 misit
1238 2194 1410 2229 spatharium
1431 2203 1511 2223 stium
1529 2204 1590 2223 cum
1604 2196 1728 2231 jussione
1742 2197 1775 2224 ad
1790 2197 1898 2225 Carda-

258 2239 370 2267 derunl.
383 2238 435 2267 Sed
445 2239 596 2275 etjtentoria
608 2239 740 2267 Chosrois
750 2245 830 2274 atque
842 2241 974 2274 cortinas,
983 2249 1051 2276 quas
1064 2235 1091 2265 D
1105 2240 1201 2275 rigam,
1220 2245 1425 2275 compraetorem
1446 2241 1570 2274 Sarbari,
1587 2242 1800 2276 Chalcedonem,
1825 2244 1900 2271 scri-

260 2286 288 2315 ln
308 2285 418 2313 modum
441 2285 567 2314 tendebat
589 2285 875 2321 porticuum,quando
896 2286 924 2313 in
954 2294 1050 2322 campo

259 2334 423 2366 metabatur,
439 2337 539 2360 cuncta
559 2337 715 2361 cremarunt
727 2353 735 2366 ,
749 2333 815 2368 quin
831 2337 858 2360 et
872 2337 977 2361 statuas
990 2334 1050 2368 ejus

260 2381 372 2407 multas.
393 2380 559 2407 invenerunt
573 2385 663 2407 autem
679 2385 705 2407 et
719 2380 745 2406 in
761 2379 804 2406 his
821 2380 928 2414 palatiis
946 2381 1049 2407 aviaria

259 2430 288 2454 et
303 2425 438 2453 dorcades
452 2430 479 2452 et
494 2426 588 2453 asinos
603 2429 725 2460 agrestes
744 2429 771 2452 et
787 2434 906 2461 pavones
925 2430 952 2453 et
967 2426 1048 2454 fasin-

260 2479 313 2500 nos
329 2471 442 2499 inﬁnitae
456 2471 640 2498 multitudinis
654 2490 662 2504 ,
685 2479 735 2498 nec
750 2479 804 2499 non
820 2472 846 2498 in
864 2472 969 2498 vivario
988 2471 1049 2506 ejus

260 2519 353 2547 leones
377 2525 410 2545 ac
436 2518 549 2552 tigrides
574 2518 649 2545 mirae
674 2517 872 2552 magnitudinis
896 2518 983 2545 vivos.
1013 2517 1050 2545 De

260 2569 360 2592 cetero
389 2563 572 2598 confugerunt
597 2564 631 2591 ad
660 2564 852 2599 imperatorem
881 2564 991 2599 plurimi
1016 2571 1048 2591 ex

259 2613 387 2648 captivis,
409 2612 519 2640 Edesioi
540 2612 645 2640 scilicet
658 2611 885 2644 etAlexandrini,
901 2611 948 2639 sed
971 2616 998 2639 et
1013 2619 1047 2639 ex

1103 2286 1172 2314 bcns
1185 2286 1209 2313 ei
1233 2290 1261 2313 ut
1288 2286 1436 2314 Sarbarum
1459 2286 1644 2320 interficeret,
1660 2292 1686 2315 et
1706 2288 1765 2323 ipse
1793 2289 1899 2323 populo

1103 2332 1248 2359 Persarum
1265 2336 1376 2366 recepto
1391 2333 1557 2360 acceleraret
1576 2333 1603 2359 in
1620 2332 1760 2360 Persidem
1775 2334 1802 2361 in
1819 2335 1900 2362 auxi—

1103 2378 1170 2405 lium
1186 2377 1238 2405 sui.
1255 2377 1280 2404 is
1295 2382 1385 2404 autem
1402 2378 1447 2412 qui
1464 2377 1571 2406 litteras
1588 2378 1727 2405 deferebat
1747 2379 1823 2406 circa
1843 2379 1900 2407 Ga-

1099 2424 1189 2452 latiam
1200 2423 1441 2458 comprehenditur
1454 2431 1468 2450 a
1479 2423 1611 2451 Bouianis
1623 2446 1631 2458 ,
1646 2432 1701 2460 quo
1715 2426 1900 2460 comprehen-

1099 2478 1140 2504 so,
1158 2469 1380 2497 etnescieutibus
1395 2469 1498 2501 Persis,
1511 2469 1582 2496 hunc
1594 2470 1755 2505 Byzantium
1772 2470 1898 2497 deduxe-

1098 2522 1162 2544 runt
1175 2522 1201 2545 et
1215 2516 1388 2552 imperatoris
1406 2516 1460 2543 ﬁlio
1475 2517 1658 2544 tradiderunt.
1676 2518 1726 2544 Ast
1746 2517 1900 2552 imperator

1099 2571 1114 2590 a
1124 2563 1208 2591 misso
1217 2563 1327 2598 cognita
1337 2562 1450 2590 veritate
1461 2563 1589 2598 protinus
1600 2563 1748 2591 Sarbarum
1759 2564 1898 2591 accessit:

1101 2610 1150 2646 qui
1169 2617 1232 2638 cum
1253 2609 1414 2644 introisset,
1437 2609 1524 2637 astitit
1552 2609 1722 2645 imperatori.
1745 2610 1900 2645 imperator

1024 2691 1140 2720 ΝΟΤᾸΕ.

297 2723 353 2790 (51)
369 2753 549 2790 Burdouibus.
572 2752 664 2780 Utitur
688 2751 819 2790 Ulpianus
840 2750 1049 2790 in_leg._4‘9.Dg
1102 2750 1244 2790 Moschum
1270 2748 1378 2776 Limon.
1403 2748 1449 2775 101
1475 2753 1501 2774 et
1518 2748 1589 2781 125,
1616 2747 1688 2775 Hist.
1709 2747 1778 2782 Trip.
1796 2755 1846 2779 vn,
1870 2747 1899 2775 5.

261 2784 395 2823 teg‘atfi’);
412 2789 627 2824 Chrysostomus
647 2784 741 2824 emi!
754 2795 760 2813 :
774 2784 854 2824 dii-ru
873 2787 887 2813 ὁ
911 2784 1049 2824 βρρδωνῄὁ

261 2821 353 2859 etiam
371 2824 449 2859 ἡμῶν
468 2821 499 2850 ἐὺ
516 2821 867 2859 iexrtxtog.Theophanes
875 2831 882 2849 :
910 2821 1049 2859 Ὅτανεὶς

295 2856 416 2894 ὑρδώνῆν
434 2859 605 2894 καθέζωμαι,
630 2857 831 2894 Constantinus
846 2856 927 2894 ’_I‘act1
947 2864 973 2891 p.
993 2856 1046 2883 ηε

277 2891 330 2929 Εχέ
346 2895 374 2920 δὲ
390 2891 437 2922 {ut
460 2891 582 2930 βορδόκὶεα
605 2894 652 2921 καὶ
671 2893 799 2928 intrepidi.
821 2892 894 2920 Adde
916 2891 1049 2919 Joannem

1103 2785 1199 2856 his?)
1215 2819 1393 2856 Cltatbasias._
1406 2818 1439 2856 Υ.
1453 2818 1619 2856 _lliero_nymi
1635 2817 1779 2853 epistolam
1793 2817 1828 2845 ad
1844 2817 1900 2846 Fa-

1105 2854 1204 2884 biolam
1218 2859 1244 2883 et
1257 2854 1346 2883 Gloss.
1361 2854 1394 2883 ad
1405 2854 1521 2883 Cedren.
1537 2854 1573 2881 Io.
