2035 3153
133 178 202 212 1213

524 174 708 205 HISTORIA
728 171 1015 204 ECCLESIASTICA
1030 171 1080 201 EX
1098 170 1346 202 ΤΗΕΟΙἯΑΝΕ.

1698 174 1766 207 1314

131 243 222 264 autem
235 236 297 263 huic
313 235 438 270 episiola,
453 242 534 270 quam
551 234 686 261 Chosroes
698 234 731 260 ad
744 232 921 267 Cardarigam
938 234 959 261 Α
974 229 1062 256 Seram
1079 234 1103 256 et
1113 229 1194 255 alium
1204 229 1289 264 [ilium
1298 229 1355 263 ejus
1368 229 1423 255 Aul:
1437 237 1446 260 ;
1458 230 1660 264 primogenitum
1676 237 1766 259 αηιεοη

131 285 253 316 miserat,
271 282 382 314 tradita,
398 282 538 316 missoque
551 284 674 311 ostenso,
689 279 754 313 legit
766 279 921 313 epistolam.

129 329 218 355 Atille
230 332 320 354 certus
329 327 442 354 veritate
454 327 493 354 rei
501 326 624 357 effectus,
633 325 766 352 coutimto
774 331 923 352 conversus

131 366 232 402 foedera
248 381 309 400 cum
329 373 384 399 lilio
406 372 536 407 principis
553 375 578 398 et
599 371 753 406 patriarcha
766 369 830 397 fecit
848 377 856 402 ;
876 370 923 405 qui

131 421 199 448 falsa
214 419 345 446 Chosrois
355 418 469 453 epistola
483 417 564 450 faeta,
581 417 656 444 addit
672 417 698 443 in
714 424 745 443 ea
758 417 839 443 etiam
854 415 923 443 alios

129 465 348 501 quadringentos
364 468 488 498 satrapas
503 467 528 490 et
547 463 686 498 principes
702 468 729 489 et
749 462 876 490 tribunos
896 466 923 489 et.

131 511 306 539 centuriones
329 509 545 542 interimendos,
576 513 603 536 et
628 508 756 543 imposito
781 508 923 543 ingeniose

130 558 278 584 sdinvento
307 556 464 591 signaculo,
499 555 725 590 eongrcgalisque
752 554 869 582 ducibus
896 558 924 581 ct

131 603 193 639 ipso
205 602 364 636 Cardariga,
387 606 413 629 et
428 602 495 628 lecta
509 601 624 636 epistola
638 621 645 632 ,
661 600 730 627 dixit
744 600 777 627 ad
798 600 925 627 Cardari-

130 656 216 685 3am:
244 648 376 681 Perspicis
403 652 431 674 ut
455 648 503 674 hoc
523 647 620 681 facias.
646 646 681 673 At
701 654 766 674 vero
785 646 924 681 principes

131 694 226 722 furore
243 694 348 726 referti,
365 694 490 721 abdicato
505 694 628 721 Chosroe
643 714 651 726 ,
673 693 829 728 imperatori
848 693 924 727 paci-

131 739 181 767 ﬁca
197 744 275 775 pacta
288 744 441 774 patrarunt,
459 743 486 766 et
500 744 595 766 mutuo
611 739 678 766 inito
691 738 808 766 consilio
820 737 924 772 placuit

132 785 344 813 utChalcedone
356 784 530 812 discederent
542 789 569 812 et
583 784 615 812 ad
628 784 738 820 propria
750 783 922 819 repedar’cnt,

132 831 200 858 nihil
228 831 449 858 exterminaturi.
483 830 619 858 Prmterea
647 829 790 857 Hcraclius
812 829 923 864 scripsit

130 877 265 905 Chosroi:
292 876 347 912 Ego
370 885 511 912 persequor
530 881 555 903 et
583 876 617 903 ad
640 884 730 911 parem
756 884 855 902 curro:
871 883 923 902 non

132 925 199 951 enim
227 924 392 951 voluntarius
416 924 474 958 igne
495 930 620 950 consumo
641 922 786 954 Persidem,
808 922 853 948 sed
874 922 924 948 vim

130 977 225 1004 passus
244 970 290 996 abs
313 975 346 996 te.
366 969 544 1004 Prajiciamus
560 978 620 1004 ergo
635 969 729 995 saltem
751 976 819 995 nunc
836 975 923 999 arma,

131 1020 154 1041 et
166 1023 255 1050 pacem
280 1015 479 1048 amplectantur.
507 1014 713 1049 Exstinguamus
731 1014 815 1049 ignem
835 1014 925 1047 prius-

131 1068 210 1096 quam
224 1060 344 1087 nnirersa
355 1060 511 1094 inflammet.
525 1060 648 1094 Cumque
657 1059 793 1086 Chosroes
809 1060 859 1085 hoc
871 1066 925 1085 non

132 1106 300 1137 admisisset,
317 1111 480 1139 magnopere
492 1104 584 1131 odium
603 1103 694 1139 populi
706 1103 826 1130 Persidis
841 1103 926 1130 crevit

132 1151 266 1179 adversus
282 1159 355 1178 enin.
375 1151 458 1177 Movit
472 1159 537 1185 ergo
555 1149 693 1177 Chosroes
711 1149 837 1176 homines
852 1149 927 1183 prin-

132 1199 223 1232 ciputn
252 1205 364 1224 suorum
393 1201 419 1223 et
442 1203 522 1223 omne
553 1195 717 1230 obsequium
741 1202 822 1222 suum
846 1200 927 1229 atque

133 1243 279 1270 mulierum
302 1246 426 1274 sitarum,
444 1247 470 1268 et
488 1242 538 1268 hos
555 1245 675 1268 armatos
695 1245 809 1268 cunctos
827 1240 927 1266 direxit

134 1290 267 1317 exercitui
288 1289 422 1315 uniendos
437 1287 564 1319 Rhazati,
585 1292 612 1314 et
632 1291 753 1315 staturos
770 1286 841 1322 apud
857 1286 928 1313 Nar-

133 1334 316 1362 bamlluvium
343 1333 487 1360 duodecim
512 1333 635 1359 millibus
657 1340 672 1359 a
700 1331 873 1366 Ctisiphonte
887 1331 929 1358 di—

134 1385 264 1411 stantem,
277 1380 396 1412 etjussit
408 1379 448 1407 eis
462 1383 502 1411 ul,
517 1379 579 1406 dum
590 1385 696 1405 amnem
707 1378 930 1411 transiretimpe~

135 1430 220 1458 rator,
252 1426 407 1453 inciderent
433 1431 541 1460 pontes.
566 1427 616 1452 Ast
642 1425 790 1459 imperator
811 1424 929 1458 septimo

136 1473 200 1501 ldus
226 1472 370 1500 Januarias
395 1477 486 1500 motus
510 1479 524 1498 a
546 1471 707 1507 Dastagerd,
728 1479 790 1498 cum
817 1471 931 1507 abiisset

137 1519 225 1546 tribus
237 1519 343 1548 diebus.
355 1522 446 1545 castra
463 1521 582 1544 metatus
590 1506 792 1544 estduodecim
808 1506 930 1543 millibus

976 276 1061 310 ﬁlium
1083 276 1194 303 δίΤοΙιειι
1216 281 1240 302 et
1258 275 1354 309 fratres
1376 276 1449 310 ejus,
1463 284 1510 303 nec
1528 285 1578 303 non
1602 282 1628 304 et
1644 279 1766 306 mulieres

976 331 1048 353 suas,
1076 322 1177 349 dimisit
1206 322 1276 348 ultra
1303 322 1412 356 fiumen.
1441 322 1630 358 Campertoque
1659 323 1767 352 Sirolm

975 369 1044 404 quod
1062 368 1205 395 Merdasan
1221 377 1349 395 coronare
1366 368 1451 400 uellet,
1471 370 1594 396 turbatus
1617 375 1666 400 est.
1679 375 1704 397 et
1718 371 1768 397 mi-

975 415 1009 442 sit
1030 416 1222 442 collectaneum
1239 422 1317 441 suum
1344 415 1378 441 ad
1397 413 1613 445 Cundaba‘ndan,
1637 416 1767 443 mandans

974 462 998 488 ei
1013 469 1043 487 ac
1056 461 1143 488 dicens
1160 468 1169 487 :
1193 469 1202 486 ε
1229 460 1292 488 Vrni
1310 461 1348 488 cis
1364 461 1472 494 ﬂumen,
1490 462 1621 496 alloquar
1638 467 1733 490 tecum.
1757 472 1767 489 ι

976 508 1009 534 At
1026 507 1070 534 ille
1087 507 1176 534 timuit
1190 506 1337 539 Chosroen,
1351 512 1376 534 et
1394 516 1446 534 non
1454 508 1586 541 transivit,
1602 509 1647 535 sed
1659 509 1768 536 mandat

975 554 999 580 ei
1018 563 1024 580 :
1047 563 1055 579 ι
1083 553 1184 586 Scribe,
1200 554 1330 588 inquiens,
1341 554 1406 580 mihi
1417 562 1464 588 per
1478 555 1670 582 callactanenm
1682 564 1769 584 meum

975 599 1102 633 quidquid
1122 599 1247 626 volueris.
1267 608 1276 624 ›
1298 598 1331 625 Et
1351 601 1458 633 scripsit
1478 601 1501 626 ei
1519 599 1624 627 Sirohis
1646 602 1769 636 quoniam

978 644 1058 671 Nosti
1068 645 1182 680 qualiter
1192 653 1233 672 res
1251 645 1356 680 publica
1377 645 1519 672 Persarum
1539 654 1585 680 per
1597 655 1708 681 nequam
1723 648 1771 675 Ito-

975 691 1070 718 minem
1086 692 1164 718 istum
1181 691 1318 718 Chosroen
1334 697 1432 726 pereat,
1446 696 1469 718 et
1485 691 1538 718 uult
1554 700 1681 720 coronare
1695 692 1771 720 Her-

975 739 1072 768 dasan,
1092 742 1116 764 et
1137 746 1176 764 me
1191 738 1398 773 primogenitum
1415 746 1491 765 suum
1508 740 1674 774 conteInpsit.
1692 738 1727 766 Et
1745 739 1770 767 si

976 783 1109 810 allocutus
1124 783 1206 818 fueris
1224 784 1369 810 exercitum
1387 789 1416 810 ut
1436 785 1566 817 recipiant
1588 793 1636 816 me,
1656 789 1679 812 et
1692 793 1770 820 rogas

975 837 1065 855 eorum
1080 829 1189 864 augebo,
1205 834 1230 856 et
1244 837 1335 864 pacem
1345 837 1403 856 cum
1418 828 1597 856 Romanorum
1610 830 1771 865 imperatore

976 883 1007 901 ac
1034 874 1126 902 Turcis
1156 875 1265 910 faciant,
1293 879 1319 902 et
1341 875 1403 902 bene
1420 876 1544 903 vivemus.
1561 876 1594 903 Et
1612 878 1689 904 stude
1711 885 1770 904 cum

976 922 1071 956 populo
1084 927 1129 948 tuo
1151 926 1177 948 ut
1192 929 1238 956 ego
1252 930 1367 958 regnem,
1381 927 1406 949 et
1421 931 1510 950 omnes
1528 930 1571 950 ros
1592 923 1729 956 prore/tam
1746 929 1771 950 et

976 969 1140 1000 auxiliabor,
1156 973 1180 995 et
1193 969 1325 1003 prcecipue
1339 974 1372 996 te.
1381 968 1558 996 Gundabusas
1568 975 1656 996 autem
1668 971 1770 998 remisit

976 1015 1000 1040 ei
1014 1022 1060 1048 per
1073 1014 1265 1041 collactaneum
1279 1023 1354 1041 suum
1370 1015 1459 1041 dicens
1471 1023 1480 1041 :
1492 1024 1500 1039 ε
1518 1014 1651 1050 Quidquid
1664 1023 1771 1049 possunt

977 1060 1072 1095 loquar
1087 1068 1144 1086 cum
1159 1065 1282 1094 prwlore,
1299 1067 1322 1087 et
1337 1061 1469 1087 sollicitus
1486 1060 1535 1093 fui,
1553 1066 1577 1087 et
1593 1061 1696 1088 locutus
1712 1069 1770 1088 sum

977 1115 1037 1133 cum
1056 1106 1149 1141 viginti
1163 1106 1265 1133 duobus
1283 1107 1433 1138 comitibus,
1449 1111 1473 1133 et
1486 1107 1535 1140 feci
1548 1114 1591 1133 eos
1604 1115 1667 1133 metu
1680 1106 1772 1134 volun-

979 1153 1042 1179 tatis
1058 1161 1114 1179 esse
1127 1161 1137 1184 ;
1152 1154 1196 1179 sed
1208 1157 1233 1179 et
1245 1153 1313 1179 alios
1333 1153 1464 1186 principes
1478 1158 1501 1179 et
1520 1152 1616 1179 milites
1631 1153 1738 1179 multos.
1759 1163 1769 1179 ι

980 1199 1012 1225 Et
1024 1199 1079 1226 Iuro
1092 1198 1194 1233 quidem
1214 1198 1392 1225 Gundabnsas
1412 1198 1549 1225 mandavit
1567 1197 1666 1225 εἰνοΙιί.
1680 1198 1714 1224 At
1727 1199 1772 1225 ille

980 1244 1079 1271 remisit
1093 1245 1117 1271 ei
1134 1243 1224 1270 dicens
1246 1249 1275 1270 ut
1289 1244 1391 1270 decimo
1409 1244 1591 1271 Kalendarum
1607 1244 1771 1275 Apriliarum

979 1289 1234 1323 sumeretjnniores,
1250 1294 1275 1316 et
1292 1290 1363 1324 apud
1383 1295 1488 1322 pontem
1503 1291 1527 1317 ei
1553 1290 1668 1325 Tigridis
1680 1298 1773 1317 occur-

979 1341 1046 1363 rerct
1073 1336 1203 1369 ﬂuminis,
1226 1340 1253 1361 ut
1278 1335 1440 1369 susciperent
1463 1345 1521 1362 eum
1541 1337 1568 1362 in
1588 1337 1732 1363 exercitum
1747 1341 1772 1363 et

980 1386 1145 1407 moverentur
1159 1380 1283 1407 adversus
1296 1380 1439 1408 Chosroen.
1457 1380 1595 1414 Referebat
1606 1386 1692 1408 autem
1704 1381 1773 1416 quod

980 1435 1038 1453 cum
1057 1426 1159 1457 _Sirohi
1171 1431 1256 1453 essent
1287 1427 1369 1453 etiam
1398 1427 1450 1454 duo
1478 1427 1530 1462 ﬁlii
1554 1426 1726 1454 Sarbarazau
1749 1433 1773 1454 et

981 1473 1053 1508 [ilius
1080 1472 1205 1500 Hiesdem
1223 1477 1248 1499 et
1271 1473 1320 1499 alii
1340 1473 1416 1500 multi
1438 1473 1586 1507 principum
1618 1474 1668 1507 ﬁlii
1696 1478 1774 1508 atque

982 1518 1055 1554 ﬁlius
1069 1520 1163 1549 Aram,
1177 1526 1264 1545 ontnes
1276 1518 1362 1550 electi,
1375 1522 1400 1545 et
1413 1519 1482 1553 quod
1497 1519 1629 1554 siquidem
1642 1520 1774 1554 potuerint

139 1565 234 1601 procul
252 1573 266 1591 a
283 1564 373 1591 Narha
388 1564 510 1596 ﬂumine,
527 1563 573 1591 ubi
591 1569 648 1590 erat
664 1562 809 1591 Persarum
825 1563 931 1590 εκεῖ-(εἱς
943 1570 965 1599 c
983 1566 1115 1593 Chosroen
1132 1566 1270 1600 perimere,
1285 1565 1378 1593 beneet
1389 1567 1502 1600 optime:
1519 1566 1558 1592 sin
1573 1570 1672 1597 autent,
1687 1573 1774 1593 antnes

136 1616 191 1645 tus,
214 1611 285 1638 inter
305 1619 374 1646 quos
394 1611 532 1638 habebant
547 1611 629 1638 etiam
651 1615 678 1638 et
701 1611 861 1646 elephantes
880 1610 930 1637 du-

137 1663 242 1685 centos.
260 1657 293 1685 Et
316 1657 392 1684 misit
412 1657 561 1691 imperator
579 1655 727 1690 Georgium
753 1655 929 1682 turmarchen

137 1703 373 1735 Armeniacorum,
384 1706 414 1730 ut
429 1702 481 1729 iret
495 1708 583 1736 usque
597 1701 631 1728 ad
646 1700 758 1732 ﬂumen,
770 1704 797 1728 et
810 1701 932 1728 disceret

137 1753 231 1777 utrum
253 1749 357 1776 Narbas
379 1748 479 1775 vadum
503 1747 626 1774 haberet.
644 1747 677 1774 Et
694 1754 757 1774 cum
777 1747 930 1773 invenisset

137 1795 211 1831 quod
233 1800 332 1831 pontes
357 1795 518 1822 incidissent
543 1798 570 1821 et
587 1794 685 1821 vadum
712 1801 767 1821 non
788 1797 872 1824 esset,
896 1793 930 1820 ad

138 1842 332 1876 imperatorem
361 1840 463 1868 reversi
488 1844 575 1873 sunt;
600 1839 646 1874 qui
679 1843 770 1866 motus
794 1839 929 1866 Siazuron

138 1887 206 1919 adit,
219 1891 246 1914 et
256 1887 390 1914 circuibat
413 1886 559 1913 incendens
583 1885 722 1919 regionem
740 1889 767 1912 et.
781 1884 863 1912 urbes
883 1893 931 1919 per

140 1937 225 1961 totum
241 1932 421 1960 Februarium
435 1938 568 1959 menSem.
580 1931 752 1967 Martio_vero
763 1939 858 1959 mense
868 1938 930 1958 cum

139 1980 259 2007 venisset
276 1980 303 2006 in
325 1978 456 2014 praedium
474 1978 547 2012 quod
565 1977 707 2005 dicebatur
723 1977 839 2010 Barzan,
858 1977 931 2004 iacc-

139 2033 169 2053 re
184 2025 240 2059 (56)
257 2029 360 2060 septem
377 2024 435 2051 dies
449 2044 456 2054 ,
473 2027 499 2050 ct.
515 2023 590 2049 misit
606 2023 764 2049 Mezeticum
786 2026 931 2057 prmtorem

138 2072 167 2099 in
192 2079 315 2102 cursum,
332 2075 358 2097 et
377 2070 523 2103 adjunctus
542 2072 583 2096 est
605 2069 629 2096 ei
649 2067 857 2096 Gundabundas
871 2067 932 2095 chi-

139 2115 263 2144 liarchus
279 2115 382 2141 militiae
398 2114 509 2140 Sarhari
531 2120 593 2140 cum
613 2113 676 2139 aliis
697 2113 829 2148 quinque,
844 2112 932 2139 tribus

139 2162 250 2196 quidem
267 2159 426 2190 comitibus,
442 2158 550 2186 duobus
562 2166 626 2186 vero
639 2159 813 2186 axiomatieis
824 2158 892 2193 (57),
906 2162 933 2185 et

140 2209 219 2236 duxit
239 2215 286 2235 eos
308 2207 340 2234 ad
365 2207 568 2241 imperatorem.
593 2205 656 2238 Qui,
671 2205 801 2232 videlicet
820 2204 933 2232 Gunda-

980 1620 1038 1638 cum
1061 1611 1152 1639 Sirolti
1175 1612 1307 1646 con/luent
1325 1612 1359 1638 ad
1377 1613 1575 1646 imperatorem.
1590 1611 1625 1639 Et
1643 1612 1716 1639 misit
1735 1620 1776 1640 me

981 1657 1086 1686 Sirohis
1103 1658 1139 1684 ad
1157 1663 1190 1690 te,
1212 1658 1316 1685 domine
1331 1666 1340 1684 :
1355 1663 1458 1685 veretur
1471 1659 1540 1685 enim
1557 1659 1697 1692 imperium
1720 1657 1775 1685 Ru-

981 1711 1130 1737 manorum,
1154 1704 1295 1738 quoniam,
1320 1704 1453 1738 inquiens,
1477 1704 1612 1731 Chosroen
1640 1704 1774 1738 quondam

981 1750 1103 1783 saluauit,
1119 1755 1143 1776 et
1154 1750 1237 1776 multa
1253 1757 1285 1776 ex
1300 1758 1330 1776 eo
1345 1750 1417 1776 mala
1439 1749 1617 1776 Romanorum
1634 1755 1705 1777 terra
1716 1757 1778 1783 per—

980 1803 1055 1829 pessa
1063 1800 1113 1827 est,
1125 1800 1151 1822 et
1159 1796 1221 1830 quia
1229 1800 1335 1829 propter
1345 1795 1417 1822 illius
1429 1795 1528 1830 ingrati
1531 1795 1645 1822 tudinem
1655 1804 1700 1823 nec
1711 1795 1777 1823 mihi

982 1842 1086 1868 credere
1098 1840 1175 1868 habet
1187 1841 1341 1876 imperator.
1352 1840 1452 1868 Verum
1468 1841 1514 1868 ille
1525 1841 1598 1869 hunc
1613 1841 1646 1869 ad
1661 1842 1775 1870 Sirohin

983 1896 1079 1916 rursus
1095 1888 1223 1918 absolvit,
1238 1887 1371 1915 mandans
1386 1887 1410 1914 ei
1427 1891 1456 1914 ut
1470 1894 1596 1915 carceres
1611 1888 1738 1922 aperiret,
1750 1894 1778 1915 et

982 1938 1104 1961 retentos
1116 1933 1144 1960 in
1160 1933 1200 1960 eis
1215 1932 1355 1959 Rullianus
1371 1933 1502 1959 educeret
1516 1953 1523 1965 ,
1540 1937 1567 1960 et
1583 1940 1659 1963 arma
1673 1933 1713 1961 eis
1728 1933 1778 1960 tri.

980 1980 1088 2012 bucrct,
1105 1979 1200 2014 sicque
1214 1983 1308 2006 contra
1321 1978 1462 2005 Chosroen
1476 1985 1535 2005 sese
1547 1985 1678 2006 moveret.
1690 1977 1777 2006 Porro

984 2025 1090 2052 Sirohis
1105 2024 1237 2052 obediens
1253 2024 1423 2058 imperatori,
1442 2025 1558 2051 retrusis
1573 2024 1691 2057 eductis,
1708 2030 1774 2059 pro-

984 2071 1089 2105 peravit
1106 2074 1201 2098 contra
1222 2070 1384 2105 patricidam
1402 2075 1506 2105 patrem
1517 2090 1525 2103 ,
1541 2070 1683 2097 Chosroen
1699 2070 1776 2098 scili-

983 2120 1037 2144 cet.
1061 2116 1184 2151 Cumque
1209 2116 1253 2144 ille
1278 2115 1371 2151 fugere
1399 2119 1533 2143 tentasset
1556 2123 1606 2143 nec
1632 2116 1776 2148 valuisset,

984 2168 1077 2190 tentus
1093 2167 1120 2191 et
1134 2163 1223 2190 valide
1237 2162 1348 2190 vinctus
1363 2162 1459 2189 lerrcis
1474 2165 1515 2189 est
1527 2162 1706 2197 compedibus
1723 2168 1776 2189 tam

984 2214 1045 2244 post
1063 2214 1167 2243 tergum
1182 2207 1312 2235 manibus
1326 2215 1410 2242 quam
1427 2207 1542 2242 pedibus
1558 2207 1718 2242 colligatis;
1733 2208 1776 2234 cui

140 2254 259 2286 bundas,
283 2260 328 2280 res
358 2253 533 2280 necessarias
560 2252 720 2286 imperatori
744 2251 931 2284 annuntiavit,
948 2241 970 2267 ι)
984 2258 1010 2281 et
1027 2254 1102 2282 circa
1123 2253 1223 2280 collum
1240 2241 1361 2288 pondera
1385 2241 1472 2279 ferrea
1489 2252 1647 2285 imponunt,
1672 2256 1699 2278 et
1716 2252 1779 2278 mit-

141 2299 236 2326 diceus
253 2307 260 2325 :
285 2298 396 2332 Quando
411 2298 477 2332 fugit
493 2297 620 2324 Chosroes
636 2306 652 2324 α
665 2297 814 2332 Bastagerd
827 2303 850 2324 et
865 2297 931 2324 adiit

140 2344 332 2379 Ctisipltontem
365 2349 442 2378 atque
462 2343 626 2376 Seleuciam,
647 2344 803 2378 dysenteria:
820 2343 932 2379 languo-

142 2400 198 2418 rem
216 2391 338 2422 incurrit,
352 2395 375 2417 et
391 2390 472 2417 valuit
488 2390 573 2424 ﬁlium
590 2398 666 2416 suum
687 2390 840 2421 .llerdasan,
854 2398 930 2424 quem

142 2437 231 2473 genuit
259 2443 290 2462 ex
318 2435 390 2466 Sere,
413 2443 549 2462 coronare.
571 2437 655 2469 Atque
678 2443 812 2469 regressus
836 2436 931 2461 iterant

140 2487 246 2506 antnem
275 2479 407 2512 transiuit,
428 2484 451 2506 et
477 2486 563 2505 secum
585 2479 660 2504 duxit
688 2477 832 2505 Merdasan
856 2483 933 2513 atque

987 2302 1047 2325 tunt
1059 2305 1121 2325 curn
1134 2297 1162 2324 in
1181 2297 1291 2323 domum
1302 2296 1489 2327 tenebrarum,
1500 2303 1582 2329 quam
1593 2296 1651 2330 ipse
1663 2296 1780 2323 munivit

985 2352 1000 2371 a
1022 2344 1142 2370 novitate
1163 2347 1326 2369 construens
1345 2341 1378 2367 ad
1413 2341 1604 2368 recondendus
1629 2340 1776 2374 pecunias,

985 2389 1121 2424 panisque
1137 2395 1233 2422 parum
1251 2387 1276 2413 ei
1300 2391 1326 2413 et
1349 2393 1428 2420 aquae
1445 2386 1600 2412 tribuentes
1615 2385 1690 2412 hunc
1706 2385 1778 2413 fama

987 2433 1120 2460 necabam
1136 2441 1142 2458 :
1162 2432 1200 2457 ait
1215 2431 1289 2457 enim
1303 2429 1409 2457 Sirohis
1423 2438 1429 2456 :
1448 2429 1574 2457 Comedat
1586 2438 1694 2462 aurum,
1707 2430 1777 2465 quod

986 2480 1122 2506 incassum
1135 2477 1288 2512 collagit,.et
1301 2480 1409 2511 propter
1420 2475 1489 2511 quod
1503 2477 1584 2504 etiam
1599 2478 1696 2504 ntuttos
1707 2476 1778 2512 fama

903 2562 1019 2590 ΝΟΤᾸἾ.

179 2624 236 2661 (56)
261 2623 370 2661 ΙπαατενςΖ
391 2622 559 2661 Papinianus
575 2622 601 2649 in
628 2622 645 2649 l.
661 2621 790 2661 milesuad
806 2623 857 2657 leg.
878 2621 932 2661 Jul.

141 2657 280 2690 De‘adutt.
296 2667 305 2686 :
322 2668 331 2684 ‹
349 2657 387 2685 Ne
410 2658 462 2685 sibi
490 2662 714 2692 comptttarentur
726 2657 785 2685 dies
811 2665 881 2692 quos
907 2658 932 2683 in

141 2695 268 2726 custodia
281 2695 401 2722 fecisset.
415 2702 425 2718 ›
436 2693 529 2727 Lupus
542 2693 623 2728 epist.
636 2692 670 2719 20
683 2702 689 2719 :
709 2703 716 2718 ι
729 2692 830 2720 Facere
841 2692 934 2728 nobis-

141 2739 208 2760 eum
227 2730 285 2758 dies
301 2729 406 2763 aliquot
425 2729 527 2756 valeas.
541 2737 550 2754 ι
571 2727 686 2754 Ruﬁnus
703 2727 836 2762 interpres
848 2727 933 2754 Eusc-

141 2768 180 2795 hii
201 2766 236 2792 ii.
251 2763 284 2792 E.
304 2773 319 2791 κ
335 2773 341 2790 :
366 2773 376 2789 ι
391 2764 519 2798 Quinque
536 2770 624 2790 annos
634 2763 706 2798 inter
717 2763 932 2798 catechumenng

142 2801 257 2829 faciant.
279 2810 289 2827 ι
309 2800 376 2827 Acta
402 2796 546 2825 Fructuosi
570 2799 655 2832 episc.
675 2796 848 2825 Tarracon.:
873 2806 882 2823 ι
901 2797 934 2824 Et

141 2838 268 2864 torserunt
292 2836 320 2862 in
338 2841 450 2861 carcere
470 2834 529 2861 dies
553 2840 612 2861 sex.
627 2842 637 2859 ι
662 2832 747 2860 Vetus
767 2833 932 2866 inscriptio:

144 2883 156 2898 ρ
171 2871 240 2900 Cum
256 2878 310 2905 qua
324 2869 388 2905 fecit
407 2876 493 2896 annos
509 2868 526 2905 _9
541 2867 746 2905 menses6_die_s
761 2867 805 2905 25.
826 2877 835 2893 ι
849 2868 910 2905 _Atia_
924 2875 932 2894 :

145 2918 158 2934 ι
175 2907 243 2934 Cum
262 2902 360 2933 inurito
376 2904 439 2931 fecit
455 2911 492 2932 ιιι.
508 2903 524 2931 5
538 2903 566 2931 d.
583 2902 628 2931 20.
647 2913 656 2930 ι
678 2903 707 2930 S.
723 2903 892 2931 Athanasius
905 2903 934 2930 in

990 2618 1049 2647 Vita
1062 2619 1091 2647 S.
1105 2619 1216 2647 Antonii
1235 2627 1242 2644 :
1258 2617 1331 2650 Ἐεω
1348 2617 1480 2649 πολλάκις
1496 2617 1601 2652 ἡμέρας
1617 2616 1664 2643 καὶ
1677 2616 1778 2652 νκύκτας

988 2655 1138 2716 Mlti}???-
1150 2654 1182 2681 V.
1195 2655 1261 2681 Acta
1276 2659 1364 2688 apost.
1382 2660 1459 2685 xvm,
1476 2650 1522 2684 23',
1535 2650 1563 2680 et.
1576 2653 1657 2686 epist.
1683 2650 1778 2679 Jacobi

988 2699 1025 2716 IV.
1078 2711 1085 2716 .
1125 2697 1188 2716 ABR.

984 2699 1025 2721 ιν,
1043 2690 1085 2717 i5.
1103 2690 1188 2717 Fusa.

1025 2725 1081 2761 (57)
1098 2723 1284 2761 Axiomtuicis.
1312 2722 1510 2761 Glossarium;
1531 2721 1716 2761 ᾲξιῳματικᾴς
1731 2721 1780 2750 Ita-

989 2757 1128 2792 na‘rarius,
1145 2760 1193 2794 qui
1209 2759 1341 2786 honorem
1358 2758 1437 2794 gerit.
1465 2757 1546 2794 Ahliud
1576 2757 1747 2794 Glossarium
1770 2765 1777 2784 :

987 2797 1136 2832 dignitosus
1151 2792 1347 2829 ἀξιωματικός,
1362 2792 1409 2832 qui
1425 2793 1453 2832 in_
1465 2792 1598 2832 dignitate
1612 2793 1779 2832 constitutus

987 2827 1041 2860 es't.
1059 2830 1151 2858 Utitur
1175 2827 1312 2862 postremo
1335 2829 1416 2855 verbo
1438 2827 1618 2860 Aldhelmus,
1640 2827 1679 2855 De
1702 2827 1778 2855 laud.

988 2867 1107 2901 virginit.
1117 2874 1143 2892 τ’.
1155 2864 1192 2892 28
1204 2874 1213 2901 ς
1226 2873 1235 2889 ι
1248 2864 1364 2901 Propter
1374 2863 1537 2901 dignitosam
1548 2862 1712 2901 inpocentitc
1723 2865 1780 2899 pal-

989 2896 1073 2935 ma'rn,
1091 2911 1100 2928 ι
1119 2901 1136 2928 i.
1151 2907 1177 2929 e.
1195 2896 1352 2935 dignatione
1366 2896 1619 2927 venerandannla.
1723 2896 1741 2906 "
