2052 3153
304 149 371 182 1315

862 149 1066 185 ANASTASII
1084 148 1397 180 BlBLIO'i‘HECARH

1871 147 1944 180 1315

301 207 402 234 necarit
423 205 600 240 mundumque
615 205 720 232 delevit.
740 204 826 233 Porro
842 206 916 234 misit
936 204 1044 235 Sirohis
1061 215 1094 234 an
1111 208 1132 236 Α
1149 205 1266 233 dendum
1282 213 1395 233 suasum
1409 204 1557 240 baptizavit
1572 204 1599 233 in
1614 204 1697 232 domo
1709 203 1851 232 Eustachii
1870 203 1944 232 Nea-

302 261 365 281 cnm
375 257 499 287 satrapas
508 252 581 279 hunc
592 251 700 286 injuriis
710 252 895 286 impctendurn
907 257 935 280 et
944 261 1096 288 couspucn-

303 299 378 326 dum.
395 297 735 325 EtadductumMerdasan
750 297 833 325 ﬁlium
844 298 1004 334 ejus,quem
1016 307 1096 326 coro-

302 353 370 373 nare
387 345 504 376 volebat,
518 350 582 372 ante
593 351 623 371 se
633 344 746 377 occidit,
762 348 789 372 et
804 344 925 379 reliquos
946 344 1018 372 illius
1036 345 1096 380 ejus

302 397 417 421 cunctos
438 393 464 419 in
487 396 638 427 conspectu
660 392 721 426 ejus
741 392 951 424 interemerunt,
973 395 1001 419 et
1023 392 1097 419 misit

293 446 411 471 omnem
430 438 571 466 inimicum
585 439 645 472 ejus
662 438 771 472 injuriis
785 438 929 466 cumulare
947 442 974 466 et
997 446 1096 473 percu-

303 490 360 513 tere
373 489 400 512 et
413 491 565 519 conspuere
581 484 668 511 illum.
688 483 811 518 Denique
827 491 875 519 per
897 484 1021 519 quinque
1037 485 1096 512 dies

303 533 355 559 hoc
371 531 454 564 facto,
469 530 555 565 jussit
569 530 677 557 Sirohis
693 530 766 557 hunc
783 530 903 558 arcubus
918 531 1073 558 interﬁcere
1087 550 1097 563 ,

303 577 399 612 sicque
419 577 549 612 paulatim
568 577 595 603 in
613 576 693 606 malis
706 576 903 611 nequissimam
919 584 998 604 suam
1010 577 1098 604 tradi-

303 623 344 651 dit
362 624 492 650 animam.
520 623 598 650 Tunc
618 623 727 650 Sirohis
753 623 866 658 scripsit
884 622 917 650 ad
939 623 1097 650 Heracliam

303 670 495 705 evangelizans
506 670 530 696 ei
541 669 667 697 scelerati
683 669 815 697 Chosrois
826 670 977 701 interitum,
989 677 1100 704 pacem-

303 723 356 751 que
370 716 463 751 jugem
477 723 539 744 cum
551 723 583 743 eo
596 723 628 743 ac
643 715 826 743 ﬁrmissimam
841 714 953 750 pepigit,
968 715 1098 742 omnibus

303 761 489 793 Christianis,
514 761 560 796 qni
591 761 619 788 in
646 762 808 788 carceribus
835 766 862 788 et
885 762 960 788 omni
987 760 1099 788 Perside

304 807 404 842 captivi
423 807 599 839 tenebantur,
619 806 643 834 ei
663 807 799 840 remissis,
813 814 868 834 una
888 815 949 835 cum
965 806 1099 834 Zacharia

304 852 555 889 llierosolymilano
580 853 696 888 praesule
718 861 753 881 ac
788 853 917 888 pretiosis
938 858 966 881 et
984 853 1098 880 viviﬁcis

1148 251 1279 287 politani.
1311 251 1358 287 qui
1386 255 1414 279 et
1443 251 1518 286 ipse,
1544 258 1608 279 cum
1640 249 1818 278 Christianus
1846 256 1944 283 esset.

1148 296 1343 332 imperatorem
1363 297 1481 331 excepit.
1506 296 1649 331 Ingressus
1674 296 1767 332 itaque
1791 296 1946 332 imperator

1149 341 1377 378 Hierosolymam.
1408 343 1538 370 restituto
1573 347 1628 370 tam
1655 342 1789 371 Zacliaria
1813 344 1946 378 pontiﬁce

1148 396 1229 423 quam
1245 389 1324 416 alma:
1339 389 1431 416 crucis
1448 389 1617 417 honorandis
1631 397 1663 416 ac
1679 389 1797 417 viviﬁcis
1812 389 1896 424 lignis
1917 390 1944 417 iu

1148 435 1289 469 proprium
1301 434 1403 468 locum,
1415 434 1546 470 plurimas
1555 434 1712 470 Deo‘grates
1723 434 1791 470 egit,
1801 435 1946 470 pulsisque

1149 481 1184 507 ab
1193 481 1263 509 urbe
1273 485 1369 508 sancta
1381 481 1503 509 liebrzis
1513 481 1596 516 jussit
1608 489 1662 508 non
1677 481 1778 509 habere
1791 481 1854 508 illos
1867 486 1945 515 pote-

1150 532 1249 556 statem
1267 528 1380 563 propius
1398 528 1477 555 almae
1497 527 1603 555 civitati
1617 535 1698 562 qualn
1715 528 1803 556 tribus
1819 529 1946 560 millibus

1150 573 1404 608 appropinquandi.
1430 573 1499 601 Cum
1519 579 1611 601 autem
1635 574 1808 609 pervenisset
1828 575 1862 602 ad
1890 574 1945 602 Ile-

1150 619 1272 652 dessam,
1301 619 1463 648 orthodoxis
1493 621 1640 648 ecclesiam
1673 621 1810 654 reddidit,
1835 629 1900 656 quae
1931 632 1945 648 κ

1149 664 1322 693 Nestorianis
1350 673 1364 693 a
1394 665 1528 694 Clinsrois
1561 671 1686 702 tempore
1719 668 1873 696 tenebatur.
1911 668 1946 696 Et

1151 713 1268 740 veniens
1287 712 1456 748 llicrapolim
1473 714 1580 741 audivit
1595 713 1668 749 quod
1687 713 1794 742 Sirobis
1813 722 1860 742 rex
1875 715 1946 742 Pero

1151 767 1243 787 sarum
1262 760 1331 786 diem
1348 760 1494 788 clausisset
1512 765 1678 791 extremum.
1699 764 1727 788 et
1743 760 1845 788 Adesir
1859 761 1946 795 hujus

1151 804 1223 831 ﬁlius
1243 805 1267 832 ei
1284 806 1311 832 in
1332 806 1408 840 regni
1433 806 1568 841 regimine
1590 807 1786 834 SticCessisset.
1806 806 1859 839 Qui
1883 815 1946 834 cum

1151 855 1255 885 septem
1271 852 1415 879 mensibus
1433 852 1568 880 tenuisset
1580 852 1777 886 principatum.
1795 852 1948 879 iusurrexit

304 899 398 934 lignis,
414 907 475 934 qua:
493 899 602 926 fuerant
617 907 649 926 ex
667 898 866 934 Hierosolymis
883 907 898 926 a
915 898 1097 932 Sarbarazan,
1115 895 1136 922 Β
1151 898 1284 925 adversus
1314 905 1378 925 eum
1396 898 1577 931 Sarbarazas,
1595 898 1641 933 qui
1657 906 1690 926 eo
1708 906 1842 934 percusso
1860 898 1949 933 impr--

304 952 366 974 cum
385 944 537 973 Jerusalem
555 946 682 980 cepisset.
700 945 803 972 ablata.

339 991 419 1018 Anno
435 990 542 1025 imperii
565 990 681 1018 ilcraclii
699 991 806 1018 decimo
820 994 919 1018 octavo
936 999 984 1018 rex
1014 990 1100 1018 habe-

305 1041 350 1063 tur
376 1036 523 1063 Persarum
553 1035 671 1067 Sirohis,
701 1036 748 1070 qui
779 1043 852 1063 anno
880 1036 1004 1070 regnavit
1032 1043 1098 1067 uno,

304 1081 417 1117 quando
449 1085 476 1109 et
508 1081 630 1109 i‘iloamcd
662 1081 782 1108 Arabum
817 1089 867 1109 seu
898 1083 1099 1109 Saracenorum

307 1128 437 1162 princeps
454 1127 506 1154 sub
522 1127 614 1154 Persis
629 1127 732 1162 degens
745 1132 852 1154 sextum
869 1127 967 1162 agebat
985 1135 1099 1158 annum,

306 1177 487 1207 p~rvcnturus
515 1172 548 1199 ad
572 1180 686 1200 nonum.
707 1173 815 1200 interea
838 1172 909 1199 facta
940 1179 1006 1207 pace
1036 1180 1097 1198 cum

306 1218 399 1246 Persis
419 1222 502 1252 atque
518 1217 662 1250 Romanis,
678 1217 782 1245 direxit
803 1219 953 1252 imperator
969 1217 1097 1245 Theodo-

306 1272 367 1290 rum
381 1263 494 1290 fratrem
512 1272 592 1290 suum
611 1271 673 1290 cum
693 1264 793 1291 litteris
807 1268 835 1291 et
849 1263 1007 1291 hominibus
1023 1262 1099 1289 Siro-

307 1311 349 1338 l-is
363 1311 435 1345 regis
455 1309 612 1340 Persarum.
635 1317 774 1345 quatenus
789 1310 889 1342 Perstc,
904 1310 950 1345 qui
969 1310 996 1337 in
1015 1309 1100 1336 Palaz-

306 1357 380 1382 stina
397 1360 424 1383 et
439 1356 542 1383 Edessa
557 1359 584 1382 et
603 1355 803 1391 Hierosolymis
817 1360 844 1384 et
861 1356 968 1383 czcteris
984 1355 1099 1383 urbibus

306 1401 493 1431 Romanorum
521 1404 625 1433 essent,
650 1408 713 1427 cum
742 1408 811 1435 pace
836 1403 1043 1427 reverterentur
1072 1399 1099 1426 in

305 1446 446 1475 Persidem
469 1452 497 1474 et
523 1446 642 1474 innocue
668 1451 770 1474 terram
796 1447 984 1474 Romanorum
1008 1450 1100 1474 trans—

306 1493 388 1521 irent.
400 1493 546 1522 Postremo
563 1494 714 1526 imperator
726 1500 788 1520 cum
801 1500 849 1520 sex
863 1493 944 1520 annis
956 1492 1098 1520 Persidem

305 1543 506 1572 expugnasset.
539 1539 658 1572 septimo
683 1545 756 1565 anno
785 1545 852 1572 pace
881 1542 1008 1572 percepta
1036 1545 1098 1565 cum

310 1584 412 1619 ingenti
429 1584 530 1619 gaudio
546 1584 815 1618 Constantinopolim
839 1585 981 1615 remeavit,
1002 1585 1099 1620 mysti~

308 1636 369 1655 cam
386 1628 413 1655 in
431 1629 481 1656 hoc
498 1629 645 1663 quamdam
669 1629 803 1656 theoriam
828 1630 990 1665 adimplens.
1008 1629 1035 1657 In
1053 1639 1099 1658 sex

307 1674 409 1709 quippe
440 1674 538 1702 diebus
568 1674 639 1703 Deus
672 1675 800 1705 universa
832 1676 942 1704 condita
974 1681 1100 1704 creatum

306 1720 452 1754 septimam
467 1721 570 1756 requiei
585 1720 658 1749 diem
677 1722 784 1748 vocavit
799 1731 805 1748 :
823 1721 860 1748 ita
881 1727 908 1749 et
931 1723 990 1757 ipse
1007 1723 1032 1749 in
1051 1731 1098 1749 επ

307 1767 398 1798 annis,
419 1767 512 1795 multis
537 1768 670 1803 impensis
700 1769 854 1801 laboribus,
879 1770 998 1804 septimo
1026 1776 1100 1797 anno

306 1820 435 1840 reversus
446 1814 479 1840 ad
496 1814 591 1840 urbem
606 1822 670 1841 cum
683 1821 750 1849 pace
766 1822 797 1842 ac
812 1815 933 1849 tripudio
949 1815 1097 1851 requievit.

307 1857 394 1885 Porro
418 1859 535 1893 populus
566 1860 697 1893 civitatis,
726 1859 843 1887 adventu
877 1861 962 1895 ipsius
995 1861 1098 1892 audito,

308 1903 477 1932 intolerabili
492 1905 584 1932 cuncti
599 1905 738 1933 desiderio
751 1906 778 1934 in
794 1905 915 1934 Hieriam
931 1907 1040 1934 obviam
1061 1908 1099 1935 illi

308 1957 362 1977 una
389 1957 452 1977 cmn
482 1951 638 1985 patriarcha
664 1955 692 1979 et
720 1951 904 1979 Constantino
931 1953 1100 1987 imperatore

307 1996 364 2024 tilio
379 1996 440 2031 eius
464 1997 567 2032 egressi
591 2003 669 2030 sunt,
685 2002 828 2033 portantes
850 2006 944 2028 ramos
964 1999 1099 2027 olivarum

307 2046 331 2068 et
350 2040 501 2076 lampades,
521 2042 665 2070 laudantes
681 2050 743 2070 cum
760 2043 946 2078 gratulatione
964 2051 995 2071 ac
1009 2044 1099 2081 lacry-

307 2085 371 2112 mis.
387 2086 528 2114 Accedens
547 2091 638 2114 autem
658 2086 729 2115 ﬁlius
754 2087 816 2122 ejus
841 2088 944 2116 cecidit
966 2088 999 2115 ad
1016 2089 1099 2124 pedes

308 2130 409 2164 ipsius,
430 2136 535 2158 etcum
554 2132 726 2167 amplexatus
749 2139 824 2160 esset
848 2141 923 2167 eum,
939 2133 1100 2163 infuderunt

307 2177 391 2204 ambo
403 2176 533 2212 lacrymis
551 2183 664 2205 terram.
686 2177 744 2206 lloc
764 2183 854 2206 autem
870 2181 988 2216 populus
1006 2181 1099 2218 inspe-

1151 943 1222 970 ravit
1243 942 1336 970 Persis
1359 944 1504 971 mensibus
1528 944 1648 972 duobus.
1664 943 1722 971 lloc
1747 948 1839 972 autem
1855 943 1949 973 Persa

1151 988 1296 1016 interfecto
1319 988 1438 1015 Barauin
1464 989 1644 1024 praetulerunt
1668 989 1697 1016 in
1726 997 1831 1025 regem,
1858 988 1945 1016 ﬁlium

1151 1034 1292 1067 Chosrois,
1320 1035 1368 1069 qui
1395 1042 1510 1069 regnum
1537 1035 1685 1063 Persarum
1718 1040 1823 1071 septem
1856 1037 1945 1064 tenuit

1151 1080 1302 1108 mensibus.
1319 1080 1406 1108 Porro
1418 1081 1481 1108 huic
1503 1083 1640 1110 successit
1657 1082 1831 1114 ilormisdas,
1853 1090 1910 1118 quo
1932 1091 1947 1109 a

1148 1126 1294 1153 Saracenis
1318 1126 1401 1161 pulso
1418 1126 1518 1154 factum
1539 1131 1582 1154 est
1599 1135 1714 1163 regnum
1730 1126 1875 1155 Persarum
1894 1128 1948 1155 sub

1149 1172 1288 1199 Arabibus
1305 1181 1393 1207 usque
1410 1174 1437 1200 in
1455 1173 1621 1201 hodiernum
1636 1175 1720 1201 diem.

1186 1216 1277 1244 Mundi
1290 1225 1362 1244 anno
1375 1217 1455 1250 6|2l,
1466 1218 1568 1245 divinae.
1583 1218 1786 1247 incarnationis
1797 1226 1871 1246 anno
1879 1218 1946 1252 621.

1150 1269 1224 1290 anno
1249 1263 1358 1297 imperii
1387 1263 1508 1293 lleraelii
1535 1264 1571 1291 20
1598 1263 1759 1292 Hormisdas
1787 1269 1886 1299 regnat
1915 1266 1943 1292 in

1149 1307 1254 1336 Persis.
1273 1308 1342 1336 Cum
1362 1314 1453 1337 autem
1477 1309 1620 1338 Heraclius
1636 1315 1712 1338 esset
1723 1311 1794 1346 apud
1811 1310 1946 1346 Hierapo-

1150 1353 1207 1386 lim,
1228 1354 1302 1380 venit
1325 1353 1359 1381 ad
1381 1362 1444 1381 eum
1462 1355 1633 1382 Athanasius
1654 1355 1812 1390 patriarcha
1830 1354 1946 1383 Jacobi-

1151 1403 1253 1432 tarum,
1282 1400 1326 1426 vir
1354 1400 1426 1427 acris
1456 1404 1484 1428 et
1511 1408 1630 1435 nequam
1660 1401 1776 1435 ingenii,
1813 1399 1946 1436 Syrorum

1150 1445 1253 1472 inditas
1276 1445 1412 1472 versutias
1438 1445 1584 1480 possidens
1599 1454 1607 1472 :
1622 1451 1648 1473 et
1673 1451 1749 1473 moto
1777 1446 1810 1472 de
1837 1446 1889 1474 ﬁde
1912 1447 1946 1472 ad

1151 1491 1345 1526 imperatorem
1364 1499 1504 1522 sermone.
1529 1492 1688 1527 repromisit
1706 1493 1731 1519 ei
1748 1491 1906 1524 Heraclius,
1921 1493 1946 1520 si

1151 1537 1405 1566 Chalcedonensem
1438 1538 1574 1574 synodum
1602 1539 1799 1573 suscepisset,
1824 1539 1948 1574 patriar-

1152 1584 1234 1610 cham
1257 1584 1334 1610 illum
1362 1584 1515 1612 Antiochiae
1537 1592 1567 1612 se
1592 1583 1652 1612 fore
1673 1584 1823 1612 facturum.
1848 1585 1949 1613 Atille

1152 1629 1279 1657 simulate
1297 1631 1421 1665 suscepit
1438 1631 1586 1666 synodum,
1602 1630 1739 1658 conﬁtens
1758 1631 1830 1658 duas
1855 1631 1948 1658 unitas

1152 1676 1178 1702 in
1187 1676 1298 1704 Christo
1311 1681 1438 1704 naturas.
1450 1676 1633 1712 Interrogavit
1643 1681 1735 1703 autem
1749 1677 1946 1711 imperatorem

1151 1722 1185 1749 de
1204 1723 1366 1757 operatione
1390 1731 1422 1749 ac
1446 1723 1645 1755 voluntatibus,
1661 1724 1782 1758 qualiter
1805 1727 1948 1757 oporteret

1151 1769 1178 1796 iu
1197 1768 1309 1796 Christo
1322 1769 1376 1796 dici
1394 1769 1492 1804 duplas
1517 1774 1565 1796 aut
1582 1770 1707 1804 simplas.
1725 1768 1795 1796 Tum
1823 1769 1948 1804 impera-

1152 1819 1196 1842 tor
1222 1814 1299 1843 vocis
1328 1815 1452 1842 novitate
1477 1818 1695 1845 consternatus,
1721 1814 1822 1842 scribit
1849 1814 1947 1850 Sergio

1151 1859 1434 1896 Constantinopoleos
1467 1860 1610 1895 episcopo.
1650 1859 1776 1886 Adrocat
1803 1859 1891 1886 etiam
1921 1863 1948 1885 α

1150 1905 1255 1942 Cyrum
1283 1906 1414 1935 Phasidis
1438 1907 1610 1938 antistitem,
1637 1910 1664 1934 et
1690 1906 1742 1933 hoc
1776 1906 1947 1941 interrogato

1151 1953 1255 1988 reperit
1267 1960 1330 1980 eum
1347 1953 1568 1981 consentientem
1590 1952 1687 1987 Sergio
1701 1952 1729 1979 in
1746 1960 1829 1979 unam
1847 1953 1947 1980 volun-

1151 2002 1235 2026 tatem
1253 2003 1280 2027 et
1293 2006 1374 2026 uuam
1393 1999 1595 2034 operationem.
1614 1998 1728 2033 Sergius
1748 1998 1834 2030 enim,
1851 2003 1947 2033 utpote

1152 2044 1242 2080 Syrus
1265 2052 1366 2080 genere
1395 2052 1427 2072 ac
1451 2044 1613 2080 parentibus
1635 2043 1770 2070 Jacobitis
1796 2044 1945 2075 cxsistens,

1152 2099 1235 2118 unam
1248 2092 1405 2119 naturalem
1418 2092 1590 2120 voluntatem
1609 2095 1637 2119 et
1652 2098 1736 2118 unam
1752 2090 1945 2126 operationem

1151 2137 1178 2164 in
1205 2137 1318 2165 Christo
1345 2138 1490 2172 rescripsit
1519 2142 1604 2172 atque
1629 2137 1776 2166 confessus
1809 2142 1864 2166 est.
1896 2138 1947 2165 Ast

1152 2183 1302 2217 imperator
1326 2183 1473 2218 utriusque
1498 2185 1679 2219 acquiescens
1701 2184 1821 2211 consilio
1843 2184 1947 2218 reperit

307 2226 363 2254 eto,
393 2222 514 2250 universi
538 2222 594 2251 Deo
621 2223 738 2260 hymnos
762 2225 904 2260 gratiﬁcos
931 2227 1096 2255 retulerunt.
1113 2232 1178 2263 Det
1201 2229 1384 2258 Athanasium
1408 2229 1451 2257 eis
1472 2231 1713 2258 consentientem:
1733 2235 1849 2257 noverat
1871 2230 1945 2256 enim

309 2267 411 2303 Sicque
427 2268 536 2296 demum
554 2274 685 2306 suscepto
701 2270 872 2307 imperatore
891 2273 988 2300 urbem
1005 2273 1100 2301 exsul-

309 2318 399 2343 tantes
409 2315 528 2351 ingressi
544 2321 620 2344 sunt.

342 2362 422 2390 Anno
444 2363 554 2398 imperii
571 2363 688 2392 Heraclii
702 2365 735 2393 l9
753 2364 847 2394 Persis
868 2373 916 2394 rex
938 2365 1037 2394 Adesir
1055 2374 1100 2394 se—

308 2412 381 2443 ptem
398 2409 541 2437 mensibus
557 2409 677 2445 prtefuit.
691 2410 842 2445 imperator
853 2416 945 2439 autem
957 2412 1098 2447 profectus

307 2462 322 2482 a
343 2455 418 2489 regia
438 2455 516 2488 urbe,
537 2464 600 2485 cum
627 2464 690 2483 mox
711 2465 758 2484 ver
773 2459 949 2490 accessiSset.
967 2458 1098 2486 Hieroso«

307 2500 407 2536 lymam
443 2500 549 2532 tendit,
581 2502 699 2536 pretiosa
729 2502 793 2530 illuc
827 2508 854 2530 et
886 2503 993 2530 viviﬁca
1026 2503 1098 2539 ligna

307 2551 452 2581 reportans
472 2547 504 2574 ad
528 2548 678 2582 gratiarum
704 2548 761 2575 Deo
788 2549 909 2576 actiones
932 2549 1096 2578 reddendas.

306 2592 430 2628 Cumque
458 2592 633 2621 Tiberiadem
660 2594 795 2627 adiisset,
823 2602 990 2624 accusavere
1019 2596 1099 2624 Chri-

305 2640 389 2666 stiani
406 2639 550 2675 Beniamin
565 2641 712 2676 quemdam
728 2642 839 2670 nomine
853 2642 933 2675 quasi
954 2643 1025 2670 mala
1040 2643 1093 2671 sibi

305 2685 452 2715 facientem
468 2696 475 2714 :
491 2693 550 2716 erat
577 2688 650 2716 enim
681 2688 828 2717 admodum
856 2689 1024 2725 opulentus;
1049 2689 1098 2724 qui

305 2733 429 2768 suscepit
446 2733 641 2770 imperatorem
663 2738 691 2763 et
713 2735 866 2764 exercitum
887 2735 961 2771 ejus.
977 2737 1028 2764 Ast
1044 2735 1097 2764 im-

306 2783 416 2812 perator
444 2779 586 2808 damnavit
612 2788 675 2808 eum
694 2789 700 2808 :
719 2780 897 2814 Quamobrem
909 2802 917 2813 ,
948 2781 1096 2817 inquiens.

306 2823 431 2851 malum
448 2832 475 2851 es
490 2824 678 2854 Christianis!
694 2826 740 2861 qui
757 2825 797 2853 ait
814 2835 820 2853 :
841 2825 875 2852 Ut
897 2826 1012 2853 inimicis
1034 2825 1097 2861 ﬁdei

307 2876 381 2896 ηιειτ.
397 2868 475 2898 Tunc
488 2870 639 2906 imperator
657 2870 830 2898 admonitum
847 2871 920 2900 hunc
937 2876 963 2899 et
983 2872 1015 2899 ad
1034 2879 1094 2900 cre-

1151 2275 1226 2311 quod
1242 2275 1281 2303 ibi
1296 2283 1350 2303 una
1364 2276 1488 2312 operatio
1502 2277 1650 2312 reperitur,
1667 2276 1712 2303 ubi
1726 2280 1753 2304 et
1771 2284 1825 2303 una
1844 2281 1944 2303 natura

1151 2321 1340 2357 cognoscitur.
1366 2322 1467 2349 Certus
1488 2327 1579 2349 autem
1602 2322 1754 2357 imperator
1779 2330 1865 2357 super
1891 2323 1944 2349 hoc

1151 2367 1242 2395 factus
1259 2367 1357 2395 scribit
1376 2367 1410 2395 ad
1427 2367 1562 2397 Joannem
1583 2376 1683 2404 papam
1702 2369 1859 2396 Romanum
1873 2377 1943 2404 pra:-

1151 2413 1288 2442 dictorum
1311 2415 1496 2449 sententiam;
1516 2416 1561 2450 qui
1587 2423 1683 2443 eorum
1700 2423 1878 2450 nequaquam
1901 2423 1946 2443 se«

1151 2465 1224 2489 ctam
1241 2461 1364 2489 admisit.
1382 2462 1469 2489 Porro
1481 2461 1600 2497 Georgio
1613 2462 1801 2490 Alexandrino
1815 2461 1947 2490 defuncto

1151 2507 1272 2534 mittitur
1284 2507 1372 2542 Cyrus
1389 2507 1537 2543 episcopus
1552 2508 1726 2535 Alexandriae
1741 2508 1944 2542 praeferendus,

1151 2553 1198 2588 qui
1212 2554 1306 2581 unitus
1323 2553 1470 2581 Theodoro
1489 2554 1619 2589 episcopo
1640 2553 1730 2581 Faran
1747 2554 1815 2581 fecit
1830 2554 1944 2582 decolo-

1151 2603 1238 2626 ratam
1265 2598 1381 2635 hydram
1407 2599 1483 2626 illam
1516 2599 1662 2631 unitatem,
1696 2598 1752 2625 imo
1782 2599 1947 2632 vanitatem,

1150 2651 1234 2672 unam
1261 2647 1289 2671 et
1314 2644 1368 2679 ipsi
1398 2645 1553 2673 scribentes
1588 2644 1616 2672 in
1647 2643 1760 2672 Christo
1788 2644 1946 2672 naturale-

1150 2691 1350 2724 operationem.
1381 2690 1429 2719 His
1463 2692 1500 2718 ita
1527 2691 1761 2726 prosequentibus
1790 2691 1820 2718 in
1850 2692 1946 2726 ingens

1150 2736 1330 2772 opprobrium
1348 2736 1576 2765 Cbalcedonense
1599 2737 1746 2765 concilium
1767 2741 1794 2764 et
1810 2737 1944 2766 catholica

1149 2783 1257 2811 corruit
1275 2782 1397 2811 Ecclesia
1416 2792 1423 2810 :
1444 2784 1636 2818 gloriabantur
1660 2783 1733 2811 enim
1756 2781 1891 2812 lacobitz
1912 2789 1944 2808 ac

1149 2828 1348 2860 Theodosiani.
1374 2830 1552 2863 pcrhibcntes
1577 2829 1644 2864 quia
1660 2828 1772 2864 Synodo
1788 2828 1945 2856 Chalcedo-

1150 2875 1228 2903 nensi
1248 2882 1301 2903 non
1318 2882 1379 2909 nos,
1396 2875 1444 2903 sed
1457 2875 1549 2912 potius
1563 2875 1803 2903 Chalcedonensis
1820 2875 1945 2911 synodus
