2052 3153
226 170 296 204 1319

791 169 994 200 ANASTASH
1022 168 1338 199 BlBLlOTHECARlI

1792 166 1864 200 illi)

226 235 322 258 contra
338 236 389 257 nos
414 228 588 256 Christianos
607 228 713 261 illicita,
742 228 1019 256 ctronversabantur
1034 231 1055 258 Α
1074 227 1179 254 luxuria
1195 231 1222 253 et
1241 227 1359 254 stultitia
1383 226 1473 260 plene,
1493 225 1611 260 compati
1635 229 1728 252 tamen
1745 225 1862 254 invicem

226 284 290 304 cum
304 277 375 311 ipso.
389 275 585 303 Necessarium
596 279 687 302 autem
705 281 769 302 reor
786 275 972 301 enarrandum
984 274 1019 302 de

225 322 405 358 generatione
430 321 501 356 ejus.
533 321 559 347 ls
583 329 614 348 ex
634 327 688 347 una
712 320 920 355 generalissima
945 320 1018 347 tribu

226 369 361 396 oriundus
395 373 466 400 erat,
493 367 618 394 lsmaelis
647 367 786 398 videlicet,
817 366 864 393 lilii
889 366 1017 393 Abrahaz.

226 415 349 443 Nizarus
371 415 463 447 enim,
492 414 617 442 lsmaelis
644 421 791 449 pronepos,
820 417 897 448 pater
921 421 1017 440 eorum

226 465 350 492 omnium
369 463 490 491 ducitur.
509 462 558 489 llic
575 463 663 498 gignit
680 462 750 489 tilios
768 462 848 494 duos,
874 461 1018 488 Mudarum

175 519 179 522 ·
227 511 333 538 scilicet
358 515 384 537 et
407 509 545 536 Rhabian.
568 509 712 536 liludarum
728 508 817 544 gignit
839 507 975 535 Curasum
991 510 1018 534 et

226 557 346 585 Chaison
362 561 389 583 et
406 555 585 583 Theomincm
601 559 628 582 ct
643 555 765 582 Asadum
781 559 807 582 et
818 554 1018 588 aliosignotos.

227 601 259 630 Hi
278 610 372 629 omnes
385 602 549 629 habitabant
560 601 728 628 Madianilen
743 601 895 632 heremum,
907 600 972 627 etin
985 607 1019 627 eo

227 649 384 677 nutriebant
405 655 517 684 pecora.
543 648 569 675 in
595 648 782 675 tabernaculis
810 651 1017 674 conversantes.

227 695 297 722 Sunt
314 699 404 721 autem
421 699 447 722 ct
466 695 508 721 his
524 694 740 729 interiores,qui
756 702 809 720 non
824 698 890 720 sunt
901 694 934 720 de
944 693 1017 720 tribu

227 741 361 776 ipsorum,
379 741 426 768 sed
444 749 476 768 ex
497 741 615 771 Lettam,
634 740 760 767 videlicet
772 740 798 767 hi
819 739 866 775 qui
885 744 1018 767 vocantur

225 787 398 818 Ammanitaa,
414 786 439 813 id
457 791 499 814 est
516 785 798 819 llomeritrc.Quidam
815 793 881 813 sane
895 786 1016 820 ipsorum

227 831 442 866 negotiabantur
457 831 483 858 in
501 831 614 858 camelis
627 833 697 859 suis.
711 830 779 857 Cum
793 835 882 858 autem
901 830 980 864 inops
990 832 1019 856 et

226 878 368 912 orphanus
385 878 533 912 pra-dictus
545 883 619 906 esset
639 877 776 904 Maometh
789 897 796 909 ,
812 878 889 903 visus
907 879 950 903 est
964 876 1017 903 sibi

226 924 260 952 ad
276 925 424 960 quamdam
443 925 546 952 intrare
575 925 717 952 mulierem
736 924 899 959 locupletem
922 929 949 951 et
969 930 1017 950 co-
1035 913 1058 941 Β

226 976 336 1006 gnatam
355 978 445 1003 suam,
465 971 576 997 nomine
593 970 748 1004 Chadigan,
778 970 967 997 mercenarius
986 969 1019 996 ad

228 1017 423 1051 negotiandum
446 1024 508 1043 eum
526 1017 640 1044 camelis
665 1017 722 1044 suis
738 1017 810 1051 apud
825 1016 975 1052 Egyptum
993 1021 1020 1043 et

227 1061 413 1090 Palaestinam.
441 1061 574 1089 Paulatim
593 1066 684 1089 autem
706 1063 805 1091 [iducia
823 1070 907 1097 penes
932 1064 1019 1097 ipsam

227 1114 355 1146 percepta
373 1109 527 1142 mulierem,
538 1117 599 1144 quae
612 1109 693 1136 vidua
711 1114 781 1142 erat,
800 1113 827 1137 et
842 1110 946 1144 accepit
958 1117 1018 1136 eam

229 1163 355 1187 uxorem,
384 1159 411 1182 et
435 1155 530 1182 habuit
545 1155 664 1182 camelos
681 1155 768 1190 ipsius
792 1160 875 1191 atque
889 1155 1020 1183 substan-

228 1201 304 1228 tiam.
322 1200 447 1235 Cumque
468 1201 570 1228 veniret
592 1201 618 1227 in
633 1200 818 1233 Palaestinam,
833 1201 1021 1229 conversaba-

228 1252 274 1275 tur
287 1255 349 1275 cum
364 1246 468 1275 Iudaeis
485 1251 511 1275 et
528 1248 706 1275 Christianis.
725 1247 859 1283 Capiebat
877 1252 968 1275 autem
985 1248 1021 1275 ah

228 1295 269 1322 eis
285 1293 417 1329 quasdam
432 1293 598 1329 scripturas.
615 1293 701 1321 Porro
721 1294 840 1322 habebat
861 1295 1019 1330 passionem

230 1339 379 1374 epilepsim.
396 1338 456 1372 Quo
470 1344 613 1373 comperto
637 1339 720 1374 hujus
737 1340 837 1375 eonjux
860 1340 960 1375 oppido
975 1341 1021 1367 tri-

229 1386 364 1417 stabatur.
380 1389 474 1420 utpote
493 1385 604 1418 nobilis,
626 1390 654 1412 et
674 1393 734 1420 quae
746 1393 775 1413 se
793 1385 952 1420 huiusmodi
974 1393 1021 1413 eo-

233 1431 346 1465 pularit,
360 1439 445 1466 egeno
460 1431 566 1459 scilicet
589 1436 615 1459 ct
630 1432 786 1467 epileptico.
804 1431 939 1459 Procurat
956 1438 1021 1458 vero

227 1477 287 1511 ipse
314 1475 423 1512 placare
448 1478 521 1504 illam
547 1478 649 1509 taliter,
679 1479 774 1505 dicens
798 1479 866 1512 quia
878 1478 1020 1505 Visionem

227 1523 374 1557 quamdam
385 1523 474 1558 angeli
487 1523 627 1550 Gabrielis
638 1523 704 1550 dicti
717 1524 899 1558 contemplor,
909 1529 936 1551 et
947 1523 1020 1550 haud

1070 279 1098 302 et
1123 274 1250 300 auxiliari
1271 273 1397 308 patienti.
1417 273 1502 300 l'orro
1519 273 1614 300 eodem
1629 279 1703 300 anno
1719 278 1803 301 natus
1818 277 1863 301 est

1070 319 1098 347 in
1113 319 1227 347 Oriente
1246 320 1329 346 David
1347 319 1419 347 ﬁlius
1441 320 1513 354 ejus,
1537 319 1692 355 eodemque
1715 320 1761 347 die
1781 325 1863 348 natus

1069 372 1113 394 est
1127 366 1273 395 llcrat‘litts
1296 367 1368 394 illius
1390 366 1508 394 Heraclii
1523 366 1658 401 juniuris,
1672 367 1717 401 qui
1742 373 1769 394 et
1793 366 1866 394 Con-

1070 413 1209 440 stantinus
1223 413 1378 448 appellatus
1394 418 1446 445 est,
1461 416 1489 440 ct
1503 412 1661 448 baptizatus
1670 417 1713 440 est
1733 421 1748 439 a
1768 413 1866 448 Sergio

1070 458 1239 493 patriarcha.
1419 490 1425 495 ε

1105 505 1186 532 Anno
1202 505 1308 540 imperii
1323 505 1440 532 Ueraciii
1458 505 1493 532 '22
1511 505 1652 533 Modestus
1663 505 1864 542 Hierosolymi-

1071 555 1151 578 tanus
1166 552 1285 578 habetur
1310 553 1426 580 antistes
1448 556 1474 579 et
1490 552 1692 580 Abuhacharus
1716 553 1770 580 dux
1796 553 1865 581 Ara-

1070 598 1146 630 bum,
1160 599 1205 633 qui
1226 600 1314 627 tribus
1343 599 1516 635 principatus
1529 603 1572 627 est
1585 600 1676 626 annis.
1693 600 1782 628 Persa:
1796 608 1864 628 vero

1071 645 1280 672 insurrexerunt
1303 646 1432 678 invicem,
1454 650 1482 673 et
1509 653 1572 673 sese
1596 647 1861 674 mnttto'dcbellant.

1069 691 1122 718 Per
1135 691 1206 718 idem
1225 699 1335 726 queque
1352 697 1459 727 tempus
1473 700 1520 719 rex
1537 691 1666 719 Indorum
1689 693 1772 720 mittit
1792 701 1861 720 eon-

1071 738 1250 772 gratulatoria
1277 738 1402 767 Heraclio
1419 740 1445 766 in
1471 738 1618 766 Persarum
1641 739 1771 772 victoria,
1789 747 1864 766 mar-

1070 785 1176 819 garitas
1205 785 1311 812 scilicet
1329 789 1356 812 et
1373 785 1478 820 lapides
1499 785 1636 820 pretiosos
1660 786 1776 813 multos.
1791 785 1866 813 Mor-

1071 835 1134 857 tuus
1159 837 1250 858 autem
1266 831 1402 859 Maometh
1417 836 1487 863 erat,
1514 833 1561 866 qui
1586 835 1722 858 statuerat
1743 836 1866 866 quatuor

1070 879 1190 906 amireos
1215 879 1391 914 expugnandi
1418 878 1606 909 Christianos,
1625 879 1670 913 qui
1695 886 1728 905 ex
1743 878 1866 906 Arabum

1071 932 1170 958 genere
1195 924 1314 951 fuerant.
1339 925 1370 952 Et
1389 929 1524 952 venerunt
1546 928 1643 950 contra
1666 924 1796 951 Mucheas
1819 932 1867 951 ca-

1069 971 1191 1002 stellum,
1208 971 1234 997 in
1254 979 1308 1005 qtto
1320 975 1381 997 erat
1394 969 1557 997 Theodorus
1580 969 1707 1004 Iltgarius
1725 970 1795 1006 (61),
1817 978 1867 998 vo-

1071 1017 1158 1044 lentes
1171 1018 1277 1044 irrucre
1291 1017 1318 1043 in
1335 1017 1438 1044 Arabes
1453 1017 1497 1044 die
1517 1015 1671 1050 qno'idolis
1695 1015 1865 1044 immolaturi

1070 1068 1161 1090 erant.
1175 1063 1322 1098 Comperto
1338 1067 1430 1091 autem
1446 1063 1498 1091 hoc
1515 1063 1642 1098 Bigarins
1655 1062 1867 1098 colligilomnes

1071 1111 1174 1137 milites
1196 1118 1291 1138 eorum
1307 1111 1354 1145 qui
1373 1110 1516 1137 heremum
1537 1110 1735 1142 observabant,
1753 1113 1782 1137 et
1804 1109 1867 1137 dili-

1071 1161 1166 1193 genter
1180 1157 1342 1185 sciscitatus
1366 1165 1380 1184 a
1407 1157 1546 1184 Saraceno
1559 1157 1632 1185 diem
1654 1163 1681 1184 et
1699 1157 1796 1184 lteram
1808 1165 1866 1192 qna

1071 1210 1151 1232 erant
1168 1204 1231 1232 illos
1245 1205 1416 1239 aggressuri,
1449 1206 1508 1239 ipse
1527 1205 1636 1232 irruens
1650 1205 1678 1231 in
1699 1212 1746 1232 eos
1758 1204 1784 1231 in
1798 1211 1866 1239 prte-

1071 1251 1118 1279 dio
1141 1251 1214 1285 quod
1239 1250 1384 1278 dicebatur
1411 1251 1530 1284 Mallius,
1546 1251 1648 1278 occidit
1670 1255 1726 1278 tres
1743 1251 1866 1279 amireos

1072 1297 1277 1332 plut-imamque
1300 1296 1391 1331 populi
1416 1300 1520 1331 partem
1536 1296 1657 1323 :exsiliit
1682 1302 1773 1324 autem
1791 1303 1868 1324 unus

1072 1342 1184 1372 atniras,
1203 1342 1339 1369 Chaledns
1365 1342 1481 1374 scilicet,
1507 1349 1587 1376 quem
1606 1341 1725 1376 gladium
1754 1341 1800 1368 Dei
1821 1340 1866 1368 di-

1072 1394 1148 1415 cunt.
1166 1387 1253 1415 Erant
1269 1392 1360 1415 autem
1377 1388 1489 1423 quidam
1516 1388 1636 1415 Arabum
1661 1388 1738 1421 juxta
1759 1388 1866 1422 posito-

1072 1441 1145 1466 rum,
1162 1433 1207 1468 qui
1226 1434 1398 1468 accipiebant
1414 1433 1448 1460 ab
1466 1433 1680 1467 imperatoribus
1696 1440 1777 1467 rogas
1798 1439 1868 1467 pau—

1072 1480 1153 1508 xillas
1172 1479 1205 1506 ad
1223 1479 1439 1507 custodienduttt
1457 1479 1557 1507 stomia
1575 1478 1672 1506 eremi.
1684 1477 1785 1505 Eodem
1800 1485 1867 1505 vero

1074 1531 1195 1561 tempore
1212 1528 1285 1554 venit
1306 1526 1417 1560 quidam
1440 1527 1526 1561 spado
1548 1526 1666 1553 daturus
1687 1525 1804 1551 militum
1819 1531 1868 1551 ro-

228 1569 320 1596 ferens
339 1569 420 1603 hujus
437 1573 578 1604 aspectum
600 1575 693 1597 mente
709 1569 806 1596 deﬁcio
821 1573 848 1596 et
862 1569 941 1596 cado.
957 1569 1017 1604 ipsa
1034 1588 1056 1615 ϐ
1073 1580 1130 1607 gas.
1149 1572 1182 1599 Et
1207 1580 1271 1599 cum
1290 1573 1430 1599 venissent
1446 1572 1551 1600 Arabes
1575 1571 1729 1599 secundum
1750 1577 1869 1598 consue-

229 1622 295 1643 νει-ο
312 1622 375 1642 cum
390 1615 502 1642 haberet
519 1615 672 1642 adulterum
685 1616 830 1650 quemdam
845 1619 956 1651 propter
975 1616 1020 1642 in-

230 1660 389 1688 ﬁdelitatem
413 1660 512 1688 ibitlem
535 1662 658 1689 exsulem
685 1661 866 1694 habitantem,
900 1662 1019 1689 atnicum

230 1714 322 1739 suum,
334 1706 466 1734 indicavit
482 1707 506 1734 ei
522 1708 626 1739 omnia,
644 1713 671 1735 et
690 1715 789 1735 nomen
804 1708 906 1742 angeli.
928 1709 962 1734 At
976 1708 1022 1735 illo

229 1753 323 1780 volens
351 1760 409 1780 eam
437 1753 552 1781 reddere
577 1758 680 1781 certam
706 1755 774 1781 dixit
805 1755 850 1781 ei:
875 1754 1020 1780 Veritatem

229 1801 332 1826 locutus
348 1804 386 1827 est
404 1808 412 1827 :
431 1801 524 1827 etenim
544 1801 593 1828 iste
606 1801 715 1836 angelus
731 1802 849 1827 mittitur
860 1802 894 1828 ad
911 1806 1020 1828 amotos

227 1847 381 1882 prop/tetas.
392 1847 452 1882 ipsa
466 1854 531 1882 ergo
544 1848 631 1882 prima
644 1851 774 1882 sttsccpto
785 1847 1020 1882 pseudomonachi

229 1892 312 1920 verbo
329 1893 444 1921 credidit
459 1894 495 1927 ei,
511 1898 538 1922 cl.
557 1894 716 1929 praedicavit
733 1893 760 1921 id
775 1893 837 1921 aliis
856 1893 1021 1921 mulieribus

228 1939 430 1967 contrihttlibus
446 1942 515 1973 suis,
532 1941 692 1976 prophetam
707 1947 769 1967 eum
785 1948 864 1974 esse;
882 1944 910 1968 et
929 1940 1021 1968 taliter

228 1993 261 2014 ex
275 1984 384 2013 feminis
398 1985 470 2013 fama
489 1987 564 2013 venit
576 1986 609 2013 ad
626 1987 712 2018 viros,
727 1986 818 2022 primo
833 1986 970 2014 duntaxat
985 1985 1019 2013 ad

228 2032 463 2065 Abubacharum,
485 2040 566 2067 quem
587 2037 614 2060 et
642 2040 832 2060 successorem
854 2033 969 2060 dimisit.
987 2031 1020 2058 Et

229 2080 315 2107 tenuit
332 2079 444 2107 hmresis
468 2080 529 2114 ejus
552 2083 645 2116 partes
664 2079 788 2112 Ethribi,
816 2086 957 2115 postremo
971 2087 1021 2114 per

228 2123 341 2151 bellum.
356 2124 422 2150 Nam
435 2124 552 2157 primum
571 2124 681 2158 quidem
696 2124 804 2152 occulte
821 2125 902 2152 annis
913 2125 1020 2157 decem,

228 2175 254 2196 et
265 2169 336 2196 bello
353 2168 483 2196 similiter
494 2169 600 2201 decem,
616 2170 794 2197 etmanit‘este
802 2177 909 2197 n0vem.
926 2169 1021 2198 Docuit

228 2219 318 2242 autem
336 2215 476 2242 auditores
497 2223 562 2242 suos
590 2215 662 2250 quod
683 2216 729 2250 qui
752 2216 855 2243 occidit
877 2216 1019 2244 inimicum

228 2261 271 2288 vel
284 2261 318 2288 ab
331 2261 444 2289 inimico
460 2261 610 2295 occiditur,
626 2262 653 2288 in
668 2261 828 2297 paradisum
851 2262 1018 2298 ingreditur.

228 2306 391 2334 Paradisum
419 2315 485 2335 vero
505 2308 625 2336 carnalis
649 2309 704 2336 cibi
727 2316 760 2336 ac
786 2314 867 2343 potus
892 2314 918 2337 et
941 2317 1020 2337 com-

227 2353 370 2381 mistionis
384 2345 530 2381 muliei'um
551 2354 722 2388 perhibebat,
737 2354 905 2390 ﬂuviumque
920 2356 976 2383 vini
988 2364 1020 2384 ac

228 2399 316 2427 mellis
328 2404 355 2426 et
370 2399 460 2432 lactis,
472 2405 499 2426 et
515 2398 680 2427 feminartnn
693 2408 746 2427 non
763 2402 950 2436 prmsentium,
970 2402 1018 2429 sed

229 2444 356 2476 aliarum,
368 2449 395 2472 ct
412 2447 556 2472 misturam
574 2446 721 2474 multorum
738 2454 872 2475 annorutn
887 2447 1018 2481 futuram,

228 2496 254 2519 et
268 2490 424 2518 abluentem
443 2492 611 2527 voluptatem
625 2513 632 2525 ,
651 2500 702 2520 nec
717 2501 770 2521 non
787 2498 813 2520 et
827 2494 880 2521 alia
895 2496 1019 2530 quaedam

1074 1619 1197 1645 tudinem
1212 1619 1352 1653 accepturi
1370 1626 1462 1653 rogatu
1480 1625 1570 1649 suam,
1587 1617 1732 1645 eunuchus
1747 1617 1867 1652 impulit,

1072 1665 1168 1692 dicens
1197 1665 1261 1700 quia
1295 1664 1428 1692 Dominus
1457 1664 1502 1691 vix
1532 1663 1579 1690 dat
1609 1664 1744 1691 militibus
1774 1671 1868 1697 rogas,

1072 1715 1177 1746 quanto
1192 1711 1283 1738 minus
1301 1711 1417 1738 canibus
1430 1711 1504 1737 istis.
1518 1710 1649 1738 Videntes
1660 1716 1750 1737 autem
1763 1709 1869 1737 Arabes

1073 1757 1126 1784 hoc
1142 1757 1269 1784 abierunt
1285 1758 1318 1784 ad
1336 1758 1377 1784 sui
1393 1758 1503 1792 generis
1516 1758 1601 1789 viros,
1613 1761 1641 1784 et
1658 1758 1710 1791 ipsi
1727 1756 1871 1783 duxerunt

1073 1810 1121 1830 eos
1138 1803 1165 1830 in
1183 1804 1323 1838 regionem
1338 1803 1417 1830 Gazae
1430 1824 1437 1836 ,
1473 1811 1535 1838 qua:
1562 1803 1654 1830 aditus
1674 1806 1734 1830 erat.
1763 1802 1869 1830 heremi

1072 1854 1169 1877 contra
1185 1849 1296 1877 Sinazon
1314 1854 1436 1877 montem
1453 1850 1600 1884 locupletis
1620 1850 1699 1877 Valde

1109 1896 1188 1924 Anno
1209 1896 1317 1930 imperii
1342 1895 1460 1923 lleraclii
1478 1897 1514 1923 24
1531 1904 1594 1923 eum
1617 1896 1739 1924 misisset
1754 1896 1869 1924 Abuha-

1072 1943 1173 1971 charus
1198 1947 1331 1979 prtetores
1355 1948 1486 1978 quatuor,
1517 1943 1564 1978 qui
1589 1943 1664 1970 ducti
1691 1944 1813 1976 fuerant,
1840 1950 1870 1971 ut

1073 1991 1191 2026 prtetuli,
1204 1990 1239 2018 ab
1252 1991 1401 2023 Arabibus,
1415 1994 1551 2018 venerunt
1566 1994 1649 2025 atque
1660 1995 1795 2026 ceperunt
1808 1991 1868 2018 Rau

1073 2041 1099 2064 et
1115 2041 1201 2063 totam
1230 2036 1368 2071 regionem
1393 2036 1483 2064 Gazre.
1512 2035 1691 2071 Tandemque
1717 2037 1870 2071 aliquando

1073 2090 1134 2110 cum
1149 2083 1268 2109 venisset
1292 2090 1308 2109 a
1322 2083 1446 2110 Cmsarea
1470 2082 1623 2110 Palaestina:
1649 2090 1713 2110 eum
1731 2083 1869 2110 militibus

1072 2128 1180 2164 paucis,
1194 2129 1262 2155 inito
1274 2128 1346 2156 bello
1360 2128 1508 2163 perimitur
1525 2129 1631 2163 primus
1649 2135 1711 2155 cum
1726 2128 1867 2159 exercitu.

1073 2175 1120 2209 qui
1141 2178 1328 2201 trecentorum
1354 2178 1414 2201 erat
1431 2175 1574 2206 virorum,
1595 2178 1621 2200 et
1640 2174 1733 2201 multis
1749 2175 1870 2208 captivis

1073 2220 1195 2255 acceptis
1209 2221 1363 2248 crexuviis
1386 2220 1515 2255 plurimis
1531 2221 1636 2247 reversi
1663 2224 1728 2247 sunt
1743 2228 1808 2246 cum
1825 2220 1870 2247 vi-

1039 2258 1059 2284 D
1073 2267 1160 2294 ctoria
1182 2267 1336 2301 splendida.
1360 2266 1446 2294 Porro
1471 2266 1566 2293 eodem
1583 2274 1656 2293 anno
1671 2269 1753 2294 terra
1774 2271 1868 2294 motus

1073 2312 1163 2340 factus
1178 2318 1221 2340 est
1237 2314 1263 2340 in
1280 2314 1437 2345 Palatstiua,
1463 2317 1491 2339 et
1507 2312 1636 2347 apparuit
1651 2313 1771 2347 signum,
1793 2312 1869 2347 quod

1073 2360 1176 2387 dicitur
1203 2359 1327 2392 docetes,
1358 2359 1385 2386 in
1402 2359 1474 2387 ccelo
1491 2363 1587 2386 contra
1611 2359 1764 2390 meridiem,
1798 2365 1869 2393 prm-

1075 2406 1210 2434 nuntians
1233 2405 1355 2433 Arabum
1377 2409 1561 2440 potentatum.
1591 2405 1755 2433 Perduravit
1773 2409 1868 2432 autem

1074 2451 1172 2480 diebus
1198 2452 1320 2487 triginta,
1345 2456 1489 2479 extensqu
1508 2460 1523 2478 a
1540 2451 1702 2479 mesembria
1721 2459 1812 2486 usque
1830 2452 1866 2479 ad

1077 2502 1182 2525 arctum
1195 2506 1202 2531 ;
1217 2503 1277 2526 erat
1290 2502 1381 2526 autem
1400 2498 1427 2526 in
1441 2497 1551 2525 modum
1568 2497 1662 2533 gladii.

984 2553 1102 2584 NOTAE.

263 2599 319 2635 (6|)
341 2598 478 2635 Bigarius.
495 2598 591 2627 Scribe
606 2598 735 2630 vicarius.
754 2600 805 2628 nisi
826 2600 897 2628 forte
917 2608 1016 2628 nomen

226 2633 369 2669 dignitatis
395 2641 445 2669 pro
471 2635 635 2670 cognmnine
658 2635 824 2663 Anastasius
854 2637 1016 2670 acceperit:

247 2670 300 2697 uod
316 2677 372 2705 non
387 2673 463 2705 puto.
483 2669 513 2696 S.
527 2669 658 2702 Basilius,
676 2671 756 2704 epist.
779 2671 830 2697 ’264
846 2677 854 2698 :
881 2669 952 2705 Ἐγὼ
971 2671 1019 2698 τοῦ

247 2678 300 2697 uou
317 2678 372 2696 non
387 2678 463 2703 pttto.
483 2678 513 2696 δ.
527 2678 658 2702 nasutus,
676 2678 756 2704 epist.
779 2678 830 2697 zua
846 2678 854 2698 τ
883 2678 952 2705 me)
971 2680 1016 2698 του

226 2678 352 2742 ἓιγκαρίοῳ
374 2703 551 2742 τῆςλβρᾲκης
572 2705 716 2732 ἐπέστειλα
739 2707 771 2740 τῇ
792 2705 934 2742 Θεοσεσείᾳ
959 2715 1016 2733 σου.

226 2739 401 2777 Glossarium
429 2739 628 2777 Segiteﬂanum
651 2749 667 2777 :A
691 2739 820 2776 Βικάριος
837 2739 928 2777 ηπαρὲί
953 2742 1019 2768 Ῥω-

228 2776 320 2810 μαίοις
345 2775 477 2810 διάδοχος.
519 2775 622 2803 Eadem
652 2775 809 2804 Suidas'et
836 2775 1019 2804 Phavorinus.

255 2811 426 2847 etuphrastes
443 2818 479 2838 m.
495 2816 566 2846 sept.
587 2812 614 2838 in
631 2811 780 2847 Tropbimo
795 2821 802 2838 :
818 2813 873 2846 τὴν
897 2813 952 2839 τῶν
978 2811 1019 2847 βια

228 2845 332 2883 ξιμρίιιξν
347 2847 432 2883 ᾁρχὴν
441 2845 588 2883 -κατὰντὴν
597 2845 771 2883 ξλνςιᾶχεμιν
793 2845 915 2879 ’Λτέικὺς
925 2845 1017 2882 ῆνυὲν,

227 2878 418 2918 genologiui'n'
438 2880 514 2909 Junii
537 2878 576 2910 5':
592 2882 644 2908 Τὺν
675 2878 798 2918 βὶἰτάριον
824 2878 962 2918 πρὸςςτδέψ
978 2884 1019 2914 si;

227 2914 348 2948 Ipsa-rbi}
378 2917 554 2945 ἐπεσπάσατο
582 2914 685 2946 πίστινζ
713 2914 866 2946 Concilium
893 2914 1014 2945 Floreat.

1072 2612 1140 2632 sese.
1155 2604 1192 2632 25
1208 2613 1214 2629 :
1235 2605 1265 2632 '0
1281 2604 1462 2636 ἀποστολικδς
1480 2603 1574 2639 θρόγρς
1586 2604 1601 2630 ὁ
1616 2604 1663 2631 καὶ
1679 2603 1806 2639 βικάρικ
1818 2603 1869 2631 τοῦ

1071 2640 1177 2676 Kupiou
1190 2640 1269 2675 ἡμῶν
1286 2639 1374 2676 Ἰησοῦ
1389 2639 1520 2676 Χριστοῦ.
1531 2638 1641 2676 Ηίῃερὶ
1653 2638 1869 2676 λὰπὸ-βικαρίων

1072 2673 1144 2710 apud
1160 2673 1401 2709 Chrysostoimnn,
1416 2673 1499 2707 epist.
1514 2675 1556 2702 15.
1566 2674 1704 2703 Palladius
1720 2673 1868 2710 Lausiat'a

1072 2708 1098 2736 cI
1113 2711 1163 2737 1'23
1177 2719 1183 2737 :
1204 2708 1272 2737 Ἀπὸ
1292 2710 1417 2745 βρικίων.
1436 2709 1482 2737 Sic
1498 2711 1549 2745 legi
1565 2711 1643 2736 aiunt
1657 2710 1796 2745 incedice
1814 2708 1868 2738 Ve.

1072 2749 1145 2773 nelo.
1172 2746 1254 2777 Ἴσως
1276 2743 1331 2772 se».
1354 2745 1496 2780 βιχαρξων,
1525 2743 1554 2771 ut
1583 2745 1655 2779 apud
1690 2743 1866 2772 Heraclidem

1073 2780 1197 2809 Paradisi
1212 2789 1238 2807 c.
1253 2781 1288 2809 50
1302 2788 1333 2808 ex
1349 2779 1472 2809 vicariis.
1491 2780 1524 2808 de
1541 2780 1661 2807 vicariis.
1679 2781 1710 2807 V.
1727 2779 1824 2814 θυμω.
1838 2780 1866 2807 in

1070 2814 1171 2844 Paret.
1187 2816 1247 2843 cod.
1272 2815 1311 2843 Ile
1325 2815 1372 2850 οη.
1395 2816 1497 2846 t-t'carii,
1518 2820 1545 2842 et
1571 2814 1601 2842 H.
1627 2815 1726 2842 \‘alesii
1743 2815 1867 2842 Adnota-

1074 2851 1164 2878 tioncs
1188 2851 1221 2878 ad
1236 2851 1425 2886 Ammianum,
1458 2859 1484 2886 p.
1507 2851 1550 2879 17.
1583 2851 1661 2879 llnnc
1682 2850 1864 2881 Throdorutn

1073 2887 1214 2914 Ccdrcnus
1232 2885 1562 2922 κςυεικηυλάριφίγυιίαι,
1578 2894 1604 2922 p.
1626 2886 1672 2914 4Ξῦ
1685 2887 1710 2911 b.
1728 2887 1811 2914 τηε.
