2052 3153
160 143 226 176 1321

566 143 750 174 HISTORIA
769 140 1058 172 ECCLESIASTICA
1076 141 1127 171 EX
1145 142 1386 172 TIIEOPHANE.

1711 145 1722 175 l
1729 144 1780 175 3‘22

194 203 274 227 Anno
288 200 394 236 imperii
419 200 536 228 Heraclii
550 200 585 227 ει
598 199 801 226 Alexandrinus
816 198 906 232 Cyrus
919 201 946 224 et
961 200 982 227 Λ
998 205 1067 228 litin,
1086 198 1222 232 inquiens,
1254 198 1339 234 Cyrus
1367 200 1487 230 inermia,
1514 205 1543 226 ul
1578 200 1677 226 tribum
1706 201 1780 228 vobis

158 248 246 275 almus
265 247 438 282 Sophronias
460 246 725 281 llierosolymitauus
740 245 877 271 habentur
901 251 946 270 au-

157 295 272 321 tistites.
288 294 348 326 Quo
360 301 433 320 anno
448 293 648 321 Abubacharus
660 292 785 321 moritur.
808 291 855 325 qui
870 291 946 324 prin-

157 341 267 374 cipatns
282 344 324 367 est
339 340 420 367 annis
441 339 550 366 duabus
567 344 649 373 atque
664 337 791 368 dimidio,
810 341 837 364 et
862 336 946 363 sumit

159 387 342 420 principatum
355 384 500 417 "amarus,
518 385 564 419 qui
580 385 701 411 destinat
722 384 872 410 exercitum
896 383 945 409 atl-

159 439 256 459 versus
275 431 417 461 Arabiam,
449 432 580 465 cepitque
604 430 700 458 nostra
725 430 864 456 civitatem
892 436 945 455 una

159 486 221 505 cum
236 477 298 504 aliis
321 476 492 504 civitatibus.
512 476 631 503 Prol'ccti
656 480 720 502 sunt
748 481 839 502 autem
858 482 946 509 usque

158 523 292 551 Gabetha.
324 522 392 549 Cum
417 522 461 549 his
484 522 583 549 bellutu
610 529 757 556 aggressus
782 521 945 548 Theodorus

159 568 335 603 imperatoris
364 567 481 594 lleraclii
499 567 582 594 frater
597 568 686 595 victus
699 573 750 600 est,
767 571 793 594 et
809 568 842 593 ad
860 567 945 600 impe-

159 618 276 641 ratorem
295 614 442 641 Hedessam
467 614 550 641 vertit.
577 614 628 640 Ast
657 614 808 648 imperator
836 612 946 639 ordinat

159 659 242 686 alium
272 664 414 693 praetorem
431 660 541 686 nomine
559 658 707 690 Bahancm,
721 662 749 685 et
769 657 944 685 Theodorum

158 705 330 731 sacellarium
347 713 409 732 cum
424 706 524 732 virtute
541 704 670 731 Romaica
689 708 717 730 ct
730 705 862 730 adversus
875 703 945 729 Ara-

159 752 207 778 bes
235 750 328 777 mittit.
354 750 478 786 Cumque
503 750 623 778 venisset
654 749 795 782 Emesan,
825 749 946 776 occurrit

159 797 306 824 multitudo
336 796 552 828 Saracenorum,
569 797 672 831 quibus
688 796 787 824 occisis
809 804 863 823 una
881 802 944 822 cum

157 851 191 871 eo
209 844 254 878 qui
277 843 480 877 principabatur
498 843 525 869 in
541 843 593 875 eis.
618 843 738 878 reliquos
753 842 838 877 abigit
856 849 944 877 usque

159 887 372 921 Damascum,et
384 888 440 915 illic
460 888 539 922 juxta
555 888 753 916 Bardanesium
775 887 888 915 ﬂuvium
906 889 944 915 la-

160 935 251 962 tebras
277 934 360 962 fovet.
387 934 531 962 Heraclitus
556 940 649 962 autem
670 934 749 970 Syria
768 935 899 962 derelicta
917 935 944 962 in

158 981 378 1015 desperationem
398 989 492 1013 ruens,
506 981 623 1008 sublatis
637 988 747 1016 quoque
767 981 896 1015 pretiosis
911 981 945 1007 li-

159 1027 220 1062 gnis
235 1027 269 1053 ab
288 1026 439 1054 Jerusalem
462 1026 731 1062 Constantinopolim
756 1028 832 1054 abiit.
859 1027 946 1053 Baha-

160 1080 210 1099 nes
227 1077 316 1098 autent
334 1079 349 1098 a
368 1071 501 1099 Damasco
522 1071 676 1099 Hemesiam
702 1071 773 1099 redit
801 1079 853 1099 una
881 1079 943 1098 eum

160 1117 305 1145 Theodoro
326 1118 482 1148 sacellario.
506 1125 569 1144 cum
587 1118 699 1145 haberet
724 1118 861 1146 exercitus
875 1125 945 1152 qna-

159 1163 283 1197 draginta
300 1163 399 1196 millia;
415 1168 443 1190 et
461 1163 646 1198 insequuntur
662 1164 768 1191 Arabes
783 1164 818 1190 ab
831 1163 946 1191 llemesa

160 1217 248 1243 usque
264 1208 439 1236 Damascum.

194 1255 275 1281 Anno
288 1261 351 1281 vero
369 1254 475 1288 imperii
503 1255 620 1282 Heraclii
636 1255 671 1282 25
701 1254 831 1282 Saraceni
858 1256 944 1282 aciem

160 1301 320 1327 dii-exerunt
334 1300 361 1327 in
376 1300 504 1327 Arabiam
519 1306 614 1328 contra
626 1305 719 1336 partes
737 1301 945 1333 Damasci.cum

160 1350 252 1374 essent
265 1347 448 1374 multitudinis
459 1346 581 1374 inlinitze.
594 1347 653 1379 Quo
667 1346 791 1374 Bahaues
805 1351 945 1381 comperto

161 1392 193 1418 ad
208 1393 375 1426 'tmperialeut
398 1392 572 1419 saccllariuiu
602 1393 697 1423 mittit.
719 1397 748 1419 ut
764 1393 868 1420 veniret
882 1401 946 1419 cum

160 1439 282 1466 exercitu
298 1447 349 1466 suo
366 1439 392 1465 in
409 1439 541 1465 auxilium
572 1439 635 1470 sibi,
660 1446 722 1466 eum
738 1439 855 1473 plurima
872 1443 946 1466 esset

161 1487 280 1512 Arabum
298 1485 471 1519 copia.Vruit
485 1493 550 1520 ergo
565 1485 725 1512 sacellarius
742 1485 775 1512 ad
787 1484 923 1512 Baliarium
938 1494 944 1516 :

994 245 1137 277 prmbeam,
1148 245 1194 271 sed
1208 253 1256 279 ego
1275 250 1395 272 armatus
1409 254 1467 272 sunt
1495 246 1617 281 Cumque
1634 247 1679 273 isti
1694 247 1778 274 abiis-

995 294 1067 322 sent,
1081 290 1226 318 confestim
1246 296 1389 318 armantur
1402 291 1530 318 Saraceni
1544 292 1678 319 adversus
1697 292 1781 327 Egy-

995 339 1082 370 ptum,
1095 342 1122 363 ct
1137 335 1263 363 Manuelo
1289 337 1360 364 bello
1382 338 1459 365 illato
1477 339 1549 365 hunc
1575 340 1699 374 abigunt.
1722 339 1782 375 Ipse

995 389 1062 409 vero
1074 390 1136 409 eum
1152 383 1248 418 paucis
1263 384 1429 418 quibusdam
1448 385 1617 412 Alexandriae
1631 386 1723 413 salvus
1739 395 1783 413 re-

996 429 1106 464 cipitur.
1123 429 1201 456 Tunc
1221 429 1352 458 Saraceni
1370 430 1519 466 {Egyptum
1533 432 1585 459 sub
1602 432 1706 459 tributo
1721 434 1783 459 red-

994 474 1136 502 diderunt.
1167 476 1217 503 Ast
1236 476 1384 510 imperator
1402 477 1502 504 auditis
1529 485 1589 512 qua:
1606 482 1679 510 gesta
1704 483 1780 510 sunt,

997 522 1072 549 misit
1087 522 1186 557 Cyrum
1202 522 1237 549 ad
1251 524 1470 558 persuadendum
1487 525 1527 551 eis
1541 525 1574 551 ab
1593 524 1712 560 .Il-Zgypto
1731 527 1782 553 sub

997 568 1081 602 priori
1097 569 1199 602 placito
1217 569 1370 597 recedendi.
1386 570 1417 596 Et
1430 571 1525 597 abiens
1541 571 1630 606 Cyrus
1644 571 1676 598 ad
1689 575 1780 599 castra

997 614 1198 641 Saracenorum
1214 615 1347 642 rationem
1371 616 1472 648 reddit,
1501 624 1562 644 esse
1589 625 1618 644 se
1634 618 1782 652 perhibetis

997 661 1230 694 praevaricationis
1256 662 1410 690 innoxium.
1439 667 1466 688 et
1491 664 1512 690 si
1535 662 1644 695 vellent.
1663 664 1781 698 priorem

996 706 1173 732 concordiam
1185 706 1350 740 juramentis
1365 708 1575 734 adh-maturum.
1591 708 1676 735 Porro
1698 708 1782 737 Sara—

996 751 1058 778 ceui
1084 752 1242 780 nullatenus
1271 753 1312 780 his
1338 754 1544 787 acquieverunt.
1572 754 1695 782 dicentes
1725 756 1783 790 rpi-

996 803 1079 831 scopo
1095 805 1101 823 :
1120 797 1196 824 Pales
1216 797 1284 824 hanc
1306 799 1450 825 niaximum
1466 799 1615 825 columnam
1631 799 1758 826 devorare
1769 801 1783 827 .’

997 842 1048 875 Qui
1070 843 1126 869 ait:
1145 843 1206 869 Non
1228 849 1311 878 pater!
1337 844 1405 878 ﬁeri.
1424 845 1461 871 At
1476 844 1515 871 illi
1533 853 1539 870 :
1558 844 1614 871 Nec
1632 844 1719 878 nobis,
1741 846 1784 873 in<

997 889 1107 924 quium,
1121 889 1247 923 possibile
1259 894 1298 916 est
1308 891 1420 916 ulterius
1435 890 1466 916 ab
1480 889 1597 925 Eggplo
1615 892 1746 919 recedere.

1031 934 1110 961 Anno
1124 935 1228 970 imperii
1246 935 1363 963 lleraclii
1380 935 1415 962 26
1427 936 1513 962 aciem
1527 936 1626 963 direxit
1645 936 1782 965 llutnarus

996 986 1092 1008 contra
1105 981 1290 1014 Palaestinam,
1310 986 1337 1008 et
1351 981 1482 1009 obsidens
1498 986 1622 1009 sanetam
1643 983 1782 1010 civitatem

997 1027 1100 1054 biennii
1133 1031 1256 1062 tempore
1277 1029 1350 1062 cepit
1381 1035 1441 1055 eam
1474 1028 1568 1056 verbo.
1610 1028 1784 1063 Sophronias

998 1080 1124 1107 namque.
1142 1072 1408 1108 llierosolymitanus
1428 1081 1552 1102 summus
1567 1075 1706 1107 sacerdos,
1724 1083 1784 1103 ver-

997 1118 1061 1145 bum
1089 1120 1194 1152 accepit
1226 1119 1260 1146 ad
1289 1120 1373 1147 totius
1403 1119 1558 1147 Palmstina:
1593 1121 1782 1150 securitatem.

996 1164 1121 1199 Cumque
1150 1164 1285 1193 llumarus
1311 1166 1339 1193 in
1368 1170 1492 1193 sanetam
1517 1166 1616 1194 fuisset
1643 1167 1782 1195 civitatem

996 1210 1150 1246 ingressus.
1176 1211 1297 1239 cilicinis
1327 1219 1360 1238 ex
1385 1213 1497 1240 camelis
1519 1218 1545 1239 et
1560 1213 1681 1240 sordidis
1699 1214 1781 1241 indu-

998 1256 1099 1282 mentis
1133 1257 1270 1289 amictus,
1317 1257 1577 1294 simulationemque
1623 1258 1782 1287 Satanicam

996 1306 1148 1334 ostentans,
1180 1303 1312 1337 templum
1344 1303 1486 1337 requisivit
1513 1303 1680 1337 Judazorum,
1709 1306 1783 1340 quod

997 1351 1190 1374 constraverat
1215 1347 1354 1379 Salomon,
1383 1348 1416 1374 ad
1442 1348 1597 1376 iaciendum
1619 1350 1724 1376 scilicet
1757 1349 1784 1376 id

997 1392 1174 1427 blasphemiae
1194 1400 1251 1419 sua:
1271 1393 1549 1421 adoratorium.'lloc
1570 1394 1716 1422 advertens
1734 1394 1784 1422 So-

997 1437 1130 1473 phronius
1144 1438 1181 1463 ait
1195 1447 1202 1464 :
1221 1437 1254 1464 In
1269 1439 1378 1465 ueritate
1390 1439 1457 1465 illud
1473 1444 1513 1466 est
1529 1439 1693 1467 abominalio
1707 1440 1783 1467 desa—

999 1484 1118 1516 lationis,
1144 1492 1201 1518 qua:
1227 1484 1300 1510 dicta
1321 1489 1361 1511 est
1381 1492 1428 1517 per
1458 1484 1594 1512 Daitielem
1616 1488 1782 1520 prophetam.

161 1532 206 1565 qui
235 1531 346 1564 profecti
372 1530 406 1556 ab
434 1530 548 1557 llemesa
577 1535 732 1557 occurrunt
748 1530 895 1558 Arabibus.
914 1529 946 1557 Et
962 1539 982 1566 (ι
999 1535 1075 1557 stans
1090 1530 1116 1556 in
1128 1529 1188 1557 loco
1201 1536 1307 1560 sancto.
1320 1531 1469 1565 multisque
1484 1531 1613 1567 larrymis
1630 1532 1673 1560 hic.
1698 1533 1785 1567 pieta-

161 1577 282 1604 t'.onsilio
311 1577 383 1604 lucto
398 1577 484 1611 prima
499 1577 553 1607 die,
577 1585 638 1610 quas
655 1577 734 1604 tertia
761 1577 827 1604 feria
845 1577 943 1603 hebdo-

162 1622 250 1648 madis
270 1625 339 1652 erat.
357 1621 461 1648 tneusis
475 1620 520 1647 Loi
535 1621 578 1647 die
598 1621 726 1656 vigesima
745 1623 836 1654 tertia,
862 1630 944 1656 supe-

161 1672 259 1694 rantur
285 1667 310 1694 hi
331 1668 378 1701 qui
403 1668 476 1693 circa
497 1666 671 1693 sarellariuin
689 1672 754 1693 sunt
769 1667 880 1693 iuveuti.
901 1667 946 1693 Si-

162 1713 275 1739 multale
306 1719 396 1739 autem
428 1713 509 1743 iacta,
527 1712 553 1738 bi
578 1713 624 1746 qui
650 1720 712 1738 cum
736 1712 844 1739 Bahane
867 1717 947 1739 eram

162 1758 302 1785 Bahanum
337 1760 491 1792 provehunt
519 1758 711 1792 imperatorem
741 1763 767 1785 ct
792 1757 945 1784 Heracliam

163 1809 309 1838 respuunt.
325 1804 402 1831 Tunc
423 1804 449 1830 hi
464 1804 510 1838 qui
526 1811 588 1830 cum
604 1803 749 1831 sacellario
764 1803 873 1830 l'ucrant
890 1803 949 1830 dis-

161 1854 317 1882 cesserunt,
329 1855 354 1876 et
370 1850 498 1876 Saraceni
512 1849 586 1876 aditu
602 1855 711 1884 reperto
726 1849 825 1876 bellutn
839 1849 945 1876 ineunt.

163 1896 236 1922 Inter
261 1897 318 1923 ha-c
346 1901 425 1922 veuto
451 1901 516 1923 noto
537 1900 633 1923 contra
651 1896 789 1923 Ilomanos
812 1896 945 1930 spirante,

161 1950 216 1969 non
234 1944 356 1970 valentes
374 1943 493 1970 inimicis
521 1943 546 1969 iu
571 1943 640 1970 l'aeie
663 1949 808 1969 occurrere
837 1945 948 1976 Propter

163 1990 313 2023 pulverem.
328 1995 503 2023 separantur,
519 1993 545 2015 et
563 1993 650 2015 semet
670 1989 745 2022 ipsas
771 1989 948 2015 iimuittcntes

161 2035 189 2062 in
204 2040 279 2062 artas
298 2036 358 2061 vias
386 2034 588 2061 Hiermucbthti
617 2034 738 2060 llutuinis
761 2034 815 2060 illic
841 2034 948 2067 penitus

162 2082 313 2116 perierunt.
336 2081 420 2107 Erant
444 2085 533 2106 autem
551 2080 695 2115 utriusque
722 2081 846 2114 praetoris
862 2080 948 2106 millia

160 2127 351 2162 quadraginta.
369 2125 447 2152 Tunc
464 2126 593 2152 Saraceni
611 2126 752 2160 splendide
776 2126 943 2160 triumphau-

160 2179 202 2200 tes
217 2176 313 2198 contra
330 2171 491 2198 Damascum
513 2172 637 2204 veniunt,
652 2176 680 2198 et
705 2172 775 2198 hanc
791 2172 903 2206 capiunt
919 2176 946 2198 et

161 2219 288 2252 regiones
305 2217 454 2246 Ρίιωιιίρὶε.
481 2222 507 2244 et
523 2218 649 2244 habitant
665 2217 732 2249 illic.
759 2222 787 2243 et
807 2218 833 2243 in
862 2216 946 2252 Egy-

161 2271 237 2300 ptum
253 2265 340 2291 aciem
367 2264 499 2299 dirigunt.
529 2263 617 2300 Cyrus
634 2268 724 2291 autem
741 2264 947 2291 Alexandrinus

160 2312 317 2345 episcopus,
332 2319 394 2337 eum
410 2311 508 2337 horum
529 2312 659 2344 impetum
682 2311 867 2345 cognovisset,
883 2318 948 2345 ope-

162 2365 219 2383 ram
237 2357 322 2389 dedit,
350 2362 375 2383 et
401 2357 489 2390 pactis
518 2357 632 2383 lirmatis
665 2357 820 2390 pollicetur,
847 2356 947 2383 timens

162 2403 306 2430 avaritiam
334 2410 440 2430 eorum.
463 2402 583 2428 ducenta
599 2401 682 2426 millia
705 2401 878 2427 deiiariorum
901 2409 947 2434 per

161 2449 285 2483 singulos
312 2455 400 2474 annos
419 2447 582 2473 Collaturam
608 2446 662 2471 illis
682 2444 841 2479 rEgyptum.
858 2446 904 2471 sed
920 2449 948 2471 et

162 2494 340 2521 dillinitarum
352 2493 392 2520 eis
409 2493 581 2519 induciarum
596 2491 654 2517 fore
670 2498 767 2516 aurum
781 2490 946 2522 missurum;

161 2540 263 2576 quibus
275 2539 404 2574 priestitis
420 2546 468 2573 per
487 2542 543 2564 tres
559 2544 648 2563 annos
662 2535 809 2570 Aﬂgyptum
832 2536 946 2562 liberam

161 2587 197 2613 ab
206 2586 372 2612 exterminio
380 2585 489 2612 Statuit.
498 2583 653 2610 Accusatur
662 2582 767 2609 interea
778 2582 865 2617 Cyrus
875 2581 948 2616 apud

163 2632 371 2666 imperatorem,
387 2629 460 2664 quod
472 2637 571 2656 aurum
597 2627 709 2664 Egypti
736 2628 882 2655 Saracenis
900 2628 950 2654 tri-

161 2679 270 2708 buerit;
285 2678 331 2712 qui
348 2684 410 2704 cum
428 2676 514 2703 iratus
540 2675 671 2706 misisset,
696 2675 768 2701 hunc
785 2674 907 2701 accersiv
921 2678 948 2706 t,

163 2724 319 2760 “angelum
344 2728 434 2750 autem
459 2721 625 2757 quemdam,
652 2722 812 2748 Armenium
838 2728 947 2756 genere.

162 2770 283 2798 destinat
295 2769 483 2804 Augusta-lem.
496 2767 564 2794 Cum
576 2773 666 2794 autem
680 2774 771 2794 annus
783 2766 948 2801 adimpletus

161 2820 247 2846 esset,
272 2814 472 2842 Saracenorum
498 2816 607 2839 actores
629 2816 762 2840 venerunt
781 2819 879 2839 aurum
902 2819 948 2838 2C-

161 2863 265 2897 cipere.
289 2860 340 2888 Ast
366 2859 471 2887 Mamth
489 2859 643 2886 inefﬁcaces
668 2866 715 2886 eos
731 2859 840 2893 expellit
858 2866 865 2885 :
885 2858 945 2884 Non

304 2907 438 2937 Parem.
461 2906 519 2935 Gn.
536 2907 644 2937 (ΖΠΗ.

999 1575 1034 1601 tis
1049 1579 1235 1610 propugnator
1245 1575 1433 1604 Christianam
1450 1576 1566 1604 deﬂebat
1583 1578 1699 1613 plebem.
1716 1578 1783 1605 Dum

998 1627 1061 1647 vero
1079 1620 1134 1646 illic
1150 1619 1290 1649 Humarus
1311 1625 1395 1653 esset.
1418 1623 1524 1657 rogavit
1550 1631 1611 1650 eum
1636 1625 1785 1659 episeopus

998 1666 1123 1699 accipere
1143 1673 1157 1692 a
1173 1673 1203 1693 se
1222 1666 1366 1693 sindonem
1384 1674 1444 1693 cum
1469 1668 1628 1695 indumento
1650 1673 1677 1695 et
1697 1669 1783 1697 indui.

997 1710 1032 1737 At
1048 1711 1093 1737 ille
1104 1719 1158 1738 non
1172 1711 1328 1746 patiebatur
1340 1719 1370 1738 ea
1382 1717 1502 1747 portare.
1523 1713 1572 1740 Vis
1587 1722 1653 1747 ergo
1667 1721 1781 1748 persua-

998 1757 1034 1784 sit
1056 1757 1098 1783 bis
1124 1757 1230 1788 vestiri.
1251 1757 1338 1784 donec
1363 1764 1413 1784 sua
1441 1758 1609 1791 lavarentur,
1632 1763 1658 1785 et
1684 1760 1782 1785 iterum

999 1803 1087 1830 reddit
1104 1811 1135 1829 ea
1155 1802 1321 1837 Sophronia,
1339 1807 1366 1829 et
1387 1804 1503 1830 vestitus
1518 1808 1560 1830 est
1587 1804 1715 1838 propriis.
1735 1805 1786 1832 Ve—

998 1857 1058 1875 rttm
1072 1849 1142 1875 inter
1160 1849 1217 1875 Ιηεο
1232 1848 1406 1883 Sophronias
1427 1848 1505 1881 obiit.
1522 1848 1568 1883 qui
1583 1850 1666 1875 verbo
1679 1853 1706 1875 et
1721 1853 1784 1876 actu

999 1895 1276 1929 Hierosolymitanam
1302 1895 1446 1921 adornavit
1468 1895 1623 1926 ecclesiam,
1646 1899 1673 1922 et
1687 1901 1784 1923 contra

1000 1939 1116 1966 lleraclii
1137 1943 1161 1965 et
1188 1938 1325 1966 lautorum
1341 1939 1401 1972 ejus
1425 1939 1679 1971 monotltclitarum.
1696 1941 1782 1974 Set’gii

999 1985 1104 2011 scilicet
1117 1990 1143 2011 et
1161 1984 1271 2019 Pyrrhi,
1294 1985 1444 2011 decet-tavit
1469 1993 1601 2012 errorem.
1629 1985 1786 2021 Eodemque

999 2037 1071 2056 anno
1085 2030 1158 2057 misit
1172 2029 1274 2056 llumar
1288 2029 1405 2057 Hiadum
1433 2033 1459 2057 in
1476 2031 1595 2066 Syriam,
1618 2037 1645 2058 et
1676 2032 1785 2067 subegit

999 2080 1083 2103 totam
1100 2075 1205 2111 Syriam
1223 2076 1378 2103 Saracenis.

1033 2122 1112 2147 Anno
1131 2121 1238 2155 imperii
1256 2120 1372 2147 Heraclii
1386 2120 1420 2147 Ξῖ
1445 2121 1518 2147 venit
1543 2119 1665 2149 Joannes
1681 2129 1784 2157 cogno-

1002 2171 1093 2193 mento
1111 2167 1209 2194 Cateas
1235 2173 1398 2201 procurator
1423 2169 1553 2195 Usu-oena:
1573 2168 1606 2195 ad
1626 2168 1692 2195 [liad
1711 2170 1783 2203 apud

1005 2212 1172 2244 Chalcidem,
1196 2218 1223 2240 et
1238 2214 1445 2248 spoponderunt
1461 2215 1485 2240 ei
1510 2215 1576 2241 dare
1594 2222 1643 2248 per
1661 2214 1785 2248 singulos

1001 2267 1089 2286 annos
1114 2264 1224 2286 centum
1253 2259 1337 2286 millia
1359 2260 1568 2291 mimismatum,
1592 2267 1626 2287 ne
1654 2260 1785 2288 transiret

1001 2305 1178 2339 Euphratem.
1196 2313 1284 2339 neque
1298 2305 1330 2331 ad
1348 2312 1441 2338 pacem
1464 2312 1552 2339 neque
1573 2305 1606 2331 ad
1622 2306 1721 2332 bellum
1740 2313 1785 2332 ar—

1001 2357 1106 2382 tuatus,
1140 2358 1285 2384 quousque
1312 2351 1495 2384 quantitatem
1525 2351 1596 2377 auri.
1615 2352 1784 2385 persolvant.

1001 2398 1133 2424 Praeterea
1158 2397 1278 2424 Joannes
1307 2396 1454 2424 lledessam
1479 2397 1571 2428 rediit.
1606 2402 1634 2424 et.
1661 2406 1783 2425 annuum

999 2451 1113 2470 censum
1129 2443 1248 2470 delatum
1274 2444 1306 2471 ad
1329 2443 1444 2471 lliadum
1459 2444 1624 2471 transmisit.
1639 2444 1785 2472 lleraclins

999 2494 1089 2515 autent
1107 2489 1159 2516 hoc
1181 2489 1276 2517 audito
1309 2489 1459 2516 obnoxium
1485 2490 1620 2524 judicavit
1637 2489 1783 2521 Joannem.

1000 2534 1072 2569 quod
1087 2536 1191 2570 absque
1205 2535 1339 2570 imperiali
1366 2536 1417 2562 hoc
1438 2535 1533 2563 iecerit
1557 2536 1685 2568 notione;
1703 2544 1783 2570 quem

1001 2581 1166 2608 accersitum
1200 2582 1298 2608 exsilio
1320 2581 1526 2609 condemnavit.
1557 2581 1643 2608 Porro
1671 2589 1720 2615 pro
1751 2591 1785 2607 eo

1000 2628 1120 2656 destinat
1132 2627 1308 2656 Ptolomaeum
1320 2627 1466 2662 quemdam
1479 2629 1640 2662 magistrum
1657 2628 1785 2654 militum.

1037 2674 1115 2700 Anno
1131 2674 1239 2708 imperii
1258 2673 1375 2700 lleraclii
1393 2673 1428 2700 28
1445 2677 1577 2708 ceperunt
1597 2673 1701 2700 Arabes
1729 2674 1785 2699 Au-

1001 2720 1142 2750 tiochiam.
1162 2725 1189 2746 et
1206 2719 1307 2746 missus
1324 2722 1366 2746 est
1383 2717 1508 2744 Mauhias
1525 2718 1559 2745 ab
1573 2717 1694 2744 llumaro
1718 2725 1787 2752 pras-

1002 2770 1044 2792 tor
1063 2771 1088 2792 et
1109 2772 1218 2792 axueras
1231 2765 1316 2791 totius
1331 2763 1462 2798 regionis,
1492 2771 1552 2798 qum
1568 2764 1619 2791 sub
1640 2763 1786 2791 Saracenis

1001 2815 1072 2844 erat,
1087 2811 1122 2838 ab
1137 2809 1256 2846 .‘Egyplo
1270 2809 1396 2837 videlicet
1414 2817 1502 2844 usque
1514 2810 1546 2836 ad
1573 2809 1748 2843 Euphratem.

1035 2860 1113 2886 Anno
1130 2865 1192 2885 vero
1210 2857 1317 2894 imperii
1344 2856 1460 2884 lleraclii
1475 2856 1510 2883 ‘29
1532 2855 1709 2886 transmeavit
1736 2856 1787 2883 lai-

1509 2901 1546 2932 1ιὲ
