2052 3153
261 159 338 192 ’13Ξῖιό

845 187 851 191 .
862 158 1043 188 ANASTASI
1050 158 1062 187 Ι
1080 157 1114 187 Bl
1122 157 1393 188 BLIOTHECARII

1836 155 1906 187 132‘

268 217 322 243 dus
356 222 419 242 cum
438 213 514 241 omni
548 212 644 240 militia
656 219 708 240 sua
725 212 891 247 Euphratem
906 233 913 245 ,
942 218 969 240 et
989 213 1061 240 venit
1074 214 1098 244 Α
1111 212 1247 239 aediﬁcare
1266 213 1397 247 templum
1425 211 1452 238 in
1476 210 1628 238 Jerusalem
1644 219 1652 243 ;
1679 214 1707 238 et
1725 218 1779 238 non
1794 214 1898 242 stabat.

270 261 430 289 lledessam.
445 259 594 287 Hedesseni
613 262 705 286 autem
718 258 874 293 aperientes
889 263 1057 294 acceperunt

269 308 381 335 verbum
397 313 451 333 una
465 313 526 332 cum
546 305 658 340 regione
674 305 863 340 magistquue
877 305 996 332 militum
1024 312 1056 332 ac

269 353 416 384 Romanis.
430 352 478 387 qui
500 359 563 378 cum
579 351 639 386 ipso
656 355 744 378 erant.
764 351 797 377 At
811 350 849 377 illi
863 350 1055 378 Constantiam

269 399 369 426 abeunt
380 417 388 429 ,
405 398 660 432 depopulantesque
686 397 759 422 illam
776 397 915 432 accipiunt
934 397 1015 428 bello.
1029 400 1057 424 et

269 449 407 471 trecentos
422 443 562 471 Romanos
588 443 751 469 interimunt
770 452 776 469 :
797 447 824 469 et
857 443 932 469 illinc
967 444 1058 470 abiere

269 489 359 520 Dalas,
376 493 403 515 et
414 489 486 516 bello
499 488 570 515 hanc
586 487 836 522 comprehendunt,
850 493 877 514 et
896 488 922 515 in
937 487 982 515 illa
997 488 1058 523 plu-

266 536 352 562 rimos
378 535 521 570 perdunt,
548 533 693 569 tatiterque
724 537 808 560 totam
834 533 1056 570 Mesopotamiam

267 579 383 607 Jahidus
399 579 482 614 repit.

302 626 381 652 Anno
398 625 504 660 imperii
522 624 638 652 llcraclii
654 624 688 652 30
700 624 830 652 Saraceni
847 625 933 652 aciem
946 625 1055 653 direxe-

267 675 331 697 runt
347 672 373 697 lu
395 669 546 702 Persidem,
562 675 590 697 et
604 670 701 697 ineunt
719 678 780 697 cum
793 671 833 698 eis
865 671 977 703 bellum,
1007 678 1056 705 po-

267 721 411 751 tenterque
439 716 583 745 vincentes
603 723 699 743 omnes
724 716 777 743 sibi
803 716 901 744 Persas
929 716 1055 745 subditos

266 762 396 789 reddunt.
412 761 573 789 llormisdas
596 766 685 788 autem
696 782 703 795 ,
715 763 761 796 qui
777 761 871 788 Persis
888 762 1054 796 imperabat,

265 808 299 835 ad
314 808 461 836 interiores
476 807 575 835 Persas
606 807 671 842 fuga
698 808 791 842 lapsus
819 807 925 836 dimisit
941 809 1053 843 regalia.

265 854 299 880 At
318 861 382 880 vero
415 854 547 880 Saraceni
563 853 686 888 captivas
702 853 805 881 duxere
828 853 960 882 Chosrois
982 854 1054 882 ﬁlias

265 907 327 926 cum
343 899 418 926 ontni
431 900 507 934 regio
523 886 669 934 apparatu,
683 904 710 926 et
729 899 886 927 detulerunt
905 899 938 927 ad
953 899 1055 928 Huma-
1070 886 1092 913 Β

265 949 337 972 rum.
358 944 516 980 Eodemque
538 952 613 972 anno
649 944 735 980 jussit
769 944 873 973 llumar
893 946 1052 974 universum

264 990 385 1018 describi
401 991 508 1023 orbem,
530 990 578 1025 qui
594 991 646 1018 sub
663 991 723 1026 ipso
735 995 805 1018 erat.
829 990 912 1018 Facta
935 995 978 1018 est
1003 998 1054 1018 au-

262 1027 318 1062 tem
335 1036 486 1071 descriptio
502 1040 557 1062 tam
573 1037 716 1063 hominum
729 1043 811 1072 quam
825 1036 1013 1070 jumentorum
1026 1041 1053 1064 et

265 1081 387 1116 frugum.

300 1128 379 1154 Anno
395 1127 502 1162 imperii
518 1127 561 1154 sui
575 1127 606 1154 3|
628 1126 772 1154 lleraclius
798 1127 915 1155 moritur
934 1127 1054 1163 impera-

265 1178 309 1200 tor
324 1173 492 1208 hydropicus
509 1172 609 1206 factus,
624 1180 686 1200 cum
714 1173 878 1208 imperasset
899 1174 978 1202 annis
1005 1175 1054 1201 tri.

264 1220 351 1247 cenis.

299 1265 417 1299 Imperat
442 1268 533 1292 autem
557 1272 620 1299 post
656 1271 718 1292 eum
745 1264 943 1292 Constantinus
979 1265 1052 1294 titius

264 1310 324 1344 ejus
337 1311 479 1338 mensibus
495 1315 616 1345 quatuor
632 1330 640 1342 ,
672 1318 833 1345 venenoque
859 1312 1020 1346 propiuatus
1037 1319 1052 1339 a

266 1356 381 1383 Ilnrtiua
398 1363 514 1383 noverca
529 1364 578 1384 sua
593 1361 620 1382 et
633 1356 737 1390 Pyrrho
753 1357 908 1391 patriarcha
925 1358 1052 1390 moritur.

263 1406 290 1428 rt
307 1403 423 1436 imperat
447 1401 614 1429 lleraclonas
644 1401 768 1430 Martius:
789 1403 860 1431 tilius
875 1411 937 1430 cum
967 1408 1054 1432 matre

264 1448 393 1476 Martina.

299 1496 379 1523 Anno
395 1495 503 1531 imperii
527 1495 686 1524 llerac‘lome
707 1497 797 1532 primo
826 1499 899 1533 capit
929 1497 1053 1527 Mauhias

263 1541 418 1569 Cmsaream
435 1542 584 1570 Palaestina:
606 1550 668 1578 post
697 1545 871 1579 scptcunium
897 1545 1088 1587 obsidionisc

263 1586 335 1620 ejus,
352 1591 378 1612 et
391 1586 491 1613 occidit
509 1586 536 1614 in
568 1594 600 1613 ea
621 1591 726 1621 septem
753 1588 836 1614 millia
852 1586 1052 1616 Romanorum.

265 1630 366 1658 Eodem
383 1640 456 1658 anno
468 1636 581 1659 senatus
599 1633 700 1667 repulit
721 1632 900 1660 llcraclouam
915 1641 967 1660 una
989 1641 1052 1660 cum

266 1677 381 1704 Martiua
402 1681 488 1704 matre
502 1677 576 1704 illius
593 1685 624 1704 ac
654 1677 807 1709 Valentino.
826 1679 917 1713 lingua
933 1679 1055 1707 Martium

262 1727 289 1749 et
304 1730 371 1749 uaso
397 1722 556 1750 llcraclonai
580 1724 727 1757 abscissis;
759 1724 854 1759 eisque
881 1725 908 1752 in
924 1726 1051 1754 exsilium

262 1767 408 1794 destinatis
448 1768 481 1794 ad
524 1769 706 1803 principatum
743 1769 920 1797 Constantem
967 1771 1052 1797 lilium

265 1814 451 1846 Constantini,
481 1819 606 1848 nepotem
638 1813 772 1846 Ilcraclii,
806 1817 971 1850 provehunt.
1006 1817 1052 1851 qui

262 1859 407 1894 imperavit
433 1860 512 1888 annis
540 1860 672 1889 27.Saue
701 1860 805 1896 Pyrrho
831 1862 865 1889 ab
892 1862 1052 1896 episcopatu

262 1906 379 1939 deiecto,
399 1910 580 1934 consecratus
600 1911 642 1934 est
666 1906 769 1934 Paulus
796 1907 1051 1942 Constantinopoli-

263 1958 345 1981 tanus
362 1955 519 1989 episcopus.
548 1955 594 1989 qui
614 1955 757 1990 presbyter
773 1954 860 1983 fuerat
881 1962 905 1982 et
935 1963 1051 1983 tut-ono-

262 2007 323 2026 mus
350 1999 485 2031 ecclesiae,
511 2001 614 2035 qtique
648 2000 736 2027 tenuit
781 2001 968 2035 episcopatum
1002 2009 1051 2028 an-

263 2046 306 2073 uis
320 2045 364 2073 12.

299 2091 395 2118 Mundi
421 2099 492 2118 anno
521 2092 611 2124 6l55,
642 2092 741 2119 divinae
769 2092 970 2120 incarnationis
999 2100 1050 2120 an-

265 2144 302 2164 uo
315 2137 378 2169 653,
401 2145 474 2165 anno
500 2146 565 2165 vero
595 2138 702 2173 imperii
722 2139 764 2165 sui
783 2139 883 2173 primo.
899 2146 962 2165 cum
977 2139 1050 2166 vide-

268 2183 331 2210 licet
348 2190 461 2218 regnare
487 2184 625 2218 (cepisset,
642 2183 780 2211 Constans
797 2184 908 2211 dicebat
919 2185 953 2211 ad
982 2192 1048 2220 ειη-ι

1110 258 1157 286 sed
1173 258 1269 285 ruebat
1283 262 1433 285 structura.
1450 257 1608 285 Sciscitanti
1623 261 1714 284 autent
1730 258 1754 285 ei
1777 265 1904 288 causam.

1109 304 1202 331 dixere
1215 303 1302 331 Judaei
1328 304 1392 338 quia
1419 303 1472 331 nisi
1490 311 1568 335 crux,
1586 310 1647 338 qua:
1663 308 1706 330 est
1729 310 1813 338 supra
1830 308 1903 331 tem-

1106 350 1182 386 plum
1202 350 1304 377 moutis
1313 349 1461 383 Oliuarum,
1482 349 1605 381 tollatur,
1632 348 1705 376 haud
1726 349 1811 376 stabit
1828 354 1906 378 strue

1111 400 1199 422 ctura.
1219 395 1250 422 Et
1271 399 1382 429 propter
1404 394 1475 421 hanc
1503 401 1614 421 causam
1634 394 1744 422 sublata
1765 399 1809 422 est
1833 403 1904 424 crux

1111 441 1196 472 illinc,
1210 446 1237 468 ct
1255 442 1291 468 ita
1307 441 1433 468 constitit
1447 440 1502 468 illic
1516 439 1674 468 aedilicium.
1690 440 1809 477 Propter
1832 443 1903 470 hanc

1109 488 1192 514 etiam
1209 495 1323 514 causam
1354 487 1455 514 multas
1480 493 1578 514 cruces
1595 487 1783 522 deposuerunt
1809 488 1835 515 hi
1855 490 1902 523 qui

1109 533 1225 560 oderant
1241 533 1396 560 Christmn.

1143 580 1222 606 Anno
1259 579 1365 614 imperii
1408 578 1569 605 Constantis
1618 579 1700 606 tertio
1737 579 1901 607 seditionem

1109 625 1240 653 excitavit
1270 625 1481 652 Valentinianus
1503 624 1646 659 patricius,
1661 625 1824 660 mittensque
1847 625 1902 652 im-

1108 676 1218 705 perator
1242 671 1315 698 hunc
1335 670 1448 702 occidit,
1462 673 1489 696 et
1511 669 1642 704 populum
1664 670 1698 697 ad
1724 672 1766 697 sui
1793 671 1901 698 reduxit

1106 716 1335 744 benevolentiam.
1352 716 1508 751 Eodemque
1518 723 1592 743 anno
1613 715 1711 744 Petrus
1728 717 1902 745 Alexandriae

1107 763 1223 790 habetur
1246 763 1373 790 antistes.

1146 812 1227 839 Anno
1242 811 1349 847 imperii
1371 811 1530 839 Constantis
1544 816 1645 847 quarto
1665 811 1764 840 fraude
1790 814 1903 840 occisus

1106 862 1149 884 est
1172 856 1277 884 Humar
1307 856 1509 884 Saracenorum
1536 858 1592 885 dux
1622 865 1637 884 a
1669 857 1787 892 quodam
1816 858 1902 885 Persa

1107 903 1239 938 magarita
1257 911 1264 929 :
1289 903 1408 938 denique
1424 904 1564 930 inventum
1586 911 1647 930 cum
1659 903 1796 935 adoraret,
1811 911 1902 939 pupu-

1104 948 1144 983 git
1158 956 1220 975 cum
1232 948 1259 975 in
1275 952 1370 976 ventre
1384 949 1475 984 gladio
1489 948 1586 981 inﬁxo,
1603 954 1630 977 et
1644 949 1685 976 sic
1699 949 1790 977 vivere
1803 951 1900 982 desiit,

1103 1002 1166 1022 cmn
1185 995 1287 1022 amiras
1307 995 1406 1023 luisset
1422 995 1502 1022 annis
1519 995 1571 1029 ης
1587 1000 1614 1022 et
1625 1001 1685 1030 post
1697 1003 1760 1023 eum
1769 997 1902 1023 statuitur

1104 1039 1241 1068 Hnthman
1256 1041 1338 1074 hujus
1358 1046 1504 1075 cognatus,
1525 1041 1598 1069 illius
1614 1040 1740 1076 Tuphan.

1140 1087 1220 1113 Anno
1237 1086 1343 1121 imperii
1358 1080 1521 1114 Constantis
1548 1086 1646 1121 quinto
1671 1085 1811 1113 liuthman
1827 1088 1900 1114 Ara-

1103 1131 1168 1158 bum
1192 1132 1320 1166 princeps
1347 1132 1473 1166 habetur,
1500 1137 1527 1159 et
1560 1132 1728 1160 simultatem
1745 1133 1897 1160 concinnat

1102 1176 1251 1212 Gregorius
1266 1177 1401 1212 patricius
1419 1178 1517 1205 Africa:
1535 1185 1589 1205 una
1604 1186 1666 1205 cum
1682 1178 1768 1206 Afris.

1139 1223 1218 1250 Auno
1233 1223 1338 1258 imperii
1355 1223 1518 1250 Constantis
1538 1227 1616 1250 sexto
1631 1223 1720 1251 factus
1734 1224 1811 1251 estin
1822 1229 1897 1252 terra

1104 1272 1206 1295 ventus
1222 1267 1380 1299 vehemens,
1407 1267 1455 1303 qui
1473 1267 1559 1294 multa
1583 1267 1705 1302 germina
1721 1267 1821 1294 evulsit
1850 1274 1898 1294 ar-

1105 1314 1241 1349 boresque
1260 1314 1383 1350 ingentes
1397 1314 1529 1342 radicitus
1542 1314 1806 1348 exstirpavit,atque
1821 1314 1895 1340 mul-

1105 1365 1148 1387 tos
1164 1360 1384 1387 columnatorum
1398 1359 1526 1395 deposuit
1544 1360 1750 1387 monachorum.

1144 1405 1244 1432 Eodem
1262 1413 1327 1433 vero
1352 1412 1425 1432 anno
1446 1405 1579 1433 Saraceni
1605 1405 1743 1432 hostiliter
1772 1405 1895 1432 Airicam

1105 1450 1240 1481 adierunt,
1254 1454 1283 1477 et
1304 1449 1431 1477 conﬂictu
1455 1450 1557 1485 agitato
1584 1450 1717 1477 adversus
1746 1455 1894 1486 tyrannum

1101 1494 1262 1530 Gregorium
1277 1496 1349 1522 hunc
1366 1496 1392 1522 in
1408 1495 1499 1530 fugam
1514 1500 1635 1527 vertunt,
1654 1500 1681 1522 et
1697 1503 1746 1522 eos
1760 1496 1807 1529 qui
1830 1503 1894 1522 cum

1105 1542 1164 1577 ipso
1180 1547 1258 1569 erant
1281 1543 1452 1574 interimunt,
1478 1547 1506 1569 et
1521 1542 1593 1570 hunc
1609 1545 1642 1570 ab
1655 1542 1748 1569 Africa
1778 1543 1894 1576 pellunt,

1107 1590 1187 1620 atque
1203 1585 1313 1613 tributis
1325 1580 1388 1613 cum
1402 1585 1475 1613 Afris
1492 1585 1627 1613 ordinatis
1641 1592 1667 1613 et
1682 1586 1770 1621 pactis
1793 1588 1895 1613 reiersi

1106 1637 1179 1659 sunt.

1140 1677 1220 1704 Auno
1235 1677 1342 1712 imperii
1356 1678 1517 1704 Constantis
1533 1678 1648 1712 septimo
1666 1677 1817 1704 exercitum
1833 1685 1895 1704 mo-

1106 1724 1144 1750 \'it
1158 1723 1281 1751 Mauhias
1302 1731 1351 1758 per
1368 1731 1444 1752 mare
1460 1723 1594 1751 adversus
1618 1725 1748 1758 Cyprum.
1770 1723 1898 1751 Habebat

1104 1774 1195 1797 autem
1204 1770 1320 1804 scaphas
1335 1769 1407 1797 mille
1425 1770 1621 1805 septingentas,
1635 1775 1662 1797 et
1673 1770 1745 1804 cepit
1756 1769 1898 1797 Constan-

1105 1816 1169 1842 tiam
1180 1823 1240 1842 cum
1255 1816 1344 1842 insula
1355 1819 1422 1843 tota.
1431 1816 1499 1842 Cum
1508 1824 1572 1843 vero
1583 1818 1652 1843 hanc
1664 1816 1794 1851 cepisset.
1803 1821 1898 1843 exter-

1104 1860 1217 1888 tninavit
1230 1868 1301 1888 eam.
1321 1860 1406 1888 Porro
1425 1860 1540 1888 audiens
1565 1861 1728 1889 Cacoriznm
1751 1861 1895 1888 cubicula-

1103 1906 1173 1933 rium
1185 1911 1279 1933 cOntra
1297 1915 1326 1934 se
1339 1913 1401 1934 cum
1429 1907 1547 1941 plurima
1580 1907 1682 1934 virtute
1708 1906 1833 1934 Romana
1854 1915 1897 1934 ve.

1103 1952 1233 1984 nientem,
1250 1952 1388 1987 navigavit
1413 1953 1546 1979 adversus
1565 1952 1698 1982 Aradum.
1711 1953 1895 1986 etapplicans

1102 2005 1164 2025 cum
1184 1999 1292 2034 navigio
1311 2006 1362 2025 suo
1376 1999 1446 2033 apud
1467 1998 1645 2033 municipium
1667 1999 1894 2026 insulascastmtu

1101 2045 1251 2072 conabatur
1281 2053 1389 2080 capere,
1416 2046 1502 2073 variis
1531 2045 1762 2073 machinamentis
1780 2046 1894 2073 abusus.

1100 2091 1169 2118 Cum
1195 2097 1285 2119 autem
1309 2092 1376 2121 nihil
1393 2100 1474 2127 agere
1502 2092 1660 2124 valuisset,
1684 2093 1768 2119 mittit
1797 2093 1832 2120 ad
1848 2100 1895 2120 eos

1100 2137 1257 2172 episcopum
1273 2137 1418 2172 quemdam
1435 2137 1629 2165 Thomaricum
1645 2139 1774 2169 nomine.
1801 2138 1894 2165 deter-

1101 2190 1164 2210 rcns
1172 2191 1229 2216 eos,
1241 2191 1296 2218 quo
1307 2183 1477 2211 dimitterent
1485 2183 1622 2211 civitatem
1629 2189 1656 2210 et
1668 2183 1719 2210 sub
1726 2183 1830 2211 findere
1843 2191 1895 2210 suo

268 2229 361 2256 ciitum
379 2237 386 2256 :
401 2228 493 2256 Patris
511 2230 562 2256 mei
579 2229 760 2262 Constantini,
773 2229 818 2264 qui
829 2237 869 2256 me
884 2230 975 2264 genuit
992 2230 1051 2265 qui—
1065 2235 1088 2264 ο
1102 2233 1205 2261 essent,
1229 2228 1392 2263 exirentque
1418 2228 1452 2256 ab
1475 2228 1576 2256 insula.
1589 2227 1656 2255 Cum
1679 2228 1770 2263 itaque
1795 2228 1829 2254 ad
1845 2236 1894 2255 eos

268 2281 318 2307 que
333 2274 362 2300 in
376 2274 429 2300 vita
450 2275 551 2310 proprii
566 2275 704 2310 genitoris,
720 2274 763 2302 avi
781 2274 901 2301 videlicet
919 2275 970 2301 mei
1000 2274 1055 2302 He-

262 2319 351 2350 raclii,
379 2319 517 2354 sufﬁcienti
541 2327 601 2346 cum
625 2327 655 2347 eo
685 2324 802 2355 tempore
820 2320 972 2353 imperavit,
995 2324 1054 2354 post

265 2365 334 2392 lmnc
353 2374 412 2392 uno
437 2367 518 2393 etiam
554 2367 631 2394 nimis
661 2366 746 2398 breui,
767 2366 954 2393 suauissimam
979 2374 1051 2400 apem

267 2410 394 2438 Martium
413 2420 528 2439 novercae
545 2412 626 2446 ipsius
641 2412 742 2439 invidia
763 2411 902 2439 concidens
923 2412 978 2439 vita
997 2413 1054 2445 pri-

268 2458 346 2489 rarit,
363 2462 388 2484 et
408 2458 456 2485 hoc
469 2464 574 2492 propter
591 2457 768 2485 [lerat-lanam
780 2458 824 2492 qui
836 2466 868 2485 ea:
882 2466 913 2485 ea
927 2462 952 2485 et
965 2457 1054 2485 Hera-

258 2502 309 2530 clio
339 2503 439 2537 nefarie
465 2504 552 2538 [actus
572 2509 642 2536 erat,
660 2512 740 2538 quant
766 2506 879 2531 maxime
907 2512 967 2530 cum
990 2508 1053 2531 nato

258 2554 372 2575 vestrum
386 2557 445 2575 cum
463 2549 516 2577 Deo
524 2549 656 2576 decretura
665 2550 726 2584 jure
752 2549 784 2575 ab
810 2550 920 2582 imperio
934 2550 1050 2583 repulit,

260 2602 294 2621 ne
326 2595 424 2621 sideret
462 2599 517 2623 tam
544 2603 655 2630 mquam
683 2595 863 2622 Romanorum
900 2596 1049 2630 imperium,

257 2639 333 2668 valda
342 2640 453 2673 prouida
473 2648 533 2668 cum
550 2645 616 2668 esset
641 2640 806 2675 ampliaaima
830 2645 916 2668 nstra
932 2647 955 2668 et
975 2642 1051 2669 Itone-

265 2690 309 2712 sta
335 2686 544 2721 ntagniﬁceutia.
568 2686 682 2721 Propter
695 2686 764 2721 quod
790 2694 852 2721 rogo
885 2695 928 2714 tm
955 2688 1050 2715 habere

262 2731 433 2758 comitiarios
447 2737 471 2758 et
487 2732 586 2765 peritos
599 2739 631 2758 ea:
649 2732 780 2759 communi
790 2731 956 2760 subditorum
973 2733 1049 2761 obse-

257 2775 371 2809 quio.Et
386 2777 428 2804 his
444 2776 527 2804 dictis
553 2777 656 2805 dimisit
681 2781 816 2810 senatum,
831 2777 912 2806 donis
932 2778 1046 2813 dapsili—

257 2819 308 2847 bus
329 2820 402 2849 hunc
419 2822 571 2850 honorans.

296 2865 375 2894 Anno
392 2867 498 2901 imperii
515 2867 675 2897 Constantis
695 2868 817 2897 secundo
833 2870 916 2899 cwoit
941 2869 1044 2898 llumar

1106 2275 1254 2310 cpiscopus
1271 2275 1413 2311 ingressus
1429 2275 1696 2307 fuisset,tenuerunt
1713 2281 1788 2302 cum.
1806 2275 1895 2301 Porro

1105 2321 1222 2349 Maubiae
1240 2321 1340 2349 cedere
1355 2321 1512 2349 noluerunt.
1529 2320 1613 2356 Igitur
1638 2320 1792 2353 obsidione,
1809 2328 1893 2355 quam

1105 2368 1239 2395 adversus
1264 2367 1385 2395 Aradum
1407 2372 1609 2403 construxerat,
1633 2367 1737 2394 nullius
1762 2367 1894 2394 momenti

1103 2415 1210 2448 ell'ecta,
1224 2415 1385 2443 Damascum
1399 2423 1530 2444 reversus
1542 2419 1602 2443 est:
1617 2423 1680 2443 nam
1698 2417 1786 2443 hiems
1799 2423 1895 2443 acces-

1103 2465 1187 2488 serat.

1140 2508 1220 2533 Auno
1236 2507 1342 2542 imperii
1355 2507 1517 2535 Constantis
1537 2507 1554 2535 8
1567 2507 1652 2534 movit
1672 2506 1798 2534 Mauhias
1811 2515 1893 2535 exer-

1103 2552 1187 2579 citum
1200 2553 1325 2580 valenter
1347 2553 1480 2581 adversus
1507 2553 1627 2580 Aradum
1655 2553 1841 2588 preliaturus.
1865 2559 1894 2581 et

1102 2599 1174 2625 hanc
1193 2598 1313 2626 obtinuit
1328 2599 1412 2626 verbo
1425 2599 1459 2626 ad
1483 2599 1694 2626 inhabitantium
1723 2598 1801 2626 cives
1829 2599 1894 2626 ubi-

1101 2651 1210 2679 cunque
1236 2644 1399 2672 voluissent.
1415 2644 1559 2672 Civitatem
1575 2651 1640 2672 vero
1658 2644 1747 2671 muris
1771 2644 1895 2672 dissolu-

1100 2690 1136 2718 tis
1148 2690 1281 2723 incendit,
1293 2696 1317 2719 et
1332 2691 1450 2718 insulam
1463 2699 1552 2726 usque
1571 2691 1599 2718 in
1610 2698 1732 2726 przscns
1757 2691 1896 2718 inhabita-

1099 2734 1181 2762 bilem
1207 2736 1315 2763 statuit.
1341 2736 1442 2763 Eodem
1462 2743 1535 2763 anno
1557 2735 1626 2762 facta
1642 2739 1684 2763 est
1701 2734 1795 2762 Romae
1812 2744 1895 2771 syno-

1097 2780 1150 2808 dus
1162 2788 1177 2807 a
1195 2780 1314 2807 Martino
1331 2788 1401 2815 papa
1417 2785 1514 2808 contra
1531 2781 1742 2808 monothelitas.

1130 2824 1210 2852 Anno
1225 2825 1334 2861 imperii
1346 2825 1508 2854 Constantis
1523 2826 1541 2854 9
1557 2825 1647 2854 Busur
1661 2826 1790 2861 princeps
1814 2833 1893 2853 cxcrc

1095 2869 1166 2898 citus
1189 2878 1242 2898 una
1265 2879 1327 2899 curn
1355 2871 1494 2901 Arabibus
1519 2872 1595 2900 acies
1616 2871 1718 2899 direxit
1757 2871 1892 2898 adversus
