2052 3153
191 166 259 198 1325

597 168 780 199 HISTORIA
798 169 1085 200 ECCLESIASTICA
1101 170 1150 199 EX
1166 169 1406 200 THEOPHANE.

1747 170 1816 203 1326

188 224 333 256 Isauriam,
347 227 373 250 et
389 223 489 251 occisis
514 224 607 251 multis
629 231 691 251 cmn
720 225 841 260 quinque
858 225 980 260 millibus
996 229 1017 256 Α
1035 229 1173 260 arreptum
1190 225 1257 252 etin
1269 224 1352 252 aiiam
1366 224 1457 252 navim
1474 225 1662 252 transductum
1679 226 1818 260 inopinate

188 270 357 305 captivorum
375 277 503 297 reversus
522 273 576 297 est.
602 269 685 297 Mittit
714 276 805 298 autem
831 272 979 305 imperator

139 346 142 349 ,
188 316 325 344 Constans
340 315 502 351 Procopium
523 317 668 351 quemdam
690 317 723 343 ad
740 316 874 343 Mauhiam
887 336 894 347 .
906 325 980 351 qua:-

189 370 252 389 rens
266 369 359 396 pacem
383 362 471 396 ;quod
497 366 524 389 et
548 361 652 389 factum
682 367 725 390 est
754 364 834 390 annis
858 363 978 398 duobus,

188 407 350 443 Gregorium
377 407 461 434 lilium
485 406 622 435 Theodori
653 413 779 436 sumente
796 409 904 437 Mauhia
919 410 980 438 loco

189 453 309 488 pignoris
321 453 347 480 in
365 453 539 481 Damascum.

225 499 304 525 Anno
325 497 433 532 imperii
448 498 609 527 Constantis
627 499 660 526 i0
676 499 846 527 simultatem
877 501 980 527 excita-

191 544 228 570 rit
255 543 415 579 imperatori
443 543 629 580 Pasagnathes
672 545 864 573 Armeniorum
896 546 980 580 patri.

190 590 261 622 eius,
276 594 303 617 et
330 589 434 617 foedera
458 590 562 625 pepigit
580 598 644 618 cum
675 590 797 623 Mauhia,
814 591 885 619 dans
909 591 934 619 ei
953 596 981 619 et

191 635 275 663 tilium
291 643 383 662 suum.
405 634 467 668 Quo
495 636 589 663 audito
616 637 767 672 imperator
796 637 871 664 venit
891 644 980 672 usque

189 681 344 709 Caesaream
370 681 551 716 Cappadociae
562 702 570 715 ,
586 686 613 710 et
626 681 788 718 desperatus
799 683 835 710 ab
850 682 979 710 Armenia

191 726 285 755 rediit.

226 771 318 799 Mundi
333 779 406 800 anno
433 771 520 806 θυι,
546 772 648 800 divina:
673 773 876 801 incarnationis
905 780 979 800 anno

189 816 254 849 6M,
271 824 343 845 anno
357 825 423 845 vero
438 817 545 853 imperii
566 818 724 850 Constantis
743 819 785 851 ll,
805 819 876 847 cinis
889 827 904 846 e
920 826 978 847 co:-

196 864 222 891 Io
241 863 393 896 descendit,
408 869 435 892 et
452 865 536 892 timor
555 873 671 901 magnus
688 873 771 900 super
785 866 910 893 homines
933 873 978 893 ce-

192 909 269 937 cidit.
289 909 374 937 Paulo
385 917 495 946 quoque
524 911 645 938 abeunte
671 910 792 947 Pyrrhus
821 912 978 939 restituitur
997 905 1017 932 Β

193 955 333 984 mensibus
346 961 465 991 quatuor
484 961 512 984 et
524 957 622 984 diebus
639 957 683 984 ‘25.

227 1001 306 1028 Anno
338 1002 445 1036 imperii
473 1002 632 1030 Constantis
660 1003 694 1029 η
719 1002 843 1031 Mauhias
854 1003 980 1030 Rhodum

191 1047 289 1075 adiens
303 1048 439 1075 destruxit
459 1049 599 1077 colossum
615 1049 687 1083 ejus,
703 1053 765 1083 post
789 1049 859 1075 i360
880 1049 982 1076 stabili-

194 1092 259 1119 tatis
275 1091 362 1127 ipsius
387 1099 494 1126 annos;
516 1100 598 1127 quem
631 1100 695 1119 cum
726 1091 835 1120 Judaeus
871 1093 981 1127 quidam

195 1137 339 1166 Emesinus
360 1139 516 1173 negotiator
529 1138 718 1171 emisset,90l)
729 1140 849 1166 camelos
864 1147 897 1166 ex
922 1139 982 1173 ejus

190 1191 247 1211 tere
259 1183 396 1210 oneravit.

229 1227 333 1255 Eodem
357 1235 430 1255 anno
458 1227 564 1255 Abidus
580 1228 701 1255 Arabum
726 1233 829 1263 praetor
849 1228 982 1256 adversus

194 1275 352 1303 Armeniam
369 1274 520 1302 exercitum
532 1275 627 1307 movit,
652 1275 698 1310 qui
723 1280 891 1302 consecutus
909 1274 984 1301 Mau-

197 1322 303 1349 rianuin
316 1325 456 1356 prmtorem
469 1321 608 1348 insecutus
622 1325 665 1348 est
680 1328 742 1348 eum
759 1328 847 1355 usque
861 1321 894 1347 ad
912 1320 983 1347 Cau-

195 1374 291 1395 caseos
308 1372 428 1398 montes,
442 1371 469 1392 et
486 1365 624 1401 regionem
639 1366 813 1400 depraedatus
825 1373 876 1392 εει.

231 1413 311 1440 Anno
339 1411 447 1446 imperii
462 1411 622 1439 Constantis
653 1412 684 1438 l3
708 1411 836 1446 przccepit
857 1411 984 1439 Mauhias

195 1462 365 1485 armaturam
382 1457 439 1485 tieri
461 1457 570 1484 navium
589 1465 726 1492 magnam,
745 1466 800 1492 quo
822 1458 984 1485 ascenderet

201 1507 296 1534 urbem
315 1506 415 1542 regiam
431 1505 532 1533 classis
556 1504 775 1542 eorum~0mnis
791 1510 882 1533 autem
896 1512 983 1540 appa-

195 1557 274 1580 ratus
287 1551 360 1588 apud
376 1551 510 1586 Tripolim
522 1551 670 1578 thnicim
684 1551 864 1578 consistebat.
881 1550 982 1578 Verum

199 1599 250 1626 hoc
268 1598 327 1625 vise
339 1598 394 1625 duo
406 1597 507 1624 fratres
526 1597 637 1631 quidem
653 1595 756 1624 Christi
773 1597 866 1629 amici,
879 1596 984 1631 Tripoli

198 1647 351 1675 manentes,
370 1642 417 1669 lilii
445 1640 634 1668 buccinatoris
657 1641 801 1675 cujusdam
816 1661 824 1673 ,
856 1642 916 1668 zelo
940 1641 988 1668 Dei

196 1690 314 1718 auuciali
328 1691 360 1717 ad
374 1696 514 1717 carcerem
529 1689 649 1716 civitatis
657 1695 720 1715 cum
733 1689 836 1723 impetu
847 1688 986 1715 abierunt.

199 1735 321 1764 Habebat
336 1740 427 1762 autem
445 1735 647 1762 multitudinem
662 1732 847 1760 Romanorum
861 1734 988 1761 vincula-

197 1786 301 1814 torum,
315 1787 342 1809 et
354 1781 471 1816 diruptis
484 1781 572 1816 portis
591 1781 746 1814 vinetisque
762 1779 861 1807 solutis
876 1780 903 1806 in
920 1780 989 1806 alui-

200 1837 259 1857 ram
287 1829 438 1856 irruerunt.
453 1827 513 1860 Quo
537 1830 678 1862 perempto
706 1833 760 1853 una
791 1833 852 1853 eum
880 1825 923 1853 his
941 1825 988 1859 qui

200 1883 265 1902 cum
283 1882 316 1902 eo
331 1879 421 1906 erant,
437 1878 683 1909 praeparatumque
707 1873 782 1900 omni
799 1872 856 1907 igni
875 1871 989 1898 matula-

199 1924 237 1951 ta,
259 1920 286 1946 in
308 1919 470 1946 Romaniam
495 1918 604 1953 navigio
630 1918 812 1945 transierunt.
841 1917 988 1944 Verumta-

201 1974 262 1994 men
277 1974 327 1994 nec
341 1966 382 1993 sic
401 1966 439 1992 illi
455 1966 489 1993 ab
500 1965 593 1993 eadem
605 1966 791 2000 praeparatum
804 1963 988 1991 construenda

201 2017 391 2039 cessaverunt.
411 2010 464 2038 Sed
488 2011 613 2038 Hanhias
628 2011 739 2045 quidem
767 2010 866 2037 militat
891 2013 987 2037 contra

200 2058 352 2085 Caesaream
375 2056 564 2090 Cappadociae,
597 2056 750 2083 Abulathar
780 2063 844 2082 vero
878 2055 987 2082 fabrum

200 2102 305 2129 navalis
326 2105 475 2128 structurae
489 2102 644 2133 constituit,
658 2102 706 2136 qui
720 2103 833 2129 veniens
852 2102 878 2128 in
896 2102 987 2129 locum

200 2147 333 2174 vocabulo
347 2147 483 2174 Fwnicem
500 2146 600 2182 Lyciae,
615 2147 659 2174 ubi
673 2153 732 2175 crat
750 2147 889 2175 Constans
901 2150 988 2182 impeu

200 2198 276 2221 rator
292 2199 373 2228 atque
402 2193 548 2220 Romaicns
574 2194 673 2224 stolus,
705 2194 838 2220 navaliter
861 2201 924 2220 cum
955 2201 987 2220 co

1031 271 1158 298 salravit.
1179 269 1267 297 Porro
1292 270 1351 304 ipse
1369 268 1538 296 fortissimus
1556 269 1672 297 viriliter
1685 270 1818 299 insistens

1031 316 1215 351 imperatoria:
1226 316 1288 343 navi
1301 315 1519 347 multosocci'dit,
1532 321 1618 343 semet
1629 317 1710 344 morti
1728 318 1818 352 ipsum

1031 369 1080 397 pro
1098 363 1263 397 imperatore
1276 360 1452 388 contradens.
1475 361 1554 388 Hune
1572 365 1704 396 praeterea
1721 362 1816 391 hostes

1031 407 1236 434 circumdantes
1262 413 1289 434 et
1320 407 1347 433 in
1374 406 1463 434 medio
1498 406 1648 434 retinentes
1684 409 1818 442 putabant

1032 454 1121 488 ipsum
1135 461 1196 480 esse
1212 453 1413 488 imperatorem.
1432 452 1582 487 Postquam
1597 457 1688 480 autem
1718 454 1819 482 mtiltos

1032 498 1230 526 interfecerunt
1246 498 1349 530 hostes,
1363 498 1525 526 occiderunt
1540 502 1568 525 et
1585 500 1673 534 ipsum
1688 507 1743 527 una
1755 509 1818 528 cum

1030 552 1064 572 eo
1077 545 1124 579 qui
1140 544 1266 579 portabat
1280 549 1383 572 vestem
1401 544 1620 579 imperatoriam.
1634 545 1684 573 Ast
1701 546 1819 581 impera-

1030 595 1075 618 tor
1087 591 1178 618 taliter
1201 591 1228 618 in
1253 590 1344 626 fugam
1361 598 1458 618 versus
1486 591 1620 624 salvatur,
1636 597 1664 619 et
1678 593 1821 621 derelictis

1030 636 1158 664 ontnibus
1171 636 1590 672 navigavitConstantinopolim.

1066 685 1147 710 Anno
1168 683 1274 718 imperii
1300 683 1461 711 Constantis
1485 684 1517 710 lt
1547 683 1611 711 dolo
1632 689 1747 712 necatus
1777 690 1821 714 est

1031 729 1171 757 ﬂuthman
1196 729 1316 756 Arabum
1334 730 1398 762 dux,
1427 737 1488 756 cum
1511 730 1615 758 amiras
1639 731 1731 758 decem
1750 730 1821 759 fuis-

1031 781 1071 803 set
1080 775 1170 802 annis.
1181 774 1224 802 Fit
1239 775 1340 802 interea
1360 775 1511 810 perduellio
1530 776 1557 802 in
1572 776 1662 803 medio
1677 778 1798 811 ipsorum
1811 786 1819 804 :

1031 825 1153 856 quoqnot
1168 821 1241 848 enim
1263 828 1346 855 penes
1371 828 1495 848 eremutn
1519 825 1609 852 erant,
1633 821 1675 848 Ali
1694 822 1821 850 volebant

1031 867 1238 898 consobrinum,
1254 873 1383 901 generum
1395 867 1571 895 exsistentem
1587 867 1725 902 quondam
1747 868 1822 895 Μάιο-

1033 914 1117 941 metit.
1135 913 1167 941 Ili
1193 920 1257 940 vero
1282 913 1329 948 qui
1344 913 1371 939 in
1390 911 1469 948 Syria
1491 917 1519 939 et
1534 912 1663 948 Egypt»,
1684 913 1820 940 Mauhiam

1032 959 1190 994 cupiebant,
1205 959 1251 994 qui
1269 963 1296 986 et
1313 958 1378 986 vicit
1393 961 1420 985 et
1434 958 1555 986 obtinuit
1572 959 1653 985 annis
1666 959 1712 986 ει.

1067 1006 1147 1033 Anno
1163 1006 1271 1040 imperii
1299 1005 1460 1032 Constantis
1488 1005 1522 1032 15
1548 1005 1669 1032 Arabum
1693 1006 1822 1040 princeps

1035 1050 1158 1077 Mauhias
1173 1050 1301 1082 habetuc,
1314 1050 1359 1084 qui
1374 1055 1401 1077 et
1419 1050 1574 1077 exercitum
1588 1051 1673 1077 movit
1685 1050 1822 1078 adversus

1035 1095 1136 1127 Halim,
1163 1101 1191 1123 et
1209 1101 1412 1136 congregantur
1436 1095 1517 1122 ambo
1543 1097 1614 1123 inter
1636 1096 1822 1124 Barbalissum

1032 1142 1111 1177 juxta
1128 1141 1308 1177 Euphratem.
1327 1142 1357 1168 "l
1372 1148 1436 1169 vero
1452 1142 1498 1176 qui
1511 1146 1591 1169 erant
1611 1141 1738 1173 Mauhitc,
1758 1150 1821 1170 cum

1033 1193 1126 1215 essent
1138 1187 1402 1222 validiores,aquam
1414 1188 1604 1217 obtinuerunt.
1620 1187 1698 1215 Unde
1711 1189 1738 1216 in
1747 1189 1822 1216 sitim

1036 1234 1182 1261 Venientes
1197 1233 1223 1260 hi
1251 1235 1297 1269 qui
1313 1238 1395 1260 erant
1421 1233 1521 1266 lialim,
1549 1234 1718 1262 delecerunt.
1738 1235 1823 1262 Porro

1034 1278 1158 1306 Mauhias
1167 1278 1267 1306 bellare
1273 1279 1370 1311 noluit,
1379 1279 1425 1306 sed
1435 1279 1592 1306 sinelabore
1600 1280 1742 1307 victoriam
1750 1281 1823 1307 tulit.

1068 1323 1148 1351 Anno
1163 1323 1268 1356 imperii
1281 1322 1443 1351 Constantis
1457 1323 1488 1350 16
1500 1324 1653 1351 exercitum
1676 1325 1760 1352 movit
1772 1325 1824 1351 im-

1034 1371 1144 1403 perator
1156 1371 1251 1394 contra
1268 1365 1448 1399 Sclariniani,
1464 1372 1491 1394 et
1511 1368 1635 1402 captivos
1650 1369 1727 1395 duxit
1739 1369 1824 1403 pluri—

1035 1419 1095 1440 mos
1109 1415 1137 1438 et
1151 1412 1269 1447 subegit.
1287 1411 1388 1439 Eodem
1401 1420 1474 1440 anno
1490 1417 1516 1440 et
1532 1413 1577 1439 illa
1591 1419 1668 1448 gesta
1689 1419 1753 1441 sunt
1764 1422 1825 1448 qute

1033 1463 1130 1486 contra
1142 1458 1169 1485 S.
1186 1457 1334 1485 Maximum
1350 1462 1377 1486 et
1391 1457 1544 1493 discipulos
1559 1459 1646 1493 ipsius
1670 1463 1735 1486 sunt
1751 1464 1824 1491 acta,

1035 1505 1075 1532 eis
1095 1512 1145 1540 pro
1164 1506 1279 1532 veritate
1307 1510 1402 1532 contra
1423 1506 1622 1533 monothelitas
1653 1507 1827 1541 agonizunti-

997 1571 1019 1600 ο
1037 1551 1106 1583 bus;
1133 1559 1203 1587 quos
1225 1551 1361 1579 Constans
1376 1552 1409 1578 ad
1436 1559 1547 1587 pravam
1566 1552 1723 1587 opinionem
1748 1560 1826 1580 suam

1040 1596 1190 1624 transferre
1203 1605 1258 1625 non
1275 1598 1382 1630 valens,
1399 1598 1534 1625 divinitus
1549 1599 1700 1633 sapientem
1716 1604 1744 1626 et
1754 1599 1828 1634 peri-

1039 1643 1174 1671 tissimam
1196 1644 1316 1679 linguam
1332 1652 1394 1671 cum
1410 1645 1521 1672 dextera
1540 1652 1621 1671 manu
1649 1645 1709 1680 ejus
1734 1645 1828 1672 absci-

1040 1689 1089 1721 dit,
1112 1696 1145 1716 eo
1170 1690 1241 1724 quod
1265 1690 1413 1723 plurimum
1445 1695 1540 1716 contra
1565 1690 1730 1724 impietatem
1748 1698 1826 1717 suam

1041 1742 1093 1760 una
1124 1741 1185 1760 cum
1213 1733 1360 1768 discipulis
1393 1733 1452 1760 suis
1481 1733 1638 1760 Anastasiis
1673 1733 1827 1767 scripxerit,

1040 1786 1156 1814 quaeque
1173 1785 1223 1812 per
1240 1778 1367 1804 ordinem
1387 1778 1430 1804 isti
1444 1779 1645 1812 conscripsisse
1661 1778 1825 1812 probamur,

1040 1823 1112 1851 sicut
1126 1824 1208 1850 amici
1226 1823 1350 1850 discendi
1372 1831 1426 1850 non
1444 1823 1583 1850 nesciunt.

1075 1870 1155 1896 Anno
1175 1870 1283 1904 imperii
1299 1869 1461 1897 Constantis
1480 1870 1510 1897 Π
1529 1871 1676 1897 conventio
1695 1870 1765 1898 facta
1786 1875 1829 1898 cst

1041 1916 1111 1943 inter
1123 1914 1263 1942 Romanos
1277 1919 1304 1942 et
1315 1915 1429 1947 Arabes,
1449 1915 1555 1942 Mnuhia
1572 1916 1734 1948 legationem
1765 1917 1828 1944 mit-

1041 1965 1115 1990 tente
1134 1962 1170 1989 ob
1186 1961 1376 1994 rebellionem,
1393 1965 1421 1987 ut
1434 1962 1555 1988 tribuant
1574 1962 1707 1989 Rotuanis
1721 1963 1826 1990 Arabes

1041 2016 1088 2043 per
1102 2009 1226 2043 singulos
1237 2008 1295 2035 dies
1310 2009 1475 2034 numismata
1490 2008 1565 2035 mille
1577 2013 1603 2034 et
1616 2017 1717 2043 equum
1733 2014 1758 2036 et
1773 2017 1828 2036 ser-

1041 2063 1114 2082 vum.
1133 2054 1232 2082 Eodem
1249 2062 1312 2082 vero
1328 2062 1401 2081 anno
1416 2054 1513 2081 exsilio
1526 2055 1625 2082 ductus
1637 2059 1679 2081 est
1696 2054 1828 2082 Martinus

1039 2102 1233 2129 sanctissimus
1249 2108 1316 2136 papa
1339 2100 1492 2132 Romanus,
1511 2108 1560 2135 pro
1579 2101 1694 2128 veritate
1720 2101 1828 2127 fortiter

1041 2149 1236 2184 agonizans,et
1249 2148 1391 2175 confessor
1408 2147 1497 2175 factas
1514 2148 1540 2174 in
1553 2148 1712 2175 climatibus
1731 2147 1830 2174 Oricu-

1043 2195 1077 2222 tis
1090 2195 1235 2222 defunctus
1254 2200 1305 2222 est.

201 2241 476 2278 pugnarit.Cutnqu’e
486 2240 609 2268 futurum
627 2245 702 2268 esset
715 2245 746 2268 ut
764 2240 915 2276 imperator
925 2249 987 2268 cum
1006 2236 1027 2264 ί)
1077 2240 1171 2268 Mundi
1181 2239 1452 2273 anno6l5l,divinm
1469 2239 1667 2267 incarnationis
1684 2248 1757 2266 anno
1766 2239 1829 2272 651,

200 2289 262 2323 ipso
273 2288 381 2323 navigio
389 2286 542 2322 praeliaretu
548 2294 570 2319 r,
579 2287 782 2321 contemplatur
798 2291 878 2313 nocte
894 2287 939 2312 illa
949 2286 990 2313 vi-

201 2343 273 2367 sum,
290 2342 352 2363 esse
365 2334 490 2361 videlicet
506 2335 578 2368 apud
587 2333 814 2361 Thessalonicen.
830 2333 917 2360 Porro
925 2341 990 2361 nar-

201 2382 270 2408 ravit
285 2381 392 2408 cuidam
417 2379 566 2414 conjectori
589 2380 757 2406 somniorum
778 2379 989 2414 expergefactus

203 2426 346 2458 visionem,
361 2425 408 2459 qui
425 2425 478 2451 ait:
498 2423 660 2458 Imperator,
677 2425 780 2450 utinam
792 2432 837 2450 nec
849 2424 992 2450 dormisse:

202 2479 248 2498 nec
263 2472 393 2498 somnium
417 2471 565 2504 aspexisset
591 2478 600 2497 :
622 2478 683 2496 nam
711 2478 766 2497 esse
794 2470 990 2497 Thessalonicae

201 2517 247 2548 et;
266 2517 339 2552 ἄλλῳ
355 2517 433 2551 νίκην
460 2517 565 2548 innuit,
586 2516 655 2551 quod
684 2516 872 2550 interpretatur
887 2538 895 2550 ,
925 2525 992 2549 pone

200 2562 251 2589 alii
267 2562 416 2595 uictoriam,
444 2562 472 2589 id
502 2566 553 2594 eat,
572 2561 607 2588 ad
628 2562 765 2588 inimicum
783 2568 856 2588 munt
878 2563 990 2590 victoria

202 2608 321 2635 vertitur.
339 2608 410 2635 Sane
426 2609 575 2644 imperator
600 2607 668 2635 nihil
686 2609 829 2636 inveniens
861 2609 895 2636 ad
923 2617 993 2644 pra:-

202 2655 268 2683 linm
301 2655 406 2682 navalis
437 2661 552 2690 pugnae,
582 2653 767 2682 Romanorum
794 2655 896 2683 classes
925 2663 994 2691 prat-

202 2701 305 2729 struxit
344 2701 378 2727 ad
417 2701 528 2728 bellum.
558 2699 664 2734 Quibus
700 2701 727 2728 in
762 2701 921 2729 alterutram
956 2703 993 2729 ir-

203 2748 346 2776 ruentibus
362 2751 528 2783 superantur
553 2747 682 2780 Romani,
702 2752 729 2775 et
744 2748 917 2775 commistum
934 2748 992 2776 εω-

203 2794 276 2822 eitur
301 2801 375 2821 mare
398 2794 532 2829 sanguine
558 2793 757 2821 Romanorum.
784 2793 875 2821 Induit
901 2797 992 2822 autem

204 2841 353 2875 imperator
369 2839 453 2866 alium
475 2844 548 2866 veste
563 2847 610 2867 sua
621 2860 630 2872 ,
645 2845 672 2867 et
685 2839 811 2867 insiliens
842 2836 992 2874 pradictus

203 2887 277 2914 titius
287 2885 510 2914 buccinatorisiu
526 2886 628 2920 regiam
650 2885 781 2920 scapham
796 2884 989 2920 imperatorem

1042 2295 1116 2316 anno
1136 2287 1242 2323 imperii
1255 2287 1297 2314 sui
1316 2286 1348 2313 l8
1369 2285 1507 2312 Constans
1523 2285 1625 2312 occidit
1643 2285 1830 2312 Theodosium

1044 2333 1185 2368 proprium
1212 2332 1325 2358 fratrem
1341 2338 1432 2357 suum.
1445 2329 1511 2356 Cum
1522 2334 1612 2357 autem
1622 2335 1715 2357 essent
1727 2330 1831 2357 Arabes

1043 2379 1114 2414 apud
1135 2378 1249 2413 Saphin,
1266 2377 1330 2404 dolo
1347 2382 1461 2403 necatus
1489 2382 1531 2403 est
1560 2376 1708 2411 praedictus
1728 2375 1829 2408 llalim,

1043 2431 1071 2453 et
1087 2424 1264 2460 singulariter
1287 2423 1404 2457 imperat
1431 2421 1567 2454 Maultias,
1586 2422 1660 2457 regio
1675 2429 1749 2449 more
1778 2422 1831 2448 Da-

1043 2478 1164 2498 mascum
1183 2469 1340 2496 inhabitans
1356 2474 1382 2496 et
1398 2468 1577 2503 pecuniarum
1600 2467 1656 2495 illic
1683 2468 1830 2495 thesauros

1043 2517 1206 2543 recondens.

1079 2562 1157 2588 Auno
1173 2561 1280 2596 imperii
1311 2559 1472 2588 Constantis
1500 2559 1533 2587 l9
1560 2560 1688 2595 apparuit
1716 2559 1831 2587 haeresis

1044 2609 1175 2640 Arabum,
1196 2616 1292 2635 eorum
1311 2607 1438 2635 videlicet
1453 2607 1499 2642 qui
1524 2606 1656 2634 dicuntur
1678 2606 1831 2641 Charurgi-

1043 2661 1087 2683 las.
1113 2655 1238 2682 Mauhias
1264 2658 1354 2680 autem
1369 2653 1420 2680 hos
1439 2660 1598 2688 aggressus,
1612 2660 1660 2680 eos
1684 2653 1731 2687 qui
1752 2657 1832 2679 erant

1044 2703 1071 2729 in
1098 2701 1208 2730 Perside
1225 2700 1389 2732 humiliavit,
1410 2707 1458 2727 eos
1476 2707 1542 2727 vero
1557 2699 1603 2735 qui
1618 2700 1645 2727 in
1661 2699 1739 2735 Syria
1753 2705 1833 2726 erant

1045 2747 1184 2779 exaltavit,
1199 2750 1226 2774 et
1244 2746 1314 2774 alios
1330 2746 1440 2781 quidem
1461 2745 1569 2773 vocavit
1584 2744 1745 2778 llisamitas,
1761 2747 1831 2772 alios

1043 2798 1134 2821 autem
1158 2792 1322 2826 Heraclitas,
1338 2797 1365 2820 et
1388 2792 1584 2820 Hisamitarum
1610 2792 1721 2827 quidem
1744 2792 1831 2819 dona-

1044 2840 1099 2867 tiva
1114 2839 1272 2867 sublimavit
1285 2847 1373 2875 usque
1384 2839 1417 2866 ad
1429 2838 1546 2866 ducenta
1557 2838 1734 2870 numismata,
1746 2846 1831 2874 pono

1043 2885 1240 2916 Heraclitarum
1259 2885 1386 2922 deposuit
1413 2893 1499 2920 usque
1521 2885 1555 2912 ad
1572 2884 1688 2912 tricena.
