2052 3153
251 147 321 177 1327

807 150 999 180 -ANAS’l‘ASl
1005 151 1019 180 Ι
1036 150 1350 182 BlBLlOTIlECARIl

1813 153 1883 186 1328

284 205 363 231 Auno
379 203 536 238 imperiisui
555 204 589 230 2U
605 204 884 232 Constausderelieta
901 206 1037 233 Consran-
1050 209 1076 238 Α
1089 207 1137 233 tibi
1153 207 1244 241 fuerit,
1266 217 1323 243 age.
1349 209 1381 236 Et
1397 208 1440 236 his
1461 208 1543 236 dictis
1567 208 1692 235 Andreas
1722 210 1817 236 tacuit.
1843 211 1879 238 At

250 250 363 284 ttuopoli
391 250 457 276 abiit
473 249 650 285 Syracusani,
667 251 805 278 civitatem
820 250 930 284 Siciliae,
947 253 1041 280 volens

248 297 393 330 imper-ium
409 296 436 323 irt
454 296 549 323 urbem
563 295 677 323 Romam
689 297 850 328 transferre,
865 303 892 325 et
906 298 990 325 mittit
1005 298 1038 325 ad

244 343 431 370 adducendam
444 350 555 369 ttxorcrn
576 350 653 369 suain
673 348 701 370 et
721 346 777 370 tres
791 343 880 375 lilios,
899 343 1038 370 Constan-

245 389 345 420 tinum,
359 387 526 420 Hcraclium,
538 392 564 415 ct
580 387 730 415 Tiberium.
744 387 828 415 Porro
843 388 966 424 Byzantii
984 397 1036 414 non

243 434 408 460 dimiserunt
431 441 489 460 eos.

280 492 360 516 Auno
377 489 659 524 intpct'ti'Cmrstantis
675 490 707 516 21
725 490 876 517 exercitum
890 496 1036 518 moverunt

242 537 346 563 Arabes
371 541 477 563 veoutra
506 535 682 570 ilomaniam,
705 543 732 564 et
763 538 864 564 mullos
886 537 1033 573 dcprtctlati

238 586 316 614 sunt,
335 586 361 608 ct
380 582 437 608 loca
460 583 591 608 non-nulla
617 583 784 618 depopulati.

275 637 353 663 Anno
372 637 478 671 imperii
503 638 662 666 Consumtis
682 641 717 666 ΞΕ
729 642 825 676 praedae
841 642 930 676 patuit
958 641 1027 669 Siei-

246 679 288 705 lia:
306 687 380 713 pars,
413 679 937 711 cthabitaverunt‘Damasci~voltmtate
968 691 1030 711 sua.

277 725 356 751 Auno
392 725 496 757 imperii
522 726 733 755 Constantisﬂﬁ
765 729 858 757 factus
882 735 924 757 est
951 738 1031 758 error

237 771 429 806 ieiuniorum,
456 777 484 798 et
515 774 666 800 exercitum
704 775 790 802 movit
822 776 1029 804 Ahderachman

234 817 352 844 Chaledi
387 818 519 844 adversus
536 818 711 851 Rotuaniam,
730 824 757 847 et
771 821 797 847 in
832 829 863 848 ea
887 822 1027 854 hiemavit,

237 868 265 891 et
289 865 389 892 multas
405 866 554 893 demolitus
569 870 610 894 est
627 868 763 902 regiones.
785 867 872 895 Porro
902 869 1025 895 Sclaviui
1042 876 1065 905 B

231 910 273 936 -at|
293 911 369 937 hunc
396 911 566 939 conﬂuentes
596 919 659 939 curn
684 913 743 948 ipso
769 913 970 941 descenderunt
998 914 1024 940 iu

237 957 356 992 Syriam,
377 965 413 983 nu
426 965 492 984 uero
523 959 645 993 quinque
661 959 759 991 millia,
780 963 807 986 et
833 960 1025 987 habitaverunt

230 1002 262 1028 in
287 1002 493 1036 Apurnieusium
521 1004 632 1038 regione
656 1005 682 1030 in
705 1006 819 1032 castello
835 1006 1023 1034 Seleucobori.

262 1049 341 1074 Atruo
371 1048 478 1083 iurperii
497 1049 656 1077 Constantis
674 1050 711 1077 24
739 1050 860 1078 Thomas
886 1052 1023 1079 Coustau~

234 1093 430 1127 tiuopolitauus
445 1093 559 1120 habetur
573 1095 698 1121 antistes.
727 1095 816 1123 Busur
832 1101 921 1123 autem
942 1104 1022 1123 εχει-

231 1138 318 1165 citum
337 1138 361 1164 in
382 1137 545 1165 Rotnaniatu
564 1141 660 1172 tnovit,
677 1145 842 1169 ctrnortttus
867 1146 908 1169 est
933 1141 1023 1169 Thau-

230 1186 358 1211 Autaricus
389 1185 537 1219 episcopus
554 1187 682 1220 Apatnite,
698 1192 724 1213 et
747 1188 877 1216 incensus
902 1193 943 1216 est
968 1190 1022 1224 epi-

235 1238 336 1264 scopus
353 1231 506 1258 Emiseuus.

269 1287 361 1314 Mundi
382 1295 455 1315 anno
480 1288 574 1322 6158,
600 1290 699 1317 divina:
734 1292 932 1321 incarnationis
965 1302 1016 1320 au-

233 1340 268 1359 uo
283 1333 345 1364 658,
366 1341 437 1360 attuo
458 1342 522 1361 vero
548 1335 655 1370 imperii
677 1336 835 1365 Constantis
850 1338 885 1365 25
914 1340 1019 1365 exerci-

232 1384 288 1405 tum
307 1384 404 1406 TUI'SUS
432 1381 549 1408 armavit
565 1379 656 1409 Busur
685 1387 782 1410 eontra
808 1382 1019 1417 Romaniam,et

230 1426 423 1452 exterminavit
441 1432 534 1461 partes
554 1427 726 1463 Hexapoleos
750 1433 776 1457 et
793 1427 931 1463 Phadalaa,
945 1431 1019 1459 illic-

231 1480 282 1506 quc
299 1472 437 1500 hiemavit.

267 1519 345 1544 Auno
360 1519 465 1554 imper-ii
481 1519 638 1549 Constantis
655 1521 689 1548 26
705 1523 931 1550 Armeniacorum
947 1531 1016 1559 prae-

231 1570 274 1591 tor
291 1564 433 1596 Saborius,
447 1565 529 1593 Persa
546 1573 654 1601 genere,
670 1569 852 1597 tumultuatus
866 1575 908 1597 est
921 1575 1016 1598 contra

229 1611 404 1638 Constantem
424 1611 618 1646 imperatorem
649 1613 787 1649 mittitque
815 1614 849 1641 ad
878 1615 1016 1644 Mauhiatn

230 1657 356 1690 Sergium
390 1658 552 1692 magistratu
580 1659 709 1692 militum,
743 1661 874 1695 pollicens
901 1662 1017 1690 Mauhia‘.

227 1703 373 1739 subjugat‘e
382 1703 552 1738 Rotuauiam,
564 1706 587 1734 si
597 1706 654 1741 ipse
666 1707 717 1735 sibi
728 1708 910 1737 auxiliaretur
921 1710 1016 1738 adver-

227 1758 273 1776 sus
290 1751 493 1784 imperatorem.
504 1751 563 1784 Quo
574 1758 714 1787 comperto
729 1754 926 1783 Constantinus
943 1756 1014 1784 ﬁlius

226 1795 407 1829 imperatoris
426 1796 509 1822 nrittit
523 1801 549 1823 et
564 1798 623 1832 ipse
651 1799 684 1825 ad
709 1798 846 1827 Matthiam
874 1801 1012 1829 Andream

225 1841 425 1868 cubicularium
452 1850 514 1869 eum
532 1845 701 1877 muneribus,
719 1854 753 1873 ne
779 1847 874 1874 rebelli
890 1849 1011 1876 cederet.

223 1886 348 1921 Cumque
367 1887 485 1915 vertisset
500 1888 623 1916 Andreas
640 1890 812 1924 Damascum,
829 1895 930 1928 reperit
947 1894 1011 1922 Scr-

223 1934 297 1968 giunt
324 1934 503 1967 przeveuissc.
519 1936 554 1961 At
583 1944 648 1964 vero
676 1936 799 1967 Mat-hias
828 1941 1011 1969 simulabatur

222 1979 381 2013 imperatori
413 1982 530 2015 eompati
545 1981 612 2017 (62).
632 1981 750 2011 Sedebat
783 1991 874 2013 autem
894 1987 1007 2022 Sergius

221 2031 283 2051 ante
301 2025 449 2057 Matthiam.
464 2031 564 2054 etcuut
586 2029 727 2064 ingressus
750 2030 850 2059 luisset
874 2033 1008 2067 Andreas,

221 2072 335 2099 intuitus
358 2080 420 2099 curri
450 2073 563 2107 Sergius
578 2076 708 2103 surrexit.
735 2076 770 2103 At
793 2085 857 2105 vero
885 2079 1008 2107 Maubias

221 2116 346 2151 Sergium
375 2118 561 2151 reprehendit,
593 2119 688 2147 dicens
707 2122 797 2154 :Quid
824 2122 978 2156 formidasti
996 2125 1009 2152 ἵ

219 2163 271 2193 Qui
288 2161 428 2195 respondit
447 2170 478 2190 se
497 2163 574 2197 juxta
592 2172 696 2192 morem
720 2166 829 2195 iecisse.
845 2168 1005 2200 Conversus

218 2212 350 2240 praetcrea
361 2206 484 2235 Mauhias
509 2209 576 2236 dicit
588 2209 720 2238 Andream
739 2212 809 2245 Quid
826 2217 1005 2250 σκιενίδῖρυὶ
1023 2226 1045 2253 ι)

217 2253 274 2279 ait:
292 2251 326 2279 Ut
341 2253 385 2280 des
394 2255 524 2282 auxilium
534 2261 627 2283 contra
638 2257 768 2287 rebellem.
783 2260 872 2289 Atille
888 2271 894 2290 :
907 2264 1002 2298 Ambo,

217 2299 315 2334 inquit,
331 2299 431 2326 inimici
445 2301 519 2334 estis,
546 2302 591 2328 sed
605 2311 651 2338 ego
664 2304 687 2330 ei
702 2305 747 2340 qui
773 2306 833 2341 plus
861 2310 1003 2342 prwbuerit

215 2344 295 2372 dabo.
312 2345 344 2372 Et
357 2346 481 2375 Andreas
494 2347 527 2375 ad
539 2356 600 2375 eum
618 2358 624 2376 :
644 2344 830 2387 Nelumbigas,
849 2354 918 2388 iniit,
934 2358 1003 2384 auti-

216 2399 256 2422 ra,
275 2392 400 2426 quoniam
431 2401 517 2427 pauca
545 2394 591 2421 tibi
607 2396 775 2430 imperatoris
803 2400 913 2429 meliora
943 2408 1004 2430 sunt

214 2445 292 2471 quam
316 2437 395 2471 plura
421 2439 534 2466 rebellis.
553 2439 747 2474 Verumtamen.
764 2445 833 2476 quod
861 2448 1004 2476 mirabilius

1094 260 1157 280 vero
1172 253 1295 281 Mauhias
1309 254 1347 281 ait
1361 263 1368 282 :
1400 254 1531 282 Tractabo
1546 263 1624 288 super
1641 255 1700 287 Itoc,
1716 258 1745 282 et
1772 260 1880 283 utrum-

1091 306 1144 332 que
1166 299 1249 333 jussit
1285 300 1370 327 exire.
1409 300 1495 327 Porro
1527 300 1659 327 advocato
1684 300 1780 335 Sergio
1808 301 1879 329 dixit

1089 344 1113 371 ei
1133 353 1140 371 :
1167 344 1208 371 Ne
1229 345 1341 372 ulterius
1360 345 1454 373 udum
1479 346 1613 373 Andream
1637 355 1647 373 :
1672 347 1790 382 alioquin
1812 348 1879 375 nihil

1089 391 1222 424 proﬁcies.
1252 391 1282 418 ln
1296 393 1447 420 crastinum
1466 393 1558 427 itaque
1573 393 1744 428 praeveniens
1763 394 1877 430 Sergius

1087 436 1224 464 Andreatn
1240 445 1332 464 coram
1348 439 1459 465 Mauhia
1484 439 1608 471 sedebat.
1625 443 1652 466 ct
1672 440 1798 474 ingresso
1820 442 1878 467 Att-

1087 481 1152 509 drea
1173 490 1226 510 nort
1245 484 1270 510 ei
1287 484 1439 511 assurrexit
1462 489 1493 511 ut
1512 484 1570 511 lteri
1587 492 1594 511 :
1610 484 1735 512 Andreas
1751 493 1816 513 vero
1835 487 1877 513 itt-

1087 527 1172 555 tuitus
1188 528 1314 563 Sergium
1332 530 1406 557 hunc
1423 530 1555 558 conviciis
1572 531 1702 558 laceravit
1714 537 1741 558 et
1756 533 1874 559 commi-

1085 576 1167 600 natus
1187 577 1240 605 est,
1261 574 1376 602 dicens:
1395 574 1425 602 Si
1436 575 1534 606 vixero,
1548 575 1735 602 demonstrabo
1753 576 1799 603 tibi
1812 578 1873 611 qui:

1084 620 1145 646 sim.
1169 621 1218 648 Cui
1239 620 1351 656 Sergius
1370 631 1377 649 :
1395 621 1467 655 Non,
1486 622 1593 657 inquit,
1608 631 1720 658 assurgo
1737 623 1792 655 tibi,
1806 625 1872 658 quia

1083 675 1135 694 non
1146 675 1174 694 es
1197 669 1236 694 vir
1253 676 1334 703 neque
1346 668 1456 703 femina.
1475 669 1560 697 Porro
1583 669 1708 697 Mauhias
1724 675 1872 705 utrumque

1083 721 1260 748 compescens
1278 715 1394 742 Andreae
1420 715 1488 742 dixit
1506 716 1642 743 assentire
1658 717 1724 743 dare
1740 717 1873 750 quemad-

1083 758 1193 784 modum
1212 758 1327 793 Sergius
1341 759 1397 786 dat.
1418 758 1453 785 Et
1463 764 1594 794 quantum
1603 760 1666 786 est-.9
1682 760 1720 786 ait
1734 760 1871 788 Andreas.

1082 802 1189 831 Mauhia
1210 812 1276 832 vero
1298 805 1450 832 illatiouetn
1468 805 1639 840 publicorum
1656 806 1776 840 prmbere
1801 806 1873 833 Ara-

1082 849 1170 877 bibtts.
1188 851 1237 877 Ast
1251 851 1375 877 Andreas
1394 858 1401 876 :
1423 850 1467 877 Vw
1482 851 1540 882 tibi,
1562 851 1756 882 ait,.MauItia.
1772 851 1872 879 Consi-

1082 897 1146 922 lium
1157 897 1254 923 tribuis
1264 905 1357 931 corpus
1368 897 1451 924 dandi
1462 902 1486 924 et
1496 898 1580 924 solam
1592 899 1713 925 umbram
1726 899 1870 926 retinendi.

1081 942 1322 977 Quomodocrtuque
1344 943 1469 974 volueris,
1494 952 1554 970 cum
1572 944 1663 979 Sergio
1679 946 1787 972 conveni
1799 953 1808 972 :
1821 954 1870 980 ego

1075 988 1145 1014 enim
1161 988 1209 1014 hoc
1226 989 1334 1015 minime
1347 990 1428 1024 facio.
1455 989 1640 1018 Verumtamen
1659 996 1682 1018 te
1697 991 1809 1018 dimisso
1832 993 1869 1018 ad

1076 1031 1170 1065 Deum,
1187 1035 1272 1068 quite
1294 1035 1425 1068 potentior
1440 1041 1489 1066 est.
1515 1041 1545 1062 ut
1574 1035 1700 1064 Romanis
1720 1038 1868 1070 opitulatur

1073 1078 1252 1113 confugimus,
1267 1084 1291 1106 et
1313 1080 1341 1106 in
1367 1089 1396 1107 eo
1417 1089 1488 1114 spem
1502 1088 1622 1108 nostram
1648 1082 1797 1114 posuimus.
1814 1083 1866 1113 llis

1074 1124 1155 1151 dictis
1167 1125 1282 1152 illaultite
1298 1127 1358 1153 iutit
1371 1127 1457 1159 salve,
1472 1134 1498 1155 et
1509 1129 1594 1155 exivit
1609 1136 1624 1156 a
1638 1128 1864 1158 Datnascensium

1073 1171 1193 1202 civitate.
1208 1176 1235 1199 et
1246 1173 1313 1207 abiit
1331 1173 1494 1205 Melitenern,
1511 1182 1543 1202 eo
1556 1175 1628 1210 quod
1645 1180 1777 1211 tyrannus
1789 1181 1864 1204 esset

1074 1217 1100 1243 in
1118 1218 1243 1251 partibus
1270 1219 1335 1250 illis,
1353 1220 1386 1246 ad
1405 1228 1474 1254 quas
1501 1227 1528 1248 et
1548 1220 1661 1256 Sergius
1685 1229 1744 1250 erat
1759 1224 1863 1251 ittrrus.

1072 1261 1197 1297 Cumque
1217 1263 1330 1292 adiisset
1358 1265 1540 1299 Arabessum,
1572 1267 1689 1295 incurrit
1716 1269 1862 1296 clausura-

1071 1316 1132 1336 rtun
1156 1311 1297 1339 custodem
1315 1321 1322 1339 :
1339 1321 1394 1340 non
1410 1314 1483 1340 enim
1500 1315 1646 1342 cohibebat
1661 1316 1716 1351 (65)
1731 1323 1862 1352 tyranno.

1072 1354 1141 1382 llnic
1162 1364 1228 1391 ergo
1240 1359 1369 1393 prtecepit
1383 1359 1530 1387 observare
1544 1360 1669 1395 Sergium
1687 1365 1859 1395 redeuntem,

1071 1406 1100 1428 ut
1121 1401 1271 1430 adduceret
1286 1404 1361 1431 illum
1377 1405 1409 1431 ad
1424 1413 1463 1432 se.
1483 1406 1543 1440 Ipse
1559 1414 1623 1434 vero
1642 1415 1696 1434 non
1715 1408 1862 1436 inmte-nor

1069 1447 1210 1481 pergebat,
1243 1447 1368 1483 Sergium
1400 1452 1583 1485 praestolans;
1613 1460 1674 1487 qua:
1697 1460 1762 1480 vero
1782 1459 1860 1488 gesta

1069 1497 1146 1525 sunt,
1175 1494 1313 1521 nuntiavit
1335 1495 1505 1532 imperatori.
1529 1497 1633 1525 Interea
1659 1498 1772 1533 Sergius
1795 1508 1858 1528 cum

1070 1537 1199 1571 Manhia,
1228 1547 1288 1573 quae
1313 1541 1370 1568 visa
1392 1541 1498 1569 fuerant
1520 1544 1643 1578 .peraetis
1667 1544 1745 1581 (6b),
1779 1553 1859 1573 accc-

1071 1581 1108 1616 pit
1128 1580 1276 1609 Phaladam
1295 1589 1436 1618 prteto'rem
1454 1586 1573 1614 Arabum
1600 1596 1661 1615 eum
1688 1597 1740 1624 ope
1759 1591 1858 1617 barba-

1070 1628 1127 1654 rica
1147 1634 1370 1658 concertaturum
1397 1636 1423 1658 et
1446 1633 1644 1661 auxiliaturqu
1669 1635 1768 1664 Sabor.
1785 1638 1857 1664 Cum

1068 1679 1159 1701 autent
1181 1675 1348 1709 prazcederet
1374 1677 1486 1712 Sergius
1505 1678 1653 1707 Phatlalam
1672 1686 1699 1709 ct
1716 1683 1749 1709 ad
1762 1682 1857 1710 Sabor

1066 1720 1240 1754 gratulanter
1255 1722 1355 1754 abiret.
1373 1724 1485 1751 devenit
1499 1725 1532 1751 ad
1549 1726 1735 1755 clausuraset
1759 1729 1859 1756 incidit

1065 1765 1093 1792 in
1111 1767 1227 1795 Andreae
1246 1769 1350 1803 turbas,
1368 1774 1395 1798 et
1415 1772 1487 1799 hunc
1510 1773 1658 1801 retinentes
1676 1775 1797 1802 vinctum
1821 1777 1856 1803 atl

1064 1812 1199 1840 Andream
1217 1814 1365 1842 adducunt.
1383 1817 1417 1843 At
1438 1825 1503 1845 vero
1529 1818 1643 1854 Sergius
1659 1820 1718 1848 viso
1743 1822 1855 1849 Audrea

1061 1857 1145 1892 jactat
1161 1865 1247 1887 semet
1261 1861 1292 1887 atl
1310 1862 1398 1896 pedes
1414 1863 1485 1896 ejus.
1502 1864 1649 1892 obsecrans
1660 1874 1772 1900 parcere
1787 1868 1853 1895 sibi.

1063 1903 1111 1930 Ille
1125 1908 1216 1931 autem
1245 1906 1277 1933 ad
1300 1915 1386 1934 eum:
1408 1908 1458 1941 Tu,
1478 1909 1577 1944 inquit,
1604 1918 1632 1937 es
1659 1910 1778 1946 Sergius,
1807 1914 1855 1948 qui

1061 1949 1222 1984 gloriabaris
1239 1953 1266 1979 in
1281 1954 1402 1981 uirilibus
1428 1963 1519 1982 coram
1540 1955 1661 1988 )louhia,
1680 1966 1769 1993 meque
1790 1967 1852 1985 mu-

1061 1994 1198 2023 lierculam
1215 1998 1377 2032 appellabas.
1392 1999 1458 2027 Ecce
1472 2001 1634 2037 amodo(65)
1647 2003 1735 2030 virilia
1747 2010 1791 2030 tuo
1803 2006 1852 2032 tibi

1061 2041 1128 2068 nihil
1139 2043 1298 2075 proderunt.
1316 2045 1380 2079 quin
1395 2046 1483 2080 potius
1507 2050 1533 2073 et
1556 2053 1639 2074 morte
1654 2048 1784 2082 af/icmu.
1803 2050 1852 2078 llis

1060 2086 1144 2115 dictis
1167 2089 1295 2124 praecepit
1323 2090 1413 2117 virilia
1431 2091 1492 2125 ejus
1520 2092 1636 2124 abscidi.
1652 2100 1679 2121 et
1702 2097 1851 2130 suspendit

1060 2140 1120 2160 cum
1135 2133 1162 2160 in
1176 2134 1258 2169 ligno.
1274 2135 1475 2166 Constantinus
1489 2142 1579 2165 autem
1593 2140 1688 2167 audito
1699 2140 1849 2169 Phadaitlis

1060 2179 1178 2206 adventu
1196 2180 1222 2207 in
1240 2180 1353 2209 Saboris
1366 2183 1499 2210 auxilium
1527 2183 1713 2219 Nicephorum
1729 2186 1850 2214 destinat

1061 2225 1206 2259 patricium
1223 2233 1284 2253 cum
1301 2227 1423 2255 Romana
1438 2229 1538 2256 virtute
1555 2231 1702 2259 resistendi
1719 2231 1847 2260 Saboriu.

1059 2269 1125 2296 Erat
1152 2275 1241 2298 autern
1262 2272 1351 2301 Sabor
1369 2273 1567 2310 Hadrianopoli
1586 2276 1708 2310 degens,
1734 2283 1761 2305 et
1784 2286 1848 2306 cum

1059 2315 1242 2353 Nicephorum
1259 2318 1293 2345 ad
1320 2327 1349 2346 se
1372 2320 1467 2347 venire
1493 2323 1686 2357 comperisset,
1700 2325 1849 2352 exercebat

1059 2366 1146 2389 semet
1165 2363 1198 2389 at!
1219 2364 1355 2398 prarlium.
1385 2365 1485 2394 Verum
1514 2366 1560 2395 die
1589 2369 1707 2403 quadam
1732 2370 1849 2405 contigit

1059 2408 1133 2436 hunc
1157 2411 1306 2437 secundum
1323 2414 1549 2441 consuetudinem
1574 2422 1652 2442 suam
1677 2415 1711 2443 de
1734 2416 1849 2444 civitate

1059 2462 1141 2490 super
1152 2464 1252 2491 equum
1279 2458 1418 2486 sedentem
1437 2460 1522 2488 exire.
1539 2460 1664 2496 Cumque
1679 2468 1765 2496 porta
1777 2463 1847 2490 civi-

959 2505 1072 2537 NOTAE.

249 2541 306 2576 (62)
322 2541 454 2582 Campati.
468 2542 638 2582 Glossarium
650 2553 658 2571 1
670 2546 823 2582 oupndcrxm
835 2552 994 2582 eompatior.

213 2577 219 2602 Ι
236 2586 288 2615 et",
313 2579 479 2615 cotupatitur
509 2581 676 2615 συμπάσχει.
696 2577 877 2615 ἙῚοάοΞὶΓᾱιιε,
894 2577 994 2615 inﬁdi

214 2621 223 2636 ι
241 2612 422 2653 ιίίοιιηιςιιξςιιιε
435 2612 657 2653 tribulationibus
676 2616 773 2650 ipsius.
793 2626 802 2642 ι
818 2612 942 2653 Corupati
954 2612 995 2649 est

212 2647 400 2674 misericordia
421 2649 533 2675 moveri.
552 2648 634 2676 ΕΔΜ.

249 2682 304 2716 (65)
324 2682 477 2710 Coltibebat.
499 2684 601 2710 Auctor
627 2684 765 2717 Miseellaa,
791 2688 992 2718 consentiebat.

213 2716 358 2759 lj‘at'utttltts
375 2718 590 2759 liermiant-Itsis,
607 2719 627 2746 Ι.
708 2730 718 2759 t_
733 2716 833 2759 sancta
849 2723 893 2750 illa
909 2716 991 2759 syuo;

210 2753 261 2777 dus
276 2753 385 2788 νιιωτιξεί
409 2753 576 2780 Νι-δεοτίῖιιιδξ
608 2755 742 2782 cohibuit.
761 2766 770 2781 )
791 2757 822 2783 Et
835 2753 991 2788 cohibentia

210 2787 282 2819 :tputl
297 2787 422 2827 eumdem
442 2789 550 2827 passiut_
571 2791 702 2818 occurrit.
734 2791 847 2827 Gregor.
870 2793 936 2821 Tur.
956 2795 989 2823 Η.

211 2831 256 2858 2)
276 2832 284 2845 ι
311 2822 448 2850 Habentes
470 2825 685 2852 conuiventiatn.
708 2836 717 2852 ι
733 2822 987 2858 ΜεῘουΙιὶὺεηιὶαηιξ

209 2854 310 2883 Clausae
327 2859 443 2885 hemithei
465 2868 472 2885 ι
497 2860 625 2894 conibere,
654 2854 987 2898 consentire,rronibeutia,

1050 2565 1201 2585 consensus.
1220 2558 1382 2588 Hiucmarus
1403 2561 1500 2589 Rhem.
1513 2562 1549 2589 De
1569 2562 1726 2590 Prtedestin.
1744 2572 1750 2588 :
1768 2574 1777 2589 t
1795 2563 1845 2592 Ti-

1055 2599 1114 2619 meo
1129 2601 1163 2620 ne
1177 2595 1326 2622 couhibere
1341 2597 1377 2623 sit
1394 2597 1444 2624 hoc
1461 2601 1561 2624 tacere.
1580 2607 1588 2623 ι
1609 2599 1648 2625 in.

1088 2626 1144 2668 (ltiti
1173 2627 1308 2668 Pet-actis.
1322 2630 1394 2668 Lege
1417 2637 1521 2665 pactus.
1540 2633 1660 2668 Στοιχεῖν
1675 2640 1716 2662 est
1730 2635 1841 2668 parisci.

1051 2661 1118 2688 Vide
1139 2664 1268 2692 lectiones
1281 2661 1468 2694 TlteoEt-iti'tzas
1486 2661 1640 2695 Casaubdui
1654 2677 1678 2696 c.
1695 2661 1738 2695 1οί
1754 2661 1840 2697 Ρηιιξ

1085 2697 1142 2738 (ϐξ)
1158 2699 1269 2738 Amado.
1287 2700 1437 2738 Gregorius
1457 2701 1525 2730 Tur.
1541 2702 1574 2730 ﬂ.
1591 2711 1633 2735 ιιι,
1648 2704 1665 2731 5
1683 2712 1689 2730 :
1714 2713 1723 2729 ι
1737 2704 1841 2738 Plange

1047 2732 1158 2774 aurodo,
1177 2734 1287 2774 quiper
1297 2732 1443 2774 cotisilium
1465 2745 1582 2771 nequam
1600 2732 1688 2766 factus
1706 2747 1737 2767 es
1750 2732 1843 2774 parri-

1051 2767 1111 2802 eitla
1129 2767 1310 2798 saevissimus.
1343 2780 1353 2796 ι
1383 2767 1572 2800 Onomasticon
1591 2781 1599 2800 :
1618 2783 1627 2799 ‹
1651 2767 1759 2802 Αιηοίιό
1784 2775 1840 2801 ἀπὸ

1045 2801 1154 2841 ςούτου.
1175 2803 1264 2832 Utitur
1279 2806 1414 2841 interpres
1429 2807 1488 2835 Vet.
1506 2807 1673 2837 Testamenti
1687 2801 1804 2837 etNovi.
1825 2818 1836 2836 ι

1047 2835 1090 2866 lo.
