2052 3153
165 198 229 229 1329

164 253 225 279 tatis
245 252 495 287 appropintrtasset-
508 275 516 287 ,
534 263 635 291 equum
660 259 766 296 ﬂagello
783 265 943 298 percussit;

162 297 207 331 qui
222 296 358 331 jactaulet'
372 299 473 326 saliens
488 304 515 328 et
527 302 588 336 ejus
604 310 686 339 caput
703 306 730 333 in
753 296 860 342 portam
886 296 944 337 alli;

161 343 228 370 dens
251 343 323 370 hunc
341 345 412 372 male
434 346 490 373 vita
523 350 650 382 privavit,
664 355 691 378 et
705 353 745 380 sic
762 353 834 382 Dens
857 355 945 391 impe—

161 389 244 416 ratori
260 389 401 417 victoriam
418 393 546 420 contulit.
563 394 699 425 Phadalas
722 403 812 427 autem
830 402 944 430 veniens

161 433 186 460 in
200 433 339 469 Eupolim
355 441 382 463 et
397 436 454 464 haec
473 440 565 467 omnia
581 441 692 471 discens
707 445 835 474 turbatus
850 452 902 479 est,
916 453 943 476 et

160 479 232 505 misit
250 480 284 506 ad
311 480 448 509 Mauhiam
469 485 612 518 postulans
628 488 806 523 adiutorium,
820 499 852 518 eo
869 493 941 527 quod

159 523 269 551 Romani
288 526 321 552 ad
334 528 511 556 concordiam
530 534 736 562 convenissent.
753 536 835 563 Mittit
848 542 940 565 autem

157 569 180 595 ei
205 569 330 598 Mauhias
348 573 435 599 tilium
457 581 537 602 suum
556 576 644 609 Hirid,
660 585 771 608 armans
791 590 852 609 eum
877 590 939 610 cum

157 614 329 643 multitudine
344 616 543 647 Romanorum.
558 622 752 652 (ionvenerunt
768 631 858 654 autem
871 630 940 656 utri-

155 667 206 694 que
217 661 287 695 apnd
307 661 518 698 Chalcedonem,
534 671 559 693 et
579 669 701 702 captivos
715 671 853 700 duxerunt
871 675 938 702 mul-

155 709 195 732 tos
224 715 231 732 :
257 713 390 741 ceperunt
423 716 513 738 autem
536 717 563 740 et
582 714 725 743 Amorium
752 717 886 754 Phrygias,
911 727 938 749 et

152 751 272 786 quinque
290 753 414 783 millibus
431 762 600 786 armatorttm
618 761 740 790 virorum
755 764 878 794 dimissis
907 767 934 795 in

154 797 305 825 custodiam
321 799 382 834 ejus
396 801 569 831 diverternnt
587 806 613 832 in
631 806 748 842 Syriam.
763 809 830 837 Cum
845 817 934 840 autem

151 841 237 870 hiems
256 845 429 879 accessisset,
449 849 532 876 tttittit
559 841 709 886 imperator
730 856 856 883 eumdem
877 859 933 885 An-

149 887 242 915 dream
265 890 465 920 cubicularium
481 903 496 927 ;~
518 900 550 923 et.
574 904 636 924 cum
662 900 709 926 nix
736 907 808 929 esset
836 905 930 938 multa,

150 938 230 962 noetu
247 937 332 969 venit,
349 942 381 965 et.
393 947 441 973 per
458 941 562 976 lignum
587 946 739 974 ascendunt
762 947 789 975 in
812 958 931 984 murum,
951 935 971 961 Β

148 984 173 1006 ct
192 980 387 1016 ingrediuntur
410 985 550 1014 Amorium
567 1009 574 1021 ,
601 995 628 1017 et
654 999 748 1021 omnes
766 995 933 1025 interliciunt

149 1024 262 1059 Arabes,
280 1027 316 1054 ita
341 1033 372 1056 nt
385 1037 418 1057 ex
433 1031 554 1068 quinque
570 1035 690 1064 millibus
708 1038 764 1066 illic
777 1041 870 1068 nullus
885 1024 932 1077 pe;

148 1070 222 1098 nitus
236 1080 402 1103 remaneret.

181 1116 275 1146 Mundi
296 1127 369 1148 anno
399 1122 481 1155 6l60,
506 1125 608 1154 divinae
634 1129 834 1161 incarnationis
859 1142 931 1163 anno

145 1161 205 1195 660,
220 1170 293 1191 anno
304 1173 367 1193 vero
379 1167 483 1203 imperii
497 1171 594 1204 sui27,
610 1173 748 1204 Constans
763 1179 871 1208 occisus
888 1185 930 1209 est

144 1208 206 1236 dolo
220 1209 247 1236 in
266 1210 361 1238 Sicilia
376 1215 448 1248 apud
466 1215 631 1249 Syracusam
648 1221 674 1247 in
690 1221 800 1256 balneo,
814 1226 857 1251 cui
880 1235 930 1253 no-

144 1261 204 1282 men
230 1260 291 1283 erat
309 1257 420 1293 Daphne
438 1268 445 1287 :
462 1261 550 1290 fttcrat
566 1269 655 1292 autem
671 1275 753 1295 causa
782 1270 848 1298 hzrc.
865 1273 930 1300 Post

142 1299 380 1337 interemptionem
403 1305 550 1336 Theodosii
577 1310 673 1339 fratris
691 1313 779 1348 ipsius
800 1317 864 1344 odio
881 1318 928 1344 ha-

143 1346 215 1374 bitus
230 1353 273 1376 est
289 1358 303 1375 a
323 1349 473 1385 Byzantiis,
483 1358 510 1380 et
524 1356 641 1384 maxime
659 1346 721 1392 quia
736 1365 762 1387 et
779 1361 926 1390 Martinum

141 1394 350 1423 sanctissimum
371 1405 467 1432 papam
484 1399 638 1429 Romanum
657 1405 839 1439 ignntniniose
851 1408 925 1437 Con-

141 1440 347 1475 stantinopolim
360 1443 436 1470 duxit
450 1449 477 1472 et
488 1447 584 1474 exsilio
604 1450 732 1486 relegavit
745 1461 827 1487 penes
842 1455 926 1483 Cher-

139 1485 215 1512 sonis
233 1486 355 1521 climata,
376 1493 401 1516 et
429 1490 539 1519 Maximi
560 1485 755 1529 sapientissimi
777 1504 802 1526 et
816 1502 924 1530 confes-

139 1530 210 1558 soris
236 1531 355 1567 linguam
377 1543 542 1573 manumque
555 1543 701 1575 truncavit,
717 1549 744 1571 et
762 1546 861 1576 multos
877 1557 924 1576 or—

139 1574 322 1604 thodoxorum
348 1580 511 1610 verberibus
529 1588 556 1610 ct
573 1586 679 1614 exsiliis
695 1574 731 1615 et
749 1593 924 1626 proscriptio-
936 1601 960 1630 α

137 1619 228 1654 nibus,
251 1629 284 1649 eo
310 1625 383 1658 quod
402 1626 496 1654 haeresi
513 1636 569 1656 sum
592 1632 748 1662 nullatenus
763 1638 923 1672 acquiesce-

137 1671 207 1696 rent.
226 1668 439 1703 condemnavit;
466 1674 533 1707 quin
547 1679 575 1701 et
592 1675 661 1704 duos
684 1668 854 1716 Anastasius,
874 1685 920 1719 qui

136 1711 264 1747 discipuli
281 1714 390 1743 fuerant
411 1717 520 1746 Maximi
537 1722 707 1752 confessoris
730 1731 757 1753 et
781 1711 918 1764 tnatztyris,

135 1760 280 1787 tormentis
297 1765 323 1788 et
348 1763 454 1792 exsiliis
484 1765 606 1795 tradidit.
632 1769 744 1805 Propter
766 1773 828 1801 talia
853 1760 920 1811 ergo

135 1811 235 1832 exosus
248 1808 356 1836 cunctis
373 1809 488 1839 eﬁ‘ectus
503 1817 554 1840 est.
571 1814 638 1841 Cum
655 1821 744 1844 autem
769 1819 846 1847 valde
861 1829 919 1849 me-

135 1854 234 1885 tueret,
248 1853 334 1881 volvit
357 1855 502 1891 imperium
530 1859 558 1886 in
580 1861 673 1889 urbem
695 1863 808 1892 Romam
828 1870 919 1897 trans-

133 1894 223 1929 ferre,
242 1899 317 1927 unde
338 1905 372 1928 etv
388 1902 590 1937 imperatricem
619 1912 730 1943 tresque
757 1911 826 1940 ﬁlios
853 1921 917 1944 suos

132 1942 228 1971 tollere
241 1951 256 1970 a
273 1944 406 1981 Byzantio
432 1950 528 1983 voluit,
560 1953 612 1980 nisi
629 1942 753 1984 Andreas
775 1959 917 1987 cubicula.

133 1987 190 2015 rius
219 1993 248 2017 et
267 1989 427 2022 Theodorus
445 1995 565 2024 Colonia:
595 1999 678 2034 hujus
712 2004 916 2036 proltibuissent

130 2034 291 2063 consilium.
316 2037 389 2065 Sane
419 2039 445 2065 in
467 2040 560 2069 Sicilia
579 2043 644 2071 iecit
668 2034 755 2075 annos
770 2057 826 2076 sex.
847 2050 914 2078 Cum

130 2082 223 2106 autem
251 2082 410 2115 praedictum
431 2086 559 2115 balnetttn
581 2089 721 2125 ingressus
740 2093 846 2128 fuisset,
872 2097 915 2124 itt-

128 2124 223 2151 troivit
241 2133 302 2152 cum
318 2135 351 2155 eo
371 2129 480 2163 quidam
493 2124 619 2162 Andreas
633 2135 705 2164 filius
719 2138 814 2174 Troili,
832 2124 914 2170 obse-

126 2169 252 2198 cundans
268 2171 324 2205 illi;
347 2178 374 2201 et
392 2183 454 2202 cum
475 2180 605 2213 coepisset
620 2190 723 2217 sapone
737 2169 842 2215 Gallii-o
854 2169 912 2224 (66)

127 2213 248 2248 deliniri,
261 2224 373 2246 sumens
390 2220 513 2249 Andreas
526 2224 637 2252 sitttlam
652 2227 725 2256 dedit
740 2237 799 2257 earn
813 2231 838 2258 in
853 2213 910 2259 ver:

563 205 746 238 HISTORIA
760 207 1047 243 ECCLESIASTICA
1067 214 1117 244 EX
1134 215 1374 248 THEOPHANE.

961 269 981 295 Α
997 269 1054 293 tum
1084 268 1111 295 in
1141 268 1271 304 Africam,
1296 276 1324 299 et
1351 273 1457 307 captiva
1474 274 1609 303 duxerunt
1645 279 1741 313 millia,
1756 289 1784 308 ut.

1713 223 1779 256 1330

999 312 1111 347 ferunt,
1139 317 1306 351 octuaginta.
1343 319 1432 347 Porro
1466 320 1492 348 hi
1526 322 1570 356 qui
1600 323 1779 354 Orientalium

998 365 1076 387 erant
1093 363 1308 396 provinciarum,
1324 365 1514 401 Chrysopolim
1529 375 1665 398 venerunt
1686 373 1780 400 dicer.-

996 408 1037 432 tes
1051 404 1108 434 (Si
1127 407 1153 434 in
1170 408 1328 436 Trinitatem
1355 413 1495 445 credimus,
1513 419 1564 441 tres
1577 416 1657 444 etiam
1673 427 1781 447 corone-

995 458 1062 477 mus.
1081 451 1216 480 Turbatus
1228 462 1292 489 ergo
1311 461 1350 482 cst
1368 456 1565 487 Constantinus
1577 468 1608 488 eo
1623 463 1695 496 quod
1723 465 1780 498 ipse

994 496 1070 523 solus
1088 497 1232 526 redimitus
1248 505 1337 534 esset;
1354 501 1452 531 fratres
1477 511 1567 532 autem
1591 507 1650 541 ejus
1677 510 1778 538 nullam

992 540 1154 575 dignitatem
1179 543 1326 572 habebant.
1345 546 1377 573 Et
1400 549 1483 576 tnisso
1500 540 1644 580 Theodoro
1663 556 1779 588 patricio

990 586 1112 615 Colonire
1141 589 1275 624 mitigavit
1298 600 1356 624 eos,
1383 595 1582 628 snperlandans
1600 599 1670 632 illos,
1693 606 1719 628 ct
1735 609 1779 629 as-

989 633 1104 666 sumptis
1127 641 1161 661 ex
1176 635 1216 662 eis
1229 636 1378 670 majoribus
1397 645 1472 671 natu,
1492 644 1522 667 ut
1538 642 1632 670 urbem
1652 644 1778 679 ingrede-

990 680 1088 703 rentur
1101 682 1127 705 et
1148 686 1209 706 cum
1231 686 1328 708 senatu
1356 683 1455 711 inirent
1476 687 1634 720 consilium,
1656 694 1685 716 ut
1701 690 1777 718 ﬁeret

989 721 1118 751 voluntas
1144 732 1252 752 eorum.
1281 727 1431 762 Imperator
1453 731 1544 758 taliter
1569 732 1618 760 hos
1646 734 1776 770 deccptos

988 767 1133 795 confestim
1159 769 1185 796 in
1207 771 1329 805 patibulo
1357 775 1510 809 suspendit,
1536 781 1613 805 trans
1630 778 1729 806 fretum
1747 780 1773 807 in

988 810 1085 847 Syces.
1113 814 1147 840 At
1175 815 1212 842 illi
1240 816 1291 844 hoc
1308 819 1365 845 viso
1381 820 1487 847 confusi
1502 822 1628 850 abierunt
1649 825 1775 853 dolenter

988 857 1021 884 ad
1037 860 1148 894 propria
1164 870 1170 888 :
1188 862 1339 897 imperator
1355 871 1445 893 autem
1460 867 1574 895 fratrum
1586 878 1698 898 suorum
1713 881 1775 900 con-i

984 903 1060 932 tintto
1080 913 1163 934 nasos
1183 908 1311 936 abscidit.

1026 949 1106 979 Anno
1134 953 1240 988 imperii
1265 956 1436 985 Constantini
1467 961 1588 988 secundo
1623 966 1779 998 tempestas.

984 1002 1082 1031 magna
1096 997 1193 1026 electa
1206 1005 1258 1034 est,
1276 1007 1304 1027 ct
1322 1004 1400 1029 mttlti
1415 1005 1558 1038 periclitati
1576 1012 1640 1034 sunt
1653 997 1707 1035 tam
1721 1009 1770 1035 ho-

984 1041 1070 1069 mines
1090 1051 1171 1078 qnam
1190 1044 1292 1073 bestias.
1309 1046 1442 1077 Phadalas
1456 1055 1546 1078 autem
1566 1051 1682 1081 hiemem
1699 1055 1769 1089 apud

982 1086 1110 1121 Cyzicum
1131 1089 1205 1117 fecit.

1017 1132 1096 1159 Anno
1113 1133 1220 1168 imperii
1236 1135 1409 1166 Constantini
1426 1141 1507 1168 tertio
1527 1142 1617 1170 Busur
1635 1151 1697 1171 cum
1718 1145 1769 1173 ho-

981 1176 1036 1203 stili
1056 1178 1195 1212 profcctus
1218 1185 1261 1208 est
1287 1189 1429 1218 apparatu,
1458 1191 1485 1213 et
1509 1187 1636 1221 plurimis
1653 1191 1768 1225 captivis

980 1222 1072 1250 ductis
1088 1231 1213 1253 reversus
1227 1231 1280 1254 est.

1015 1267 1108 1296 Mundi
1139 1277 1211 1298 anno
1241 1273 1323 1306 6164,
1341 1275 1439 1304 divinae
1466 1277 1665 1309 incarnationis
1694 1289 1771 1310 anno.

979 1312 1041 1345 664,
1061 1321 1134 1343 anno
1150 1324 1213 1343 vero
1226 1318 1335 1353 imperii
1357 1320 1531 1351 Constantini
1560 1331 1657 1360 quarto
1681 1335 1766 1362 appa-

980 1359 1035 1385 ruit
1054 1359 1105 1386 lris
1118 1361 1144 1387 in
1170 1363 1241 1390 cwlo
1263 1372 1356 1393 mense
1373 1365 1481 1401 Martio,
1499 1374 1526 1397 et
1542 1359 1654 1398 tremuit
1675 1374 1764 1401 onmis

978 1410 1055 1436 caro,
1082 1405 1118 1431 ita
1150 1411 1182 1433 ut
1209 1408 1333 1436 dicerent
1358 1419 1454 1440 omnes
1476 1415 1546 1448 quod
1564 1419 1763 1445 consummatio

976 1452 1029 1476 est.
1046 1449 1145 1477 Eodem
1157 1459 1229 1480 anno
1245 1455 1317 1482 stolo
1329 1464 1428 1491 magno
1442 1463 1601 1487 constructo
1618 1465 1762 1496 negatores

976 1492 1079 1521 Christi
1094 1494 1220 1525 Muamed
1246 1504 1274 1526 et
1301 1499 1400 1529 Caisus
1424 1503 1622 1538 navigaverunt
1645 1492 1671 1532 in
1695 1506 1767 1542 CiIi-l

975 1538 1056 1573 ciam,
1070 1544 1097 1567 et
1112 1541 1301 1571 hiemaverunt
1323 1554 1406 1581 penes
1424 1548 1716 1584 Stnyrnam,Ciliciam
1734 1556 1776 1583 et:

975 1583 1097 1619 Lyciam,
1114 1592 1141 1614 et
1159 1588 1229 1616 facta
1244 1595 1286 1618 est
1304 1593 1458 1621 mortalitas
1473 1595 1501 1622 in
1515 1583 1644 1632 Egypto.
1657 1597 1758 1628 Missus

976 1635 1064 1658 autem
1082 1637 1124 1660 est
1141 1641 1229 1663 saevus
1243 1636 1363 1665 amireus
1378 1646 1440 1667 eum
1455 1641 1508 1668 alio
1524 1649 1632 1677 qttoqne
1646 1645 1716 1672 stolo
1730 1646 1768 1678 in_

973 1676 1104 1704 auxilium
1115 1679 1248 1714 ipsorum,
1257 1686 1352 1717 utpote
1359 1688 1624 1720 congruentissimus
1634 1693 1660 1716 et
1668 1691 1756 1717 audax

973 1722 1007 1749 ad
1034 1725 1167 1758 praelium.
1182 1727 1218 1753 At
1232 1728 1299 1755 ve'ro
1314 1730 1447 1764 {praelatus
1468 1731 1668 1761 Constantinus
1678 1755 1685 1767 ,
1704 1735 1758 1762 hu-

970 1767 1089 1801 jttsmodi
1106 1770 1189 1798 Deum
1216 1773 1433 1810 impngnanlinm
1457 1777 1589 1805 adversus
1614 1778 1771 1809 Constan—,

972 1813 1115 1848 tinopolim
1131 1821 1204 1844 tnotu
1231 1824 1385 1853 comperto,
1401 1823 1558 1850 construxit
1578 1827 1604 1850 et
1622 1824 1680 1858 ipse
1697 1826 1754 1853 bie-

971 1866 1014 1886 res
1040 1861 1118 1888 mira:
1149 1864 1359 1898 magnitudinis,
1387 1867 1475 1903 ignem
1503 1868 1641 1902 ferentes,
1672 1875 1754 1907 atque

970 1904 1126 1933 dromones.

1004 1951 1083 1979 Anno
1122 1953 1227 1988 imperii
1269 1956 1445 1987 Constantini
1477 1961 1574 1996 quinto
1603 1965 1751 1999 praedictus

969 1995 1054 2023 Deum
1071 1997 1289 2034 impngnantium
1306 2004 1393 2031 stolus
1410 1995 1561 2036 ascendens
1575 1995 1707 2047 applicuit
1724 2012 1750 2039 in

967 2041 1172 2073 Thracensibus
1205 2048 1329 2081 partibus
1349 2071 1356 2081 ,
1392 2058 1406 2077 a
1429 2054 1587 2082 summitate
1612 2041 1750 2089 ‘videlicct

968 2088 1092 2124 Septimi,
1112 2099 1172 2127 quae
1186 2095 1272 2130 vergit
1287 2096 1319 2123 ad
1331 2097 1511 2132 occidentem,
1526 2100 1552 2128 id
1566 2107 1618 2134 est,
1639 2110 1653 2130 a
1669 2104 1763 2137 domo

966 2142 1028 2169 qua).
1047 2135 1195 2171 Magnaura
1209 2138 1320 2174 dicitur,
1340 2145 1366 2168 et
1382 2150 1479 2172 rttrsus
1494 2153 1581 2181 usque
1603 2148 1636 2174 ad
1661 2156 1750 2177 arcent

966 2188 1047 2215 quam
1061 2182 1337 2218 Cyclobiumdicunt,
1351 2196 1467 2224 qumque
1485 2197 1590 2226 spectat
1606 2193 1638 2220 ad
1654 2193 1751 2223 Orien-

965 2231 1032 2255 tem.
1060 2227 1110 2255 Per
1143 2233 1228 2257 totum
1258 2232 1350 2267 itaque
1381 2234 1452 2262 diem
1493 2240 1652 2274 congressio
1687 2243 1748 2269 belli

126 2258 206 2286 ticem
221 2263 406 2297 imperatoris,
420 2271 447 2293 et
462 2268 593 2302 protinus.
602 2271 680 2305 fugit.
697 2273 745 2301 Ast
763 2275 912 2310 imperator
927 2266 934 2294 1

127 2311 186 2318 ,......
206 2307 326 2318 .__..-_.
392 2312 398 2317 .
441 2312 446 2318 .
475 2313 481 2318 .
581 2316 587 2318 Α
627 2317 631 2318 ,

1301 2258 1313 2267 ,Ι
1328 2258 1347 2261 ν-
1383 2258 1452 2262 ...ιν-.-
1494 2258 1571 2274 musco-
1580 2258 1652 2268 una“)
1688 2258 1748 2269 IICIII

976 2273 1118 2307 enebatnr,
1135 2275 1162 2301 id
1175 2281 1218 2303 est
1238 2284 1253 2302 a
1283 2285 1362 2305 mane
1388 2287 1475 2314 usque
1500 2283 1532 2309 ad
1563 2291 1715 2318 vesperam,
1734 2295 1749 2314 a

126 2311 187 2332 eum
206 2307 365 2336 tardaretur
391 2312 417 2338 in
439 2312 537 2342 balneo
552 2335 559 2346 ,
581 2316 707 2347 ittsiliuttt
735 2320 762 2347 hi
781 2323 825 2356 qui
844 2322 909 2351 foris

125 2355 223 2383 erant,
249 2356 276 2379 et
303 2355 444 2389 reperiunt
472 2358 665 2392 imperatorem
686 2355 821 2393 occisum.
850 2368 909 2400 Quo

124 2396 231 2430 sepulto
244 2397 355 2426 Milium
378 2402 522 2433 quemdam
537 2404 697 2434 Armeniutn
717 2409 906 2443 imperatorem

125 2440 260 2477 fecerunt,
286 2446 312 2472 vi
333 2451 461 2481 cogentes
484 2448 558 2476 hunc
574 2458 582 2478 :
596 2455 656 2478 erat
672 2454 744 2480 cnitn
764 2456 842 2482 valde
858 2458 907 2483 dc-

123 2494 203 2516 corus
219 2494 247 2517 et
265 2492 419 2525 speciosus.
431 2494 532 2522 Audito
553 2501 685 2530 praeterea
705 2498 905 2530 Constantinus

125 2536 209 2564 patris
226 2537 304 2564 obitu
321 2545 384 2565 cum
407 2540 493 2567 multo
510 2542 620 2577 navigio
635 2544 662 2570 in
681 2544 802 2573 Siciliam
822 2549 904 2582 venit,

122 2581 149 2603 rt
167 2587 315 2615 aggressus
331 2582 440 2611 Miziunt
458 2585 529 2614 hunc
547 2587 683 2616 interfecit
696 2598 758 2617 cum
780 2593 905 2620 occciso—

123 2623 197 2652 Tibus
210 2627 297 2661 patris
317 2629 371 2662 sui,
388 2634 415 2657 et
434 2632 568 2661 ordinatis
590 2633 729 2670 Hesperiis
745 2636 904 2666 Constanti-

123 2672 239 2703 nopolim
255 2674 345 2708 rediit,
366 2680 393 2703 et
418 2677 551 2707 Romanis
573 2688 629 2708 una
653 2689 714 2709 cum
743 2682 853 2712 Tiberio
877 2690 905 2713 et
926 2704 927 2707 η

121 2713 245 2746 Heraclio
260 2719 393 2749 fratribus
408 2723 533 2758 imperat.

154 2761 232 2791 Anno
250 2765 339 2799 primo
365 2767 471 2803 imperii
494 2770 666 2800 Constantini
692 2774 786 2802 decem
811 2781 839 2804 et
862 2786 902 2806 se-

122 2811 192 2838 ptem
206 2810 287 2838 annis
301 2812 463 2846 imperantis
478 2822 622 2844 moverunt
644 2819 772 2848 Saraceni
797 2824 901 2850 exerci-

963 2317 1119 2346 Brachialio
1136 2327 1225 2347 aurea:
1249 2327 1333 2356 portae
1356 2331 1443 2359 usque
1464 2326 1497 2352 ad
1518 2327 1687 2363 Cyclobium,
1707 2332 1748 2358 in-

963 2363 1050 2390 vicem
1077 2370 1191 2399 utraque
1218 2371 1296 2400 parte
1325 2376 1398 2396 nunc
1425 2370 1540 2405 impttlsa
1562 2381 1634 2401 nttnc
1653 2376 1761 2411 impel—.

962 2407 1044 2434 lente.
1074 2409 1102 2434 In
1129 2409 1172 2435 his
1201 2409 1285 2444 igitur
1305 2410 1459 2446 deguernnt
1486 2415 1521 2443 ab
1546 2416 1632 2452 Aprili
1655 2407 1747 2449 mense

961 2461 1049 2486 usque
1077 2454 1110 2480 ad
1137 2454 1351 2490 Septembrium,
1365 2461 1393 2485 et
1414 2461 1515 2487 reversi
1538 2462 1666 2498 Cyzicum
1686 2473 1757 2504 per-.

960 2504 1038 2533 gunt,
1055 2504 1082 2527 et
1100 2500 1152 2528 hac
1166 2503 1366 2537 comprehensa
1385 2505 1441 2534 illic
1454 2507 1620 2543 hiemabant,
1630 2517 1656 2538 et
1670 2502 1758 2547 omni;

959 2553 1022 2572 vere
1038 2546 1189 2575 ascendens
1203 2548 1330 2576 similiter
1346 2558 1394 2584 per
1414 2560 1488 2581 mare
1505 2556 1661 2584 conﬂictum
1679 2566 1740 2586 cum

958 2592 1123 2620 Christianis
1150 2593 1278 2621 habebat.
1305 2594 1358 2623 Per
1387 2602 1489 2633 septem
1506 2608 1571 2628 sane
1596 2610 1681 2632 annos
1699 2605 1741 2632 Itis

957 2639 1059 2666 eisdem
1087 2640 1183 2674 gestis,
1207 2645 1234 2668 et
1265 2641 1357 2670 divina
1387 2643 1488 2679 Deique
1513 2646 1660 2677 Genitricis
1691 2658 1741 2685 ope

957 2685 1132 2713 multitudine
1148 2686 1271 2714 virorum
1296 2687 1491 2718 bellicosorum
1506 2694 1619 2727 amissa,
1634 2700 1660 2722 et
1681 2697 1741 2722 vul-

958 2733 1100 2760 neratione
1125 2733 1243 2760 maxima
1271 2734 1357 2762 in‘eis
1378 2736 1488 2770 effecta,
1504 2740 1612 2768 confusi
1637 2743 1739 2769 reversi

956 2783 1020 2806 sunt
1035 2787 1095 2806 cum
1110 2779 1212 2815 ingenti
1229 2781 1368 2808 mmstitia.
1381 2782 1448 2810 Cutn
1460 2790 1550 2813 autem
1566 2787 1741 2815 discessisset

955 2825 1025 2852 idem
1041 2825 1239 2861 demergcndus
1264 2832 1279 2850 a
1298 2825 1350 2854 Deo
1366 2830 1462 2862 stolus,
1480 2831 1513 2857 ah
1537 2831 1644 2858 hiemali
1670 2838 1738 2861 :estu

863 2879 979 2909 NOTAE.

863 2881 979 2909 ΝΟΤΔΕ.

153 2910 207 2945 (66)
228 2912 345 2949 Saponis
372 2916 479 2950 Gallici,
497 2927 550 2954 quo
567 2921 715 2950 utebantur
731 2923 757 2951 in
780 2924 896 2960 balneis,
919 2928 1042 2957 meminit
1061 2929 1259 2961 Thcomncstns
1283 2932 1417 2967 Hippialr-
1443 2941 1461 2967 1,
1481 2934 1526 2962 2οι
1546 2934 1628 2964 FUR-
