2052 3153
260 195 328 229 1331

748 219 756 225 .
788 192 989 224 ANASTASII
1008 192 1324 224 BIBLIOTHECARII

1819 192 1889 226 1332

260 259 287 280 et
303 253 401 288 spirittt
424 251 605 287 procellarum
634 251 708 278 circa
735 253 830 285 partes
859 248 950 285 Sylltci
969 255 1045 275 com—
1060 249 1083 277 Α
1097 255 1192 276 mosus
1203 249 1245 276 vir
1260 248 1293 275 ad
1309 249 1500 283 imperatorem
1521 255 1584 275 cum
1601 247 1764 275 muneribus
1775 255 1887 283 quoque

260 299 450 334 prehenditur,
468 302 495 326 et
515 298 650 326 contritus
667 301 742 324 totus
765 295 930 324 omnimodis
955 294 1044 330 periit.

263 345 398 380 Suphiam
427 343 521 371 autetn~
550 343 621 371 ﬁlius
648 342 758 377 Hauplt,
784 341 923 370 secundus
949 341 1045 372 frater,

260 391 400 419 commisit
417 390 516 418 bellum
533 397 595 417 cum
607 389 688 416 Floro
702 393 728 415 et
741 387 857 416 Petrona
869 392 896 415 et
911 387 1047 422 Cypriatto

261 436 428 464 habentibus
463 436 593 463 virtutem
623 434 803 467 Bomaicam,
827 439 855 461 et
881 433 1047 460 occiduntur

260 481 380 508 Arabum
402 480 512 515 triginta
541 479 637 506 millia.
669 478 746 505 Tunc
776 477 926 505 Callinicus
955 477 1047 504 archi-

261 531 351 554 tectus
374 526 408 553 ab
425 525 558 560 llcliopoli
582 525 668 561 Syria:
697 524 730 551 ad
756 523 895 552 Romanos
915 525 1047 558 profugus

262 573 354 606 vertit,
381 573 427 607 qtti
458 573 563 599 marino
592 572 653 606 igne
676 570 802 598 confecto
835 578 899 598 vasa
925 570 1047 597 Arabum

263 618 369 646 exussit
381 623 408 646 et
423 626 476 645 tttta
491 625 552 645 cum
566 617 709 645 animabus
727 624 841 652 prorsus
857 617 989 644 incendit.
1010 616 1048 643 Ita

263 664 379 692 Romani
395 671 458 691 cum
479 664 618 698 triumpho
641 664 743 691 reversi
772 666 855 695 sunt,
883 662 945 698 igne
970 662 1048 689 adin-

264 714 346 737 vento
366 710 484 738 marino.

296 754 389 782 Mundi
421 762 494 782 anno
523 754 718 787 6l66,divinaa
744 753 948 782 incarnationis
977 760 1049 780 anno

262 800 323 833 666.
342 808 415 829 anno
439 809 504 829 vero
536 801 642 836 imperii
670 801 844 829 Constantini
874 805 953 829 sexto
976 800 1050 827 Con-

263 845 399 873 stantinus
427 845 561 878 habetur,
591 846 637 880 qui
667 845 981 881 Constantinopolitanae
1003 852 1051 880 per

263 892 333 918 duos
344 899 431 918 annos
445 891 573 919 Ecclesiae
586 891 636 919 fuit
650 892 780 924 antistes;
790 891 966 926 Abdelasque
980 890 1052 920 ﬁlius

1098 294 1194 322 multis
1210 301 1338 323 reversus
1353 299 1406 322 est.
1421 293 1489 322 Cum
1502 297 1593 321 autem
1609 293 1666 321 haec
1679 293 1848 321 didicissent
1859 295 1887 320 hi

1098 341 1144 376 qui
1159 340 1306 375 Hesperias
1319 344 1412 376 partes
1427 339 1594 370 inhabitant.
1605 343 1661 366 tattt
1678 339 1804 367 videlicet
1818 340 1887 366 cha-

1098 392 1186 419 ganus
1200 385 1320 412 Avarum
1340 389 1368 412 et
1379 385 1525 412 ulteriores
1543 392 1620 419 reges
1634 392 1717 419 quam
1734 384 1846 412 exarclti
1860 389 1888 411 et

1097 429 1225 462 castaldi,
1244 437 1294 457 nec
1313 437 1366 457 non
1382 433 1409 457 et
1425 429 1563 464 principes
1577 430 1719 456 nationum
1737 429 1769 456 ad
1787 429 1887 457 Orien-

1099 480 1152 503 tem
1174 477 1301 507 sitarum,
1331 483 1379 510 per
1409 476 1514 510 legatos
1540 475 1701 502 muneribus
1730 475 1889 509 imperatori

1103 522 1274 549 transmissis
1291 521 1433 557 paciﬁcum
1456 528 1519 555 erga
1553 529 1583 549 se
1606 521 1781 548 dilectionem
1801 528 1889 556 popo-

1100 575 1176 596 Scere
1192 568 1365 596 firmandam.
1378 568 1510 596 Aunuens
1525 568 1616 603 itaque
1628 568 1778 602 imperator
1793 573 1887 602 postu-

1100 614 1251 642 iationibus
1277 622 1395 646 eorum,
1413 614 1588 642 conﬁrmavit
1611 616 1693 641 etiam
1719 615 1790 640 circa
1823 613 1888 640 illos

1102 661 1274 688 donatoriam
1295 668 1407 696 pacem;
1425 664 1452 688 et
1467 660 1539 687 iacta
1562 664 1606 687 est
1629 660 1765 687 securitas
1788 667 1887 694 magna

1101 706 1129 733 in
1145 707 1272 739 Oriente,
1295 714 1346 734 ne".
1363 714 1418 734 non
1435 706 1462 733 in
1485 705 1645 733 Occidente.

1137 752 1217 780 Anno
1245 752 1350 787 imperii
1379 751 1554 780 Constantini
1590 751 1698 778 decimo
1733 750 1824 778 factus
1846 756 1891 777 est

1100 802 1183 825 terrae
1205 803 1296 826 motus
1317 805 1432 832 magnus
1446 805 1494 833 per
1510 797 1746 832 Mesopotamiam,
1763 805 1818 832 quo
1835 797 1892 824 ruit

1102 843 1267 872 Hedcssenze
1293 851 1427 871 ascensus
1455 847 1482 870 et
1503 843 1603 870 trullus
1616 842 1758 874 ecclesiae;
1775 847 1802 869 et
1823 851 1892 869 con-

1104 890 1206 917 struxit
1226 897 1286 917 eam
1311 889 1436 917 Matthiae
1453 889 1546 916 studio
1568 888 1802 916 Christianorum.

267 936 340 963 Caisi
355 941 381 964 et
394 936 527 964 Pluadalas
544 937 633 964 hiente
649 937 719 972 apud
739 937 846 964 Cretam
861 937 957 964 morati
976 940 1050 964 sunt.
1068 927 1089 956 Β
1139 935 1218 962 Auno
1234 935 1342 969 imperii
1354 934 1530 962 Constantini
1548 934 1693 962 undecittto
1706 938 1833 961 mortuus
1849 939 1892 961 est

303 981 385 1009 Anno
402 982 508 1016 imperii
536 981 710 1009 Constantini
734 982 851 1016 septimo
870 981 998 1017 apparuit
1013 982 1051 1009 si-

263 1035 347 1063 gnum
367 1028 393 1053 in
413 1027 484 1054 (-tclo
505 1026 550 1054 die
566 1026 698 1054 Sabbalo.

300 1073 381 1099 Anno
413 1072 522 1106 imperii
550 1072 726 1099 Constantini
759 1076 857 1100 octavo
889 1072 1053 1100 Theodorus

263 1117 581 1152 Constantinopolitanus
597 1118 713 1145 habetur
726 1119 852 1151 antistes,
874 1120 920 1154 qui
943 1120 1052 1147 duobus

264 1162 344 1189 annis
355 1161 487 1189 Ecclesiae
500 1162 616 1197 praefuit.
631 1163 691 1196 Quo
704 1170 777 1190 anno
791 1163 861 1190 facta
881 1168 923 1191 est
944 1164 1050 1191 locusta

265 1214 364 1241 magna
380 1215 427 1242 per
442 1207 547 1243 Syriam
564 1211 590 1235 et
605 1209 841 1243 Mesopotamiam.

301 1254 382 1279 Anno
413 1253 519 1288 imperii
556 1253 730 1281 Constantini
752 1263 824 1282 nono
853 1255 967 1290 ingressi
989 1259 1053 1283 sunt

265 1297 404 1325 Mardaitae
419 1297 564 1330 Libanum,
590 1303 616 1326 et
633 1303 782 1327 tenuerunt
807 1307 822 1326 a
840 1299 934 1328 Mauro
961 1305 1054 1328 monte

266 1349 354 1375 usque
369 1342 402 1369 ad
418 1346 541 1369 sanctam
558 1344 704 1376 civitatem,
718 1349 745 1371 et
760 1349 892 1379 ceperunt
909 1345 1053 1372 cacumina

267 1385 375 1420 Lihani,
391 1392 418 1414 et
433 1387 508 1414 tnttlti
524 1388 595 1415 servi
607 1392 634 1415 et
644 1389 743 1423 captivi
761 1390 864 1424 pariter
876 1394 904 1418 et
919 1390 1054 1425 indigena:

265 1433 450 1468 confugerunt
466 1435 499 1462 ad
517 1441 575 1466 eos.
594 1435 632 1462 ita
652 1439 682 1462 ut
706 1435 734 1463 in
766 1436 840 1463 brevi
870 1441 994 1471 tempore
1024 1436 1053 1464 in

266 1480 354 1507 multa
371 1480 456 1507 millia
472 1481 579 1508 ﬁerent.
598 1481 704 1514 Quibus
720 1482 873 1517 compertis.
887 1481 1011 1511 Mauhias
1027 1485 1054 1509 et

267 1524 419 1551 consiliarii
448 1524 509 1559 ejus
529 1525 682 1552 timuerunt
696 1525 786 1558 valde,
807 1525 966 1560 colligentes
982 1525 1054 1560 quod

268 1570 414 1604 imperium
448 1570 632 1598 Romanorum
660 1571 795 1599 divinitus
829 1572 993 1600 muniretur.
1021 1571 1055 1598 Et

269 1615 363 1650 dirigit
382 1615 486 1651 legatos
498 1617 531 1643 ad
548 1617 701 1652 principem
721 1616 943 1649 Constantinum,
958 1621 1055 1653 postu-

268 1661 329 1689 lans
349 1669 462 1696 pacem,
492 1667 520 1690 et
543 1662 680 1697 pollicitus
695 1663 824 1691 annualia
850 1671 880 1692 se
897 1663 1054 1698 imperatori

268 1711 348 1742 pacta
361 1707 493 1735 laturum.
518 1708 568 1736 Ast
583 1708 734 1744 imperator
755 1709 943 1744 hujuscemodi
960 1709 1056 1744 legatis

268 1753 417 1788 susceptis,
433 1760 584 1787 eorumque
604 1753 735 1787 petitione
764 1755 878 1788 audita,
906 1755 1055 1782 destinavit

268 1806 331 1825 cum
357 1799 398 1827 eis
419 1799 446 1826 in
473 1799 581 1834 Syriam
610 1799 744 1827 Joannem
766 1801 925 1835 patricium,
952 1807 1056 1836 cognov

270 1847 363 1871 mento
380 1842 566 1879 Pitzigaudin,
582 1849 712 1880 tanquam
733 1846 852 1881 antiqua!
866 1847 1000 1881 prcsapiaa
1016 1846 1054 1873 rei

270 1889 386 1924 publica:
401 1891 490 1918 virum
504 1895 532 1919 et
545 1892 715 1926 negotiorum
733 1893 881 1920 multorum
901 1897 1055 1928 expertum,

270 1941 353 1971 atque
372 1944 498 1972 magnam
514 1942 694 1966 consecutum
716 1939 891 1974 prudentiam
915 1940 948 1967 ad
963 1939 1057 1974 dispu-

270 1981 383 2008 tandum
412 1983 555 2017 aptissime
574 1991 637 2010 cum
663 1983 813 2017 Arabibus,
839 1989 866 2012 et
891 1991 952 2019 qua:
980 1986 1058 2020 pacis

272 2032 337 2055 sunt
354 2035 484 2056 consona:
496 2030 726 2063 praestruendum.
744 2030 796 2064 Qui
817 2039 879 2058 cum
895 2031 1016 2059 venisset
1029 2031 1056 2058 in

271 2073 389 2109 Syriam,
406 2076 614 2105 coacervatione
640 2075 765 2104 Mauhias
795 2081 849 2104 tam
878 2077 1057 2104 Amiraeorutn

270 2126 353 2161 quam
370 2119 565 2148 Corasinorum
588 2121 684 2150 eﬂ‘ecta
708 2123 831 2157 suscepit
844 2130 907 2150 eum
928 2130 988 2150 cttm
1006 2123 1058 2151 ho—

271 2172 339 2192 nore
354 2172 465 2200 magno.
482 2165 576 2194 Multis
594 2174 660 2202 ergo
683 2167 756 2195 inter
767 2175 815 2195 eos
828 2163 950 2203 paciﬁcis
967 2168 1057 2196 verbis

270 2209 380 2242 edictis,
397 2211 525 2238 convenit
543 2212 613 2240 inter
638 2216 771 2248 utrosque
799 2213 827 2240 in
855 2213 969 2248 scriptis
996 2213 1055 2241 ﬁeri

270 2255 347 2289 pacis
375 2263 437 2283 cum
463 2257 648 2292 jurejurando
675 2266 831 2286 sermonem
856 2267 939 2294 super
955 2267 1056 2288 conso-

270 2303 365 2329 nantia
396 2303 480 2331 annui
508 2305 593 2339 pacti,
613 2305 751 2340 praebendi
770 2305 897 2334 videlicet
926 2305 1058 2334 Romamn

269 2349 310 2376 rei
332 2349 450 2384 publicae
464 2349 500 2377 ab
515 2350 650 2386 Agarenis
665 2352 724 2379 auri
743 2352 874 2380 librarum
894 2353 946 2380 tria
962 2353 1056 2386 millia,

269 2394 345 2422 viros
360 2394 484 2429 captivos
495 2395 704 2432 quinquaginta.
720 2401 748 2425 et
761 2404 847 2432 equos
860 2397 964 2425 nobiles
979 2398 1059 2433 quin—

272 2439 415 2475 quaginta.
433 2440 482 2469 His
496 2449 529 2470 ex
546 2443 685 2470 communi
703 2443 805 2478 placito
827 2444 899 2471 inter
913 2448 1059 2479 utramque

270 2490 377 2520 partem
402 2487 539 2520 ﬁrmatis,
567 2493 594 2516 et
620 2488 647 2516 in
674 2489 784 2525 triginta
809 2491 890 2518 annis
914 2490 1060 2518 servandis

271 2537 368 2559 mutuo
388 2533 576 2568 repromissis,
599 2533 768 2569 amplissima
794 2542 846 2569 pax
867 2535 940 2563 inter
959 2534 1060 2562 Roma-

271 2585 323 2605 nos
342 2581 369 2605 et
378 2578 482 2607 Arabes
499 2583 542 2607 cst
556 2580 671 2613 effecta;
689 2580 783 2615 sicque
801 2581 974 2614 generalibus
988 2580 1057 2608 dno‘

271 2622 325 2650 bus
351 2623 492 2659 inscriptis
516 2625 607 2653 verbis
638 2627 671 2652 ad
683 2626 857 2660 [alterutrum
873 2634 935 2654 eum
951 2627 1056 2662 jureju-

273 2668 361 2696 rando
376 2669 492 2703 patratis
506 2674 533 2697 et
547 2671 664 2698 invicem
686 2671 807 2704 traditis,
825 2679 896 2706 saepe
910 2672 1002 2699 dictus
1018 2672 1057 2699 fa-

1102 981 1227 1008 lllaultias
1260 981 1459 1008 Saracenorum
1486 979 1729 1015 protosymbolus,
1756 980 1804 1014 qui
1838 980 1892 1007 fuit

1103 1032 1206 1064 praetor
1223 1027 1304 1055 annis
1318 1027 1354 1054 20
1368 1031 1395 1054 et
1410 1027 1504 1053 amira:
1520 1026 1630 1053 functus
1641 1025 1731 1052 olIicio
1747 1025 1826 1052 annis
1838 1025 1891 1056 2t;

1102 1078 1130 1102 et
1147 1073 1296 1108 principari
1319 1073 1405 1108 ctrpit
1428 1072 1506 1099 Hirid
1529 1071 1601 1099 illius
1621 1071 1691 1107 ejus.
1707 1071 1765 1099 lloc
1782 1077 1893 1106 quoque

1103 1127 1176 1147 anno
1192 1118 1340 1154 Vulgarum
1356 1126 1424 1154 gens
1438 1117 1595 1152 supervenit
1614 1117 1641 1143 in
1663 1116 1819 1143 Thraciam.
1838 1115 1893 1143 Ve-

1104 1174 1165 1194 rum
1187 1166 1259 1193 inter
1279 1165 1337 1193 haec
1366 1164 1552 1192 necessarium
1572 1168 1614 1191 est
1640 1163 1732 1191 dicere
1760 1163 1794 1191 de
1819 1163 1894 1190 anti-

1104 1212 1208 1247 quitate
1223 1218 1332 1246 quoque
1348 1209 1625 1245 Onogundurensium
1650 1209 1752 1244 Vulgar
1768 1214 1794 1236 et
1811 1209 1888 1237 Con-

1104 1264 1173 1290 trag.
1191 1256 1218 1283 In
1236 1255 1499 1291 septentrionalibus
1519 1262 1638 1290 namque
1651 1254 1774 1289 partibus
1788 1254 1892 1282 Euxini

1103 1303 1197 1334 Ponti,
1213 1310 1274 1337 quae
1294 1301 1425 1329 meabiles
1442 1305 1519 1333 sunt,
1548 1301 1576 1328 in
1603 1301 1748 1335 paludibus
1763 1308 1825 1335 qua:
1848 1301 1895 1327 dl-

1105 1354 1205 1377 cuntur
1219 1348 1368 1378 Maeotides.
1386 1348 1413 1375 in
1435 1354 1505 1382 quas
1520 1346 1646 1374 videlicet
1662 1347 1820 1374 immittitur
1839 1345 1895 1374 ﬁu-

1105 1394 1167 1421 vius
1183 1393 1319 1421 maximus
1335 1393 1367 1420 ab
1383 1393 1491 1421 Oceano
1519 1400 1567 1428 per
1581 1391 1770 1419 Sarmatarum
1790 1397 1892 1419 terram

1104 1439 1244 1474 delap6us,
1268 1439 1379 1466 nomine
1405 1439 1476 1471 Atel,
1493 1437 1595 1466 Tanais
1624 1439 1713 1467 amnis
1738 1443 1766 1466 et
1785 1438 1844 1473 ipse
1859 1438 1896 1465 ab

1105 1485 1243 1513 Hibericis
1258 1485 1344 1520 portis
1363 1485 1470 1518 exiens,
1495 1492 1557 1519 quas
1581 1485 1609 1512 in
1626 1484 1775 1512 Caucaseis
1790 1483 1895 1511 monti-

1105 1529 1157 1558 bus
1169 1537 1230 1558 esse
1249 1530 1384 1562 feruntur,
1401 1529 1428 1556 in
1445 1529 1570 1557 eumdetn
1585 1530 1645 1557 Atei
1660 1528 1747 1556 fluens
1764 1528 1894 1555 infertur.

1105 1575 1129 1602 A
1155 1576 1269 1603 mistura
1293 1583 1357 1603 vero
1376 1575 1509 1602 Tauaidis
1524 1575 1560 1609 {et
1582 1575 1654 1608 Atel,
1679 1582 1740 1610 quae
1764 1575 1792 1601 fit
1808 1581 1894 1609 supra

1104 1621 1160 1656 jam
1177 1621 1267 1649 dictas
1282 1620 1422 1648 Matotides
1442 1621 1567 1656 paludes,
1584 1621 1649 1648 dum
1669 1621 1807 1649 scinditur
1819 1619 1894 1653 Atei,

1106 1667 1183 1695 venit
1211 1667 1235 1695 is
1258 1667 1306 1702 qui
1335 1667 1437 1694 dicitur
1452 1667 1570 1694 Cucheis
1585 1666 1687 1694 fluvius
1706 1666 1735 1694 in
1751 1665 1897 1693 Mareotides

1107 1712 1232 1748 paludes,
1246 1716 1272 1740 et
1290 1712 1360 1739 redit
1381 1712 1408 1739 in
1425 1712 1572 1739 terminum
1591 1711 1695 1739 Pontici
1711 1712 1797 1739 maris
1815 1711 1898 1745 juxta

1107 1756 1259 1792 Necropyla
1275 1756 1302 1783 iu
1319 1763 1440 1787 acroma,
1465 1755 1540 1790 quod
1561 1755 1664 1784 dicitur
1678 1755 1772 1783 arietis
1798 1755 1896 1782 facies.

1107 1803 1130 1830 A
1144 1802 1317 1837 praesignalis
1339 1809 1405 1829 vero
1421 1801 1566 1836 paludibus
1581 1802 1672 1830 sitnile
1695 1801 1802 1829 ﬂumini
1820 1808 1898 1829 mare

1107 1852 1159 1881 est,
1185 1853 1212 1875 et
1237 1847 1325 1875 fertur
1349 1847 1376 1874 in
1400 1847 1499 1874 Euxini
1519 1847 1596 1875 Ponti
1621 1855 1696 1875 mare
1725 1855 1774 1882 per
1793 1853 1897 1874 terram

1108 1892 1239 1927 Bosphori
1253 1891 1404 1925 Cimmerii,
1419 1900 1451 1919 ex
1463 1900 1519 1927 quo
1534 1891 1648 1920 ﬂumine
1660 1893 1768 1927 capitur
1780 1893 1805 1920 id
1821 1891 1897 1926 quod

1109 1939 1210 1967 dicitur
1237 1939 1373 1966 Murzulin
1401 1943 1428 1966 et
1453 1938 1520 1966 huic
1546 1938 1658 1970 similia,
1674 1938 1749 1966 etin
1772 1938 1898 1972 partibus

1108 1983 1219 2018 quidem
1237 1982 1421 2018 adjacentium
1455 1982 1583 2018 paludutn
1600 2002 1609 2015 ,
1634 1990 1695 2018 quae
1713 1986 1839 2016 spectant
1862 1981 1898 2009 ad

1108 2029 1247 2057 Orientem
1265 2036 1355 2064 usque
1378 2029 1412 2056 ad
1434 2028 1601 2056 Phanoriam
1620 2036 1669 2056 seu
1688 2028 1828 2060 Hebraeos,
1847 2028 1896 2063 qui

1111 2075 1211 2102 ibidem
1228 2079 1302 2106 sunt,
1328 2075 1453 2110 plurima:
1468 2075 1594 2102 nationes
1610 2075 1777 2102 consistunt.
1789 2074 1831 2101 Ab
1843 2075 1901 2102 eis.

1110 2121 1171 2148 dem
1187 2125 1277 2148 autem
1291 2120 1438 2156 paludibus
1459 2128 1547 2155 usque
1564 2120 1592 2148 itt
1610 2127 1718 2148 amnem
1734 2119 1779 2154 qui
1795 2119 1901 2146 dicitur

1109 2164 1222 2200 Cuphis.
1253 2165 1299 2192 ubi
1331 2165 1428 2193 Xistus
1458 2165 1587 2199 capitur,
1608 2165 1654 2200 qui
1682 2169 1726 2192 est
1753 2164 1900 2199 Vulgarius

1108 2211 1194 2246 piscis
1212 2210 1279 2245 (67),
1295 2211 1449 2245 antiquitus
1471 2210 1600 2246 Vulgaria
1619 2216 1661 2238 est
1683 2218 1802 2244 magna,
1819 2214 1847 2237 et
1869 2210 1899 2236 lti

1074 2259 1096 2290 D
1110 2256 1157 2292 qui
1177 2256 1308 2283 dicuntur
1323 2255 1466 2290 Contragi,
1483 2255 1608 2290 ejusdem
1625 2255 1706 2289 cujus
1722 2260 1748 2282 et
1770 2254 1823 2289 ipsi
1845 2254 1900 2281 tri-

1111 2303 1164 2330 bus
1181 2302 1327 2331 exsistunt.
1343 2301 1528 2336 Temporibus
1546 2304 1636 2328 autem
1651 2300 1835 2332 Constantini,
1852 2299 1901 2334 qui

1111 2349 1139 2377 in
1157 2348 1305 2376 Occidente
1322 2348 1457 2384 regnavit,
1474 2355 1536 2374 cum
1549 2347 1684 2374 Crobatus
1699 2346 1829 2374 dominus
1843 2347 1901 2380 jam

1110 2395 1191 2422 dicta:
1208 2394 1343 2429 Vulgarite
1368 2401 1415 2420 seu
1444 2394 1647 2428 Conlragorum
1669 2393 1751 2420 vitam
1771 2399 1902 2420 commn-

1108 2445 1190 2473 taret,
1203 2447 1235 2467 ac
1252 2440 1321 2467 filios
1334 2440 1455 2475 quinque
1475 2439 1652 2473 relinqueret,
1667 2442 1784 2466 testatus
1805 2442 1850 2465 est
1867 2444 1904 2464 ne

1110 2488 1165 2515 ullo
1194 2487 1275 2514 tnodo
1304 2495 1318 2513 a
1349 2492 1442 2514 mutua
1470 2485 1675 2514 cohabitatione
1692 2489 1902 2518 separarentur,

1110 2538 1222 2568 propter
1248 2533 1320 2566 quod
1347 2532 1521 2560 universitati
1549 2531 1759 2559 dominarentur
1793 2530 1903 2565 ipsique

1111 2580 1179 2608 nulli
1206 2580 1283 2608 alteri
1309 2579 1412 2606 nationi
1438 2579 1586 2607 servirent.
1613 2578 1676 2605 Post
1701 2577 1783 2604 breve
1809 2583 1902 2604 autem

1112 2631 1220 2660 tempus
1249 2626 1348 2653 mortis
1388 2626 1462 2653 illius
1494 2625 1521 2652 in
1557 2624 1720 2652 divisionem
1757 2623 1903 2651 venientes

1112 2672 1235 2707 quinque
1251 2672 1298 2700 ﬁlii
1317 2672 1377 2707 ejus
1392 2671 1561 2699 altrinsecus
1576 2671 1631 2707 (68)
1651 2670 1817 2705 sequestrati
1837 2674 1899 2696 sunt

1026 2742 1143 2771 NOTAE.

308 2800 364 2836 (67)
381 2801 480 2840 Piscis.
507 2802 618 2840 Ὀψᾲριν
638 2811 688 2839 pro
701 2804 823 2840 ὀψάριον.
850 2803 937 2840 Hodie
956 2804 1051 2839 Φᾶριν,

270 2836 369 2873 ψλόςριον
387 2837 517 2873 γεεμψάρη
543 2836 651 2866 dicunt:
674 2836 778 2868 Auctor
801 2836 1054 2868 Graeco-Barbarus

271 2845 369 2878 ψιξριον
387 2845 427 2864 vet
440 2845 517 2898 Ϊαρη
545 2845 651 2866 dicunt.
674 2845 778 2868 Auctor
801 2845 1051 2868 Graeco-Barbarus

271 2869 342 2902 εῐοες
357 2872 400 2916 ,τξ
418 2871 438 2904 ψ
458 2881 518 2916 ριγ.⁵
538 2873 612 2916 Idem
634 2875 681 2916 ῃεὶ
709 2875 781 2916 tat-iga
800 2874 984 2916 λύβονῃέλετὲ,
1005 2875 1051 2916 χά-

272 2914 333 2932 ωιει
349 2907 422 2933 ὠσὰν
441 2908 470 2933 τὸ
485 2908 569 2942 ψὰρη.
583 2908 700 2938 Cvrillus
710 2907 868 2940 patriarcha
883 2907 936 2938 ΟΡ.
955 2907 1054 2937 omnm

1105 2804 1214 2866 {lida-aa
1232 2813 1241 2832 :
1261 2803 1305 2831 Νὰ
1318 2803 1465 2840 χωριύειή
1483 2803 1606 2831 Θάλασσα
1623 2804 1659 2840 μὶ
1672 2804 1706 2830 τὰ
1732 2803 1823 2839 ψάρια
1837 2802 1898 2836 τῆς.

1130 2847 1190 2866 ABR.
1280 2863 1285 2866 .

1130 2847 1190 2866 ABR.

1144 2863 1201 2907 (dit)
1217 2863 1393 2909 Attriumus.
1412 2873 1558 2909 Dositheus
1572 2874 1720 2909 magister:
1737 2882 1746 2899 ι
1763 2872 1887 2900 Altrinse

1111 2917 1171 2943 cus,
1189 2909 1221 2937 ad
1240 2908 1367 2937 invicem.
1386 2918 1395 2936 ι
1412 2908 1450 2937 lo.
