2052 3153
147 190 209 222 1333

552 190 738 220 HISTORIA
759 190 1051 221 ECCLESIASTICA
1069 191 1120 221 EX
1132 190 1366 220 TIIEOl’lIA‘NE

1709 189 1786 222 1331‘

144 255 194 275 una
208 254 269 275 cum
291 254 403 281 popu.o.
421 254 502 282 quem
515 248 710 282 unusquisque
728 247 851 282 ipsorum
874 255 930 273 suae
944 247 969 276 Α
983 254 1036 281 que
1066 245 1235 273 Danubium.
1261 245 1348 278 Quem
1377 248 1565 279 transeuntes,
1584 249 1610 272 ct
1635 246 1777 274 vettientes

143 294 235 322 ditioni
255 293 374 331 habebat
388 293 545 322 subactum.
560 293 592 320 Et
608 294 714 328 primus
730 293 841 328 quidem
856 294 930 320 lilius

143 340 211 375 ejus,
236 340 284 375 qui
314 341 458 368 dicebatur
487 340 628 382 Batbaias,
646 340 805 368 tnaitdatum
825 340 929 376 proprii

143 388 299 415 custodiens
323 387 411 422 patris
434 388 462 415 in
490 388 697 423 progenitorum
723 395 838 416 suorum
857 392 929 415 terra

143 434 290 468 permansit
309 442 398 469 usque
410 435 436 461 in
456 442 589 469 praesens.
606 434 752 462 Secundus
767 443 831 462 vero
847 435 929 470 hujus

143 480 235 513 l‘rater,
257 480 369 507 nomine
388 479 556 515 Contragus,
570 479 695 507 Tanahin
714 481 854 508 transiens
869 489 930 508 am-

142 534 199 553 nem
215 534 247 553 ex
267 526 383 553 advrrso
401 526 490 560 primo
508 527 642 553 habitavit
657 527 745 555 fratri.
757 526 863 560 Quarto
879 535 929 555 au-

142 578 190 600 tetn
206 573 356 606 et~quinto
377 572 512 605 Histrum,
529 573 556 599 id
570 577 612 600 est
631 573 797 603 Danubium.
814 573 928 601 ﬂuvium

142 619 386 651 transmeantibus,
400 619 470 646 alter
487 627 583 647 eorum
603 619 630 646 itt
650 619 756 647 Avarius
772 619 927 652 Pannonia,

141 665 262 699 chagano
291 664 412 692 Avarum
441 673 470 693 se
499 666 632 697 subdens,
662 666 762 694 mansit
787 667 843 694 illic
865 675 927 694 cum

140 715 278 744 potentatu
305 719 367 745 suo,
394 712 464 740 alter
491 720 555 740 vero
577 712 649 739 haud
680 712 774 747 procul
802 713 836 740 ab
861 714 930 741 urbe

140 756 266 784 Ravenna
284 757 310 784 in
329 757 499 793 Pentapolim
511 759 623 785 veniens
639 758 691 785 Sub
706 757 927 786 Christianorutn

139 803 252 837 imperio
270 803 360 832 lactus
387 809 438 832 est.
468 805 570 832 Deinde
593 805 692 832 borum
711 806 821 837 tertius,
843 805 930 840 Aspa-

138 849 202 876 ruch
225 850 336 882 dictus,
355 851 493 885 Danaprin
521 855 549 878 et
575 851 721 879 DanaSIrin
749 852 888 880 transiens
903 856 929 880 et

138 896 241 930 Onglon
255 897 359 929 adiens,
387 897 488 925 boreos
513 897 659 925 interiores
683 897 806 925 Danubio
818 897 926 930 ﬂuvios,

138 941 206 967 inter
234 941 306 968 ltunc
327 947 354 969 et
376 942 440 970 illos
467 942 612 975 habitavit,
642 946 731 970 ttttutn
749 947 777 970 et
791 943 927 970 difﬁcilem

137 986 168 1012 ad
185 987 397 1022 expugnandum
425 987 515 1014 locum
544 987 608 1014 hinc
640 987 703 1016 itide
725 988 898 1023 conspiciens
920 997 926 1014 :

137 1031 199 1059 dum
208 1033 282 1060 enim
294 1037 367 1061 esset
380 1033 524 1068 palustris,
535 1039 562 1061 et
572 1034 790 1062 hinccoronatus
800 1035 930 1070 illincque

138 1077 306 1111 ﬂuminibus,
324 1080 464 1115 copiosam
486 1081 559 1116 genti
577 1085 688 1116 propter
705 1081 824 1109 hostium
845 1082 930 1116 parti-

139 1124 239 1152 tionem
254 1125 409 1153 humilitate
422 1126 570 1161 praestabat
583 1127 716 1161 quietem.
729 1127 776 1155 llis
787 1132 879 1155 autern
894 1128 929 1155 ita

138 1169 163 1195 iu
183 1171 306 1205 quinque
320 1171 417 1198 divisis
437 1176 464 1199 et
480 1171 513 1199 ad
524 1173 692 1207 paucitatem
705 1173 928 1206 devenientibus,

137 1215 221 1242 exivit
230 1223 328 1249 magna
340 1223 406 1251 gens
416 1217 602 1244 Cbazarorum
611 1225 643 1245 ex
656 1218 781 1245 interiori
793 1218 930 1253 profundo

137 1259 258 1287 lierzilia:
279 1262 373 1295 prima:
389 1260 551 1294 Sarmatiae,
578 1267 604 1289 et
622 1262 766 1289 dominata
791 1268 832 1289 est
855 1263 930 1290 ontni

138 1307 237 1341 pervia:
250 1311 329 1334 terra:
351 1315 438 1343 usque
454 1308 487 1335 ad
506 1316 582 1335 mare
599 1308 754 1340 Ponticum,
767 1313 793 1335 et
811 1309 930 1343 primum

139 1353 249 1380 fratrem
295 1353 437 1381 Bathaiam
470 1355 572 1389 prima:
611 1354 748 1390 Vulgariae
778 1355 929 1389 principem

139 1400 292 1433 substituit,
306 1401 442 1428 ordinatis
457 1401 649 1434 vectigalibus,
667 1409 727 1436 qua:
746 1402 782 1428 ab
801 1409 834 1428 co
858 1401 933 1429 defe-

138 1451 237 1474 runtur
263 1454 352 1482 usque
385 1455 470 1475 nunc.
489 1448 539 1474 Ast
558 1448 708 1482 imperator
726 1448 929 1475 Constantinus

137 1498 279 1527 comperto
296 1493 369 1527 quod
385 1494 521 1528 extemplo
531 1500 598 1528 gens
613 1494 725 1521 sordida
740 1499 767 1521 et
783 1493 931 1521 immunda

137 1538 208 1564 ultra
233 1537 386 1565 Danubium
416 1539 489 1574 apud
512 1538 617 1574 Hogion
638 1540 847 1566 tabernaculum
864 1539 931 1567 linte-

984 300 1069 328 usque
1089 293 1122 320 ad
1148 299 1208 319 eam
1236 299 1298 326 quae
1318 290 1420 318 dicitur
1451 290 1559 318 Barnan
1575 311 1583 322 ,
1606 291 1680 318 circa
1709 293 1778 319 lines

982 339 1091 375 Odyssi,
1109 343 1137 366 et
1153 337 1358 365 mediterraneo
1374 337 1432 364 illic
1444 337 1534 372 posito
1547 337 1608 365 loco
1621 342 1776 372 perspecto,

983 386 1055 420 quod
1072 385 1099 412 in
1116 385 1202 412 mttlta
1219 384 1326 412 cautela
1340 383 1516 417 consisteret,
1535 383 1562 410 in
1579 384 1777 419 posterioribus

981 432 1090 466 quidem
1108 435 1221 467 prepter
1233 430 1388 458 Danubium
1404 430 1528 462 ﬂuvium,
1545 430 1572 457 in
1592 431 1777 458 anterioribus

982 482 1075 506 autent
1100 482 1127 506 et
1151 486 1185 505 ex
1216 478 1348 505 lateribus
1367 477 1403 504 ob
1428 477 1572 504 elausuras
1585 481 1611 504 et
1633 477 1776 504 Ponticum

980 533 1066 558 mare,
1082 525 1231 560 praesertim
1243 531 1306 551 cum
1320 523 1531 550 dominarentur
1542 527 1569 550 et
1587 523 1773 557 adjacentium

981 571 1170 599 Sclavinorum
1201 569 1435 605 generationibus,
1461 577 1522 604 quae
1552 569 1718 597 dicebantur
1735 577 1779 597 sc-

981 620 1053 651 ptem
1072 636 1080 648 ,
1101 616 1218 643 Severes
1249 615 1360 650 quidem
1391 615 1550 642 locaverunt
1578 615 1611 642 ab
1637 617 1778 644 anteriore

980 662 1111 689 clausura
1137 661 1343 696 Veregaborum
1373 661 1406 688 ad
1435 665 1528 695 partes
1548 660 1724 692 Orientales,
1749 662 1777 688 itt

981 710 1048 737 locis
1065 713 1155 736 autem
1176 718 1237 744 quae
1253 712 1319 736 sunt
1335 708 1368 735 ad
1385 707 1529 735 meridiem
1551 713 1578 735 et
1604 707 1777 734 occidentem

981 763 1068 790 usque
1081 755 1114 782 ad
1132 755 1260 782 Avariam
1272 776 1279 786 ,
1293 755 1420 782 residttas
1443 758 1547 788 septem
1571 754 1775 787 generationes,

980 809 1041 836 qua:
1054 801 1106 829 sub
1127 807 1207 836 pacto
1232 806 1320 828 erant.
1335 800 1405 836 Ergo
1425 807 1488 826 cum
1511 800 1537 826 iu
1553 799 1595 827 itis
1612 799 1695 826 delati
1711 800 1778 827 fuis-

980 853 1052 880 sent,
1068 848 1130 875 elati
1145 853 1221 879 sunt,
1236 852 1262 874 ct
1278 852 1428 882 coeperunt
1448 854 1479 873 ca
1498 854 1559 881 qua:
1574 847 1625 873 sub
1655 845 1789 873 Romana.

981 894 1120 930 republica
1137 898 1216 922 erant
1234 899 1326 921 castra
1340 901 1388 920 seu
1415 893 1508 928 pradia
1524 892 1666 919 destruere
1690 896 1774 926 atque

980 940 1108 976 praedari.
1126 940 1205 969 Unde
1228 941 1253 968 vi
1277 945 1388 967 coactus
1414 940 1564 974 imperator
1593 946 1689 974 pacem
1717 938 1780 966 fecit

980 978 1042 1014 cum
1068 986 1121 1019 eis,
1139 994 1230 1013 annua
1264 986 1320 1013 illis
1341 985 1464 1020 prmbere
1482 989 1561 1019 pacta
1596 984 1736 1019 pollicitus
1751 985 1779 1011 itt

980 1033 1173 1060 confusionem
1187 1031 1375 1059 Romanorum
1388 1031 1423 1058 ob
1440 1030 1645 1058 multitudinem
1660 1030 1777 1058 delicto-

981 1086 1052 1106 rum.
1068 1078 1190 1105 Mirabile
1204 1078 1305 1113 quippe
1317 1077 1376 1112 ipso
1397 1077 1492 1104 auditu
1508 1081 1567 1104 erat
1590 1077 1634 1104 his
1654 1076 1702 1112 qui
1718 1076 1779 1104 lon-

981 1132 1013 1159 ge
1021 1129 1048 1152 et
1061 1124 1105 1151 his
1117 1125 1161 1159 qui
1173 1131 1259 1158 prope
1270 1123 1417 1157 degebant,
1434 1123 1506 1157 quod
1519 1122 1542 1149 is
1556 1123 1603 1157 qui
1615 1129 1711 1149 omnes
1728 1122 1779 1148 tri-

981 1170 1107 1198 butarios
1136 1170 1188 1197 sibi
1217 1173 1364 1202 statuerat,
1395 1173 1450 1195 tam
1476 1168 1584 1195 scilicet
1609 1175 1657 1195 cos
1676 1167 1722 1203 qui
1746 1168 1791 1195 ad.

982 1224 1062 1243 conm
1080 1221 1105 1243 et
1124 1223 1254 1243 occasum
1279 1222 1361 1250 quam
1387 1214 1449 1241 illos
1482 1215 1528 1248 qui
1558 1215 1590 1241 ad
1616 1217 1725 1240 arctum
1751 1219 1779 1241 et

983 1261 1124 1289 meridiem
1139 1261 1394 1292 commorabantttr,
1413 1260 1448 1288 ab
1461 1260 1512 1288 ista
1526 1261 1685 1288 detestabili
1700 1265 1781 1296 gente

983 1306 1066 1335 fuerit
1092 1310 1250 1341 superatus.
1269 1305 1370 1332 Verum
1401 1305 1551 1340 imperator
1566 1306 1603 1333 ita
1619 1306 1731 1341 quidem
1753 1311 1791 1334 et,

984 1352 1157 1387 providentia
1174 1352 1220 1379 Dei
1235 1352 1287 1379 hoc
1300 1352 1469 1380 Christianis
1484 1353 1634 1387 contigisse
1654 1351 1779 1385 credens,

982 1399 1142 1433 evangelice
1158 1402 1283 1426 tractans
1309 1406 1402 1432 pacem
1423 1398 1495 1431 fecit,
1525 1402 1551 1425 et
1573 1398 1623 1425 fuit
1640 1406 1728 1432 usque
1746 1399 1780 1425 ad

984 1445 1090 1472 obitum
1108 1453 1187 1471 suum
1203 1445 1314 1479 quietus
1333 1453 1347 1471 a
1377 1444 1485 1472 cunctis
1501 1445 1640 1476 hostibus,
1658 1444 1780 1472 studium

985 1490 1089 1518 habens
1104 1491 1275 1526 pratcipunm
1289 1491 1401 1518 ttnicndi
1419 1491 1564 1518 universas
1577 1489 1718 1517 Ecclesias
1734 1489 1781 1517 Dei

985 1545 1046 1572 qum
1074 1537 1176 1572 ubique
1193 1537 1289 1565 diviste
1309 1537 1418 1564 fuerant
1435 1544 1450 1564 a
1471 1536 1641 1571 temporibus
1659 1536 1794 1563 lleraclii.

138 1589 171 1608 ιιι
191 1586 217 1609 et
240 1583 490 1618 appropinquantis
515 1582 641 1611 Danubio
654 1585 806 1617 discurrat,
836 1584 861 1611 id
891 1588 931 1611 est
946 1599 968 1630 C
986 1583 1121 1618 principis
1136 1583 1229 1618 proavi
1246 1583 1289 1609 sui
1305 1586 1332 1609 et
1345 1581 1435 1617 Sergii
1452 1581 1545 1609 vesani
1561 1589 1593 1609 ac
1606 1580 1716 1618 Pyrrhi,
1734 1581 1780 1616 qtti

138 1628 276 1663 regionem
292 1637 353 1662 qum
376 1637 450 1656 nttnc
463 1633 574 1656 tenetur
587 1630 621 1657 ab
638 1631 691 1657 illis
703 1638 819 1665 qumque
838 1635 903 1658 tunc
919 1639 933 1657 a

137 1673 304 1703 Christianis
328 1676 531 1711 possidebatur,
556 1677 684 1704 tristatus
714 1681 757 1704 est
787 1678 934 1704 vehemrn-

137 1727 188 1756 ter,
205 1729 233 1751 et
247 1723 325 1758 jubet
342 1724 461 1752 transire
477 1733 573 1752 onmes
587 1726 725 1754 exercitus
740 1725 767 1752 iu
786 1725 932 1758 Thracem,

137 1774 163 1797 et
181 1776 347 1798 construens
373 1772 490 1799 classem
509 1775 563 1798 tam
593 1779 640 1807 per
657 1776 756 1799 terram
778 1780 860 1807 quatit
886 1780 934 1807 per

139 1823 213 1843 tuare
236 1822 332 1844 contra
367 1825 415 1845 eos
453 1822 544 1845 motus
561 1822 620 1850 est,
644 1818 696 1846 ltus
716 1819 788 1845 bello
806 1818 938 1852 persequi

138 1864 253 1894 volens.
277 1868 304 1890 ct
329 1869 423 1892 contra
451 1863 555 1900 lioglon
585 1869 668 1900 atque
702 1864 855 1892 Danubium
887 1874 934 1900 per

139 1908 270 1944 Hepirum
288 1911 394 1945 pedites
414 1911 441 1938 in
454 1911 542 1938 aciem
564 1911 696 1947 dirigens,
715 1916 742 1939 et
756 1919 803 1946 per
835 1920 934 1946 appro-

136 1956 276 1990 pinquans
300 1957 377 1984 littus
411 1965 507 1984 navem
532 1959 629 1985 adesse
651 1958 825 1993 prmcipicns.
847 1957 934 1985 Porro

138 2000 271 2036 Vulgares
281 2002 332 2029 ltac
344 2002 484 2030 celeritate
495 2011 542 2031 seu
555 2004 674 2030 maxima
687 2004 863 2031 multitudine
876 2004 933 2032 visa

137 2056 221 2083 super
237 2048 326 2076 salute
338 2056 386 2075 sua
399 2048 547 2083 desperati,
559 2049 591 2077 ad
606 2050 763 2084 praedictum
774 2050 932 2085 praesidium

136 2095 311 2130 confugiunt,
321 2099 347 2121 et
360 2102 421 2124 sese
431 2094 650 2130 circumquaque
664 2096 802 2123 muniunt.
820 2095 935 2124 Pertres

136 2146 268 2169 autemet
293 2135 412 2176 quatuor
427 2142 487 2170 dies
502 2149 534 2170 ex
553 2142 744 2178 hujuscemodi
777 2143 933 2170 munitione

138 2191 190 2211 nec
205 2183 261 2211 illis
274 2183 351 2211 exire
362 2184 541 2217 audentibus,
552 2192 603 2212 nec
613 2184 745 2212 Romanis
758 2190 870 2220 propter
883 2184 932 2212 ad-

133 2230 285 2263 iacentium
300 2230 429 2265 paludunt
442 2231 618 2259 occasionem
637 2231 760 2266 praelium
770 2236 933 2259 construen-

987 1629 1099 1665 indigne
1110 1629 1211 1656 throno
1218 1628 1498 1663 Constantinopoleos
1511 1627 1689 1664 praefuerunt,
1699 1635 1794 1654 unam.

986 1675 1155 1702 voluntatem
1171 1679 1198 1702 et
1210 1682 1292 1702 unam
1303 1675 1494 1709 operationem
1511 1674 1539 1701 itt
1550 1673 1667 1701 Domino
1682 1673 1736 1700 Deo
1750 1680 1782 1700 ac

987 1721 1130 1748 Salvatore
1143 1724 1240 1748 nostro
1255 1719 1511 1755 dogmatizantium.
1525 1719 1649 1752 Quorum
1665 1725 1780 1753 nequam

985 1765 1144 1800 opinionem
1161 1765 1322 1792 subvertere
1339 1763 1557 1800 satagensiidem
1571 1763 1782 1790 Christianissi—

985 1819 1047 1838 mus
1061 1812 1211 1846 imperator
1223 1811 1341 1838 concilio
1350 1810 1501 1837 universali
1509 1808 1791 1843 Constantinopolint‘

986 1860 1138 1885 convocato
1152 1855 1205 1884 289
1219 1856 1426 1891 episcoporum,
1463 1859 1519 1882 tant
1536 1855 1663 1890 dogmata
1677 1861 1737 1889 qum
1752 1853 1791 1880 in.

986 1903 1210 1930 antecedentibus
1232 1902 1356 1937 quinque
1382 1902 1487 1929 sanctis
1514 1904 1542 1928 ct
1571 1900 1780 1928 nnivcrsalkus

987 1947 1113 1974 conciliis
1151 1947 1262 1973 fuerant
1301 1946 1461 1974 confirmata
1499 1945 1659 1976 roboravit,
1697 1952 1779 1980 quam

985 1994 1060 2029 pium
1075 1993 1192 2020 duarum
1207 1993 1380 2019 voluntatum
1407 1996 1434 2019 et
1451 1992 1644 2027 operationutn
1661 1992 1780 2026 promul-

985 2040 1043 2075 gari
1062 2041 1161 2075 dogma
1177 2038 1299 2066 decrevit
1318 2046 1373 2073 per-
1385 2037 1510 2065 eamdem
1528 2041 1653 2065 sanctam
1672 2040 1698 2064 et
1714 2036 1780 2063 sub-

986 2087 1139 2114 tilissimam
1153 2085 1319 2113 universalis
1340 2085 1448 2112 concilii
1472 2084 1627 2120 synodum;
1653 2084 1696 2111 cui
1712 2091 1780 2118 pne.

985 2136 1064 2159 erant
1091 2135 1146 2158 tam
1162 2132 1221 2167 ipse
1234 2131 1378 2166 piissimus
1406 2130 1557 2166 imperator
1579 2130 1781 2158 Constantinus

985 2186 1067 2214 quant
1096 2178 1132 2214 pii
1150 2178 1288 2214 principes
1308 2177 1496 2206 sacerdotum.
1522 2176 1609 2204 Porro
1626 2185 1674 2212 por
1707 2177 1781 2204 idem

985 2230 1094 2261 tempus
1118 2225 1185 2253 Azid
1204 2226 1287 2261 coepit
1318 2233 1380 2253 esse
1410 2225 1530 2252 Arabum
1559 2225 1698 2259 ptinccps,
1729 2225 1776 2259 qui

136 2276 222 2309 tibus,
240 2277 464 2305 auimadvertcns
479 2278 583 2313 polluta
602 2285 668 2313 gens
682 2278 815 2306 remissos
827 2278 929 2305 Rotna-
946 2274 967 2301 Β
984 2272 1073 2300 ll'iblls
1088 2272 1131 2299 his
1145 2271 1254 2307 Ιπεοῖυίῑ
1270 2272 1362 2298 almis-

136 2330 235 2350 norum
252 2322 360 2351 animos
374 2327 497 2351 recreata
511 2329 538 2352 et
554 2324 674 2352 alacrior
692 2323 766 2352 facta
779 2330 830 2352 est.
843 2325 937 2353 Porro-

135 2377 196 2396 cunt
211 2370 364 2404 imperator
378 2370 477 2404 pedum
490 2369 612 2398 dolerent
628 2371 730 2398 acriter
745 2376 892 2406 pateretttr,
903 2376 930 2398 et

136 2414 166 2440 ad
184 2414 328 2442 meridiem
347 2420 491 2451 cogeretur
517 2415 552 2442 ob
568 2415 658 2442 balnei
674 2423 756 2443 usutu
786 2424 841 2443 ttna
866 2424 928 2443 cum

136 2461 259 2495 quinque
287 2461 467 2489 dromonibus
484 2465 511 2489 et
538 2461 657 2495 propriis
684 2461 843 2489 hominibus
871 2462 930 2489 suis

137 2506 249 2537 reverti,
268 2505 392 2544 deseruit
420 2506 602 2541 magistratus
621 2510 648 2532 et
676 2507 817 2540 populum,
830 2506 930 2540 jubens

136 2558 197 2577 cum
215 2551 322 2577 lanceis
334 2550 506 2578 vibrantibus
523 2550 683 2583 exet-citari,
695 2555 724 2578 et
744 2550 876 2586 impetum
899 2551 936 2578 in.
961 2570 970 2576 .

136 2605 184 2625 eos
204 2597 307 2628 facere,
329 2601 359 2624 et-
375 2601 437 2632 post
452 2605 482 2625 se
495 2596 558 2624 illos
574 2596 714 2624 attrahere
728 2604 743 2623 a
761 2597 927 2628 munitione,

136 2648 163 2671 et
179 2644 280 2672 bellutn
297 2644 323 2671 in
338 2651 386 2671 eos
401 2651 523 2676 movere.
544 2644 567 2672 si
589 2643 840 2672 fortassisexirent
854 2655 860 2672 :
885 2644 928 2672 sin

138 2694 240 2723 autem,
260 2690 300 2717 vel
312 2689 471 2717 obsiderent
486 2698 533 2718 eos
549 2695 577 2718 et
590 2690 822 2719 observarentin
838 2691 929 2718 muni-

138 2735 269 2763 tionibus.
287 2736 322 2763 At
339 2744 404 2764 vero
417 2736 445 2763 hi
461 2737 508 2771 qui
535 2742 615 2764 erant
644 2737 784 2773 equestris
812 2737 930 2770 militiae,

140 2785 330 2817 imperatorem
347 2783 451 2819 fugisse
464 2783 638 2812 dilfnmantes
648 2787 778 2819 metuque
793 2785 929 2820 oppressi,

138 2827 230 2855 eadem
250 2828 479 2864 tergiversatione
504 2829 582 2856 abusi
610 2834 687 2863 sttnt,
705 2830 815 2858 nemine
840 2837 930 2866 perse-

139 2880 247 2908 auente.
271 2875 357 2903 Porro
386 2875 520 2911 Vulgarcs
542 2877 594 2904 ltoc
625 2877 684 2904 viso
714 2877 931 2911 insequebantur

140 2925 197 2952 post
214 2924 290 2956 terga
309 2921 444 2956 ipsorum,
457 2925 484 2948 et
509 2921 603 2955 plures
616 2921 727 2956 quidem
749 2921 841 2955 gladio
869 2928 931 2956 pcr-

140 2973 239 3000 cmere,
258 2968 359 2995 tnttltos
374 2975 436 2995 vero
452 2967 643 3001 vulnerarcrc,
654 2967 793 3002 persecuti
811 2975 860 2995 eos
884 2975 929 2995 us-

1017 2319 1096 2347 Anno
1107 2318 1215 2353 imperii
1229 2317 1407 2345 Constantini
1424 2316 1588 2344 duodecimo
1603 2316 1719 2343 collecta
1737 2320 1780 2343 est

982 2369 1076 2392 sancta
1094 2369 1120 2391 et
1135 2362 1303 2390 universalis
1332 2366 1409 2389 sexta
1425 2361 1548 2396 synodus
1575 2360 1777 2388 Constantino-

983 2411 1037 2445 poli
1055 2409 1236 2436 ducentorum
1261 2408 1403 2443 octoginta
1426 2414 1524 2435 novem
1549 2411 1708 2434 sanctorum
1724 2405 1777 2434 Pa-

982 2459 1066 2487 trum,
1082 2454 1262 2488 prateeptione
1281 2453 1316 2488 pii
1337 2453 1471 2489 principis
1484 2452 1671 2480 Constantini.

1018 2500 1112 2527 Mundi
1144 2507 1216 2527 anno
1239 2499 1320 2532 6175,
1348 2499 1449 2527 divinae
1473 2498 1675 2526 incarnaaiouis
1704 2506 1777 2526 anno

982 2547 1045 2578 6'75,
1071 2553 1144 2573 anno
1167 2553 1232 2573 vero
1251 2545 1359 2580 imperii
1386 2545 1430 2572 sui
1447 2545 1490 2574 l3.
1510 2545 1613 2580 repulit
1637 2544 1777 2572 Constan—

983 2595 1058 2621 tinus
1088 2593 1123 2620 ab
1141 2593 1258 2629 imperio
1279 2592 1380 2620 fratres
1393 2599 1461 2620 suos
1479 2590 1634 2619 lleraclium
1654 2595 1681 2618 et
1697 2589 1778 2617 Tibe-

985 2640 1066 2673 riutn,
1083 2643 1110 2668 et
1125 2640 1202 2667 solus
1214 2640 1342 2674 regnavit
1355 2646 1417 2666 cum
1433 2637 1546 2665 Tiberio
1565 2637 1621 2664 lilio
1635 2644 1697 2664 suo.

1019 2680 1210 2720 Annoimperii
1221 2685 1436 2713 Constantini”
1444 2685 1573 2711 Mucbtar
1585 2683 1774 2711 tnettdax‘dum

983 2730 1155 2768 tyrannidem
1168 2732 1350 2763 exercuisset,
1361 2731 1480 2758 obtinuit
1491 2729 1641 2757 Persidem.
1655 2728 1777 2756 Vocabat

983 2782 1072 2805 autem
1082 2785 1111 2805 se
1121 2778 1209 2812 ipsum
1217 2777 1422 2811 prophetam,et
1430 2776 1586 2803 conturbati
1594 2780 1658 2802 sunt
1666 2774 1780 2810 Arabcs_

1019 2826 1100 2852 Anno
1126 2824 1235 2859 imperii
1261 2823 1437 2851 Constantini
1462 2823 1496 2850 15
1509 2823 1629 2850 Arabum
1647 2822 1775 2856 princeps

984 2871 1118 2899 Maruhan
1132 2878 1206 2898 anno
1225 2878 1280 2898 uno
1294 2870 1440 2905 prtefectus
1457 2874 1508 2902 est,
1526 2869 1662 2904 siquidem
1677 2867 1775 2896 defun-

984 2922 1029 2946 cto
1055 2918 1123 2945 ΑιΞό
1147 2918 1250 2945 turbati
1271 2916 1377 2944 Arabes
1406 2914 1525 2944 Ethribi
1555 2916 1774 2945 insurrexerunt,

984 2965 1185 2994 constituentes
1202 2965 1299 2993 ducent
1320 2963 1372 2990 sibi
1386 2962 1515 2992 Abdclam
1529 2963 1672 2999 quemdam
1691 2961 1776 2989 ftlium
