2052 3153
246 173 314 205 1335

776 174 975 205 ANASTASH
1006 172 1318 205 BlBLlOTHECARH

1809 174 1879 207 1335

245 227 346 261 'leLur,
371 232 398 256 ct
424 229 580 264 congregati
611 227 758 257 thniccs
779 233 807 257 et
829 229 966 257 Palaestini
985 227 1035 254 Da-
1048 229 1072 257 Δ
1087 226 1233 263 Philippici
1248 229 1314 256 anni
1332 230 1366 262 5;
1394 229 1547 266 eodemque
1574 231 1660 265 primo
1679 238 1753 258 anno
1769 230 1878 266 imperii

247 283 370 303 mancum
390 275 516 306 veniunt,
544 275 591 303 sed
611 280 638 303 et
658 283 746 310 usque
756 275 900 303 Gabitham
916 280 943 303 et
958 275 1032 302 Asan

247 321 371 348 Antiram
383 321 545 355 Palatstinm,
560 321 682 356 dantque
701 329 800 349 manus
817 321 945 349 dexteras
959 320 1032 347 Mar-

246 367 335 394 sultan
353 371 380 394 et
404 367 506 394 sistunt
529 375 591 394 eum
609 366 719 399 ducem,
737 367 782 402 qui
808 367 901 394 amita:
917 367 1035 394 admini-

248 413 382 440 stratione
396 412 519 447 fungitur
535 413 678 440 mensibus
696 420 806 440 novem.
838 414 898 446 Quo
923 417 1034 440 mortuo

248 457 405 485 Abimelech
432 457 506 484 ﬁlius
522 457 608 492 ipsius
621 457 736 493 suscipit
756 459 953 493 principatunt,
971 466 1034 486 cttm

250 502 354 531 atniras
373 502 471 531 fuisset
488 504 567 530 annis
578 503 608 530 Et
626 508 707 539 atque
723 504 848 536 dimidio.
863 504 1036 540 aggreditur-

248 557 302 582 que
320 554 462 584 tyratntos,
478 554 506 576 et
521 549 660 577 interfecit
674 550 814 578 Abdellam
830 550 915 578 ﬁlium
932 550 1036 584 Zubcr,

250 603 300 622 nec
313 603 367 622 non
387 595 538 624 Dodacum.

284 641 364 668 Auno
380 641 487 675 imperii
506 641 678 669 Constantini
697 642 731 669 16
746 642 818 669 facta
837 647 880 670 est
897 643 982 670 fames
996 648 1037 670 at-

249 695 302 718 que
321 687 473 715 mortalitas
497 695 595 722 magna
614 687 641 714 in
667 687 757 723 Syria,
784 694 947 724 gentemque
970 689 1036 716 Abi-

250 733 353 761 melech
378 733 507 761 obtinuit.
532 734 656 769 Cumque
679 735 819 763 Mardaita:
845 736 970 771 partibus
996 737 1038 763 in-

249 779 410 806 (‘ltlllbcrenl
424 779 532 812 Libani,
552 785 580 807 ct
595 781 749 815 pestilentia
766 785 872 809 teneret
894 787 921 809 ct
939 781 1037 814 ﬁrmes,

250 825 321 852 idem
333 825 491 854 Abimelech
508 834 616 861 pacem,
634 836 695 862 qua:
713 835 727 853 a
741 828 846 855 Milllltla
865 828 951 855 fuerat
964 836 1038 863 qum-

249 872 314 903 sita,
347 872 454 907 petivit,
481 873 574 901 missis
592 873 625 900 ad
653 874 847 908 imperatorem
866 875 973 909 legatis,
989 882 1036 902 ea-

250 919 367 954 demque
382 919 434 946 565
452 919 536 946 tttillia
548 920 745 947 numistnatum
762 920 821 947 auri
839 920 957 955 przehcrc
977 920 1038 955 pol-

251 964 357 996 licitus,
375 969 402 992 et
417 965 479 993 illos
497 965 551 993 565
566 973 672 998 servos,
695 966 809 1000 parique
834 966 916 994 tuodo
933 966 1039 993 nobiles

251 1010 364 1038 tetidem
379 1019 476 1046 equos.

288 1057 367 1084 Anno
392 1057 498 1092 imperii
524 1058 567 1084 sui
597 1058 630 1084 i7
656 1058 791 1093 requievit
815 1059 876 1094 pius
892 1059 1040 1093 imperator

251 1103 463 1134 Constantinus,
478 1111 540 1130 cutn
564 1103 727 1138 imperasset
747 1105 828 1132 annis
849 1105 894 1136 17,
912 1110 936 1131 et
956 1105 1040 1140 impe-

253 1149 324 1176 ravit
339 1148 513 1177 Justinianus
526 1149 600 1177 ﬁlius
613 1149 684 1185 ejus.
699 1150 733 1177 Et
748 1151 889 1178 sciendum
905 1151 969 1186 quia
984 1151 1041 1178 fru-

253 1199 310 1222 utra
341 1195 428 1222 delire
449 1195 505 1231 (69)
526 1195 652 1231 garriunt
681 1197 792 1228 quidam
817 1197 958 1228 dicentes,
979 1201 1042 1232 post

254 1245 373 1275 quatuor
389 1248 476 1268 annos
495 1241 580 1269 factus
613 1241 697 1269 fuisse
724 1250 771 1269 sex
788 1242 884 1277 synodi
909 1243 1042 1278 capitula-

254 1295 310 1319 rcs,
336 1294 397 1321 quae
421 1286 566 1314 diﬂ'amatae
586 1293 669 1318 sunt,
699 1286 820 1314 formas:
841 1288 914 1315 sicut
926 1288 999 1315 enim
1013 1288 1043 1315 in

255 1333 385 1360 omnibus
399 1340 460 1360 cum
485 1333 551 1360 falsa
569 1333 718 1367 praedicent
733 1338 903 1368 arguuntur,
920 1333 956 1360 ita
969 1339 996 1360 ct
1009 1342 1042 1361 ex

256 1378 302 1406 his
330 1379 515 1406 ostenduntur
536 1378 606 1406 nihil
627 1378 718 1406 dicere
747 1379 862 1406 veritate
888 1379 1041 1408 suﬂ‘ultum.

256 1423 328 1452 Vera
343 1425 444 1460 quippe
467 1424 599 1453 chronica
618 1425 760 1452 annotatio
779 1430 903 1454 sanctum
931 1426 1042 1453 univer-

256 1470 342 1499 salem
361 1476 465 1499 sextam
477 1471 614 1506 synodum
629 1490 637 1504 ,
658 1479 719 1506 qua;
738 1477 836 1499 contra
850 1472 1044 1500 monothelitas

256 1517 397 1544 celebrata
420 1520 463 1544 est
480 1517 512 1544 12
528 1524 602 1544 anno
615 1517 723 1551 imperii
740 1517 912 1545 Constantini
937 1518 1044 1552 nepotis

1086 274 1229 309 Philippici
1253 275 1356 302 factum
1390 277 1425 303 sit
1452 276 1579 304 insanum
1608 277 1757 315 concilium
1780 282 1878 304 contra

1086 325 1210 348 sanctam
1242 326 1268 347 et
1296 321 1479 349 universalem
1517 327 1622 350 sextam
1659 323 1818 359 synodum,
1851 328 1880 351 et

1087 367 1166 401 pulso
1195 367 1266 403 Cyro
1289 372 1368 395 sexto
1399 376 1473 395 anno
1507 369 1711 403 patriarchatus
1736 370 1779 396 sui
1803 371 1881 397 licret

1085 411 1207 440 Joannes
1236 414 1392 447 patriarcha
1419 414 1700 450 Constantinopoleos
1713 421 1740 442 et
1755 416 1881 443 Andreas

1087 459 1264 494 tnetropolita
1299 460 1441 488 Cretensis
1463 465 1491 488 et
1518 461 1673 489 Germanus
1703 463 1881 497 metropolita

1087 505 1190 541 Cyzici,
1218 506 1265 541 qui
1292 506 1518 541 subscripserunt
1544 509 1685 536 evidenter
1715 513 1742 535 et
1765 509 1883 536 anathe—

1088 553 1300 585 matizaverunt,
1329 560 1393 580 cum
1419 554 1548 581 omnibus
1575 554 1622 589 qui
1639 562 1689 589 per
1703 554 1796 582 eadem
1812 559 1882 582 tent-

1088 606 1155 632 pora
1181 599 1268 631 fuere,
1299 599 1457 632 praedictam
1489 604 1585 626 cont-ra
1612 600 1802 627 monothelitas
1829 608 1878 628 ce-

1090 643 1223 669 lebratam
1252 648 1375 670 sanetam
1394 644 1578 671 universaletn
1604 648 1710 672 sextam
1731 646 1877 681 synodum;

1089 691 1150 722 post
1179 696 1266 715 annos
1295 696 1360 715 vero
1389 694 1446 717 tres
1460 689 1590 718 defuncto
1601 689 1708 719 Joanne
1730 692 1882 720 translatus

1089 734 1170 761 fuerit
1194 734 1347 762 Germanus
1375 743 1389 761 a
1410 736 1511 770 Cyzico
1551 741 1579 763 et
1611 738 1769 771 patriarcha
1804 738 1883 766 ﬁeret

1089 781 1389 816 Constantinopoleos,
1418 786 1446 809 et
1474 781 1582 810 tlerimo
1611 783 1692 811 tertio
1722 791 1799 811 anno
1830 785 1884 811 im-

1089 828 1157 863 petii
1191 827 1289 855 Lvonis
1316 828 1519 862 expelleretur,
1547 834 1574 856 et
1601 829 1678 857 ﬁeret
1705 830 1882 863 Anastasius,

1089 879 1116 902 ct
1155 874 1340 908 patriarcltaln
1373 874 1534 908 fungeretur
1566 875 1647 902 annis
1677 874 1730 907 24,
1761 880 1789 903 et
1820 880 1884 910 post

1089 929 1151 948 eum
1171 920 1369 948 Constantinus
1391 921 1473 947 annis
1494 921 1538 953 η,
1554 925 1582 948 ct
1596 920 1696 950 Paulus
1712 921 1739 954 5,
1754 926 1782 949 et
1798 921 1886 949 Tara-

1090 967 1149 995 sius
1160 968 1205 994 2|.

1126 1014 1219 1042 Mundi
1248 1022 1322 1042 anno
1350 1013 1431 1045 6I78,
1462 1012 1563 1040 divinae
1589 1013 1791 1041 incarnationis
1819 1013 1884 1045 678.

1091 1068 1164 1087 anno
1192 1068 1256 1088 vero
1286 1059 1394 1095 itnperii
1424 1059 1569 1086 lttstiniani
1600 1059 1689 1093 primo
1722 1059 1885 1087 Abitueleels

1092 1106 1262 1140 principatur
1285 1104 1433 1136 Arabibus,
1461 1104 1508 1139 qui
1536 1104 1643 1139 pra-fuit
1676 1105 1718 1132 his
1741 1105 1821 1132 annis
1835 1105 1881 1132 ἓξ.

1092 1151 1258 1179 Theodorus
1278 1155 1370 1178 autem
1392 1150 1720 1186 Constantinopolitanus
1737 1151 1818 1178 annis
1833 1152 1884 1178 tri-

1092 1198 1144 1225 btts
1167 1201 1195 1224 et
1223 1197 1377 1225 Alexander
1397 1197 1588 1224 Antiochenus
1615 1196 1753 1224 habentur
1773 1197 1884 1224 antisti-

1093 1246 1144 1269 tes.
1173 1242 1231 1269 Hoc
1256 1245 1346 1269 autem
1371 1249 1443 1268 anno
1468 1241 1552 1268 mittit
1576 1241 1735 1268 Abimelech
1751 1240 1784 1267 ad
1795 1239 1888 1268 Justi-

1093 1287 1208 1313 nianum
1235 1287 1398 1314 conﬁrmare
1418 1295 1524 1322 pacem,
1551 1293 1580 1315 et
1605 1288 1733 1315 convenit
1749 1288 1819 1314 inter
1836 1296 1887 1315 eos

1095 1331 1287 1366 hujuscemodi
1304 1339 1367 1366 pax,
1386 1335 1416 1358 ut
1442 1332 1548 1359 scilicet
1569 1332 1719 1367 imperator
1734 1331 1887 1366 deponeret

1095 1377 1290 1405 Mardaitarum
1315 1385 1410 1412 agmen
1432 1386 1447 1405 a
1472 1377 1577 1405 Libano
1605 1382 1633 1404 et
1659 1378 1817 1413 prohiberet
1843 1377 1887 1405 in-

1095 1424 1238 1452 cursiones
1263 1431 1371 1455 eorum,
1393 1428 1421 1451 et
1430 1423 1589 1451 Abintelech
1606 1423 1738 1451 Romanis
1750 1424 1888 1450 tribueret

1095 1477 1144 1505 per
1170 1469 1295 1505 singulos
1326 1469 1385 1497 dies
1413 1470 1581 1497 nomismata
1601 1470 1674 1498 mille
1690 1473 1718 1497 et
1741 1477 1841 1504 equum
1859 1474 1888 1496 et

1095 1523 1216 1548 servum,
1240 1521 1266 1543 et
1291 1521 1319 1543 ιιι
1343 1515 1477 1543 haberent
1499 1516 1526 1543 in
1546 1523 1693 1543 commune
1723 1523 1771 1547 per
1791 1523 1888 1549 acqua-

257 1561 387 1594 l_lcraclii,
404 1563 568 1590 convenisse
584 1563 668 1590 refert
686 1570 758 1590 anno
779 1571 794 1590 a
818 1563 976 1591 conditione
990 1564 1044 1600 (70)
1057 1566 1081 1598 (ζ
1098 1562 1202 1589 litatem
1228 1561 1330 1589 tributa
1348 1561 1431 1597 Cypri
1448 1566 1475 1589 et
1499 1561 1637 1590 Armenia:
1654 1569 1688 1590 ac
1701 1561 1831 1589 Hiberize.
1856 1561 1892 1587 Et

257 1608 351 1635 mundi
376 1608 464 1641 (H70;
483 1613 510 1636 et
525 1609 588 1643 quia
610 1613 670 1643 post
681 1609 734 1636 hoc
745 1610 870 1644 regnavit
885 1610 956 1637 idem
974 1610 1046 1638 Cett-

258 1655 398 1683 stantinus
412 1655 493 1683 annis
510 1654 537 1686 5,
554 1663 610 1690 quo
628 1659 737 1682 mortuo
752 1656 940 1684 monarchiatn
956 1657 1046 1684 tenuit

257 1697 431 1726 Justinianus
449 1699 521 1726 ﬁlius
535 1699 595 1733 ejtts
609 1699 690 1726 atutis
712 1699 755 1725 i0.
781 1699 896 1734 Abjccto
917 1704 1046 1734 prmterca

257 1744 416 1773 .Iustiniano
447 1744 592 1780 imperavit
620 1744 754 1773 Leontius
782 1745 863 1773 annis
891 1746 919 1778 5,
937 1751 964 1774 et
987 1751 1048 1781 post

260 1791 391 1819 Leontius
414 1790 554 1823 Tiberius,
581 1790 629 1826 qui
645 1796 671 1818 et
692 1791 867 1825 Apsimarus.
884 1792 963 1820 annis
978 1793 1006 1823 7.
1019 1800 1048 1820 et.

259 1846 356 1866 rursus
383 1836 569 1870 Justinianus,
593 1838 640 1872 qui
664 1838 761 1872 pulsus
779 1837 876 1871 fuerat,
897 1839 976 1866 anuis
989 1847 1047 1870 sex,

261 1889 290 1909 ut
316 1883 434 1911 inveniri
448 1882 528 1911 facile
542 1887 585 1911 est
610 1891 644 1910 ex
667 1883 735 1918 ipsis
751 1883 834 1912 editis
860 1884 969 1916 formis,
987 1892 1048 1920 qua:

259 1928 382 1956 accttndo
400 1936 472 1956 anno
491 1927 607 1956 extremi
634 1928 740 1963 imperii
759 1928 882 1963 ejusdem
896 1927 1049 1964 liinocope-

262 1974 332 2002 meni
355 1973 503 2002 Iustiniani
529 1973 660 2008 exposita:
679 1973 764 2001 fuisse
791 1972 964 2006 referuntur;
989 1982 1050 2009 qua:

261 2021 367 2049 scilicet
392 2020 422 2048 in
445 2019 526 2047 tertia
554 2026 619 2047 suar
632 2027 668 2046 tm
685 2020 772 2047 forma
792 2019 834 2047 his
850 2025 878 2047 et
892 2019 1048 2054 hujusmodi

261 2066 431 2094 dictionibus
444 2065 564 2094 habent:
578 2065 763 2098 Compicimus
778 2073 821 2092 eos
835 2065 881 2100 qui
898 2074 925 2093 se
946 2064 1049 2093 duabus

262 2112 365 2146 nuptiis
392 2112 560 2139 inseruerunt
574 2130 581 2143 ,
607 2115 631 2138 et
643 2119 725 2146 usque
738 2111 773 2138 ad
787 2111 917 2138 decimum
930 2115 1050 2138 octavum

261 2156 387 2184 kalendas
408 2155 569 2183 Februarias
594 2157 737 2190 praeterin
761 2162 865 2191 quarta:
885 2156 1050 2188 indictionis,

263 2211 323 2238 qua:
348 2202 400 2237 fuit
422 2210 493 2229 attito
506 2210 522 2229 α
545 2202 678 2229 creatione
696 2201 787 2228 mundi
803 2202 884 2234 6l99,
904 2203 1050 2230 servierunt

1097 1607 1196 1635 direxit
1225 1607 1375 1642 imperator
1405 1607 1520 1635 Paulum
1543 1609 1751 1644 magistriannm
1778 1607 1812 1634 ad
1824 1607 1891 1634 Abi-

1098 1653 1204 1680 melech
1229 1653 1262 1680 ad
1283 1653 1504 1681 conﬁrmandum
1520 1661 1552 1681 ea
1569 1661 1630 1688 qua:
1651 1653 1750 1688 placita
1768 1652 1890 1684 fuerant,

1098 1705 1125 1727 et
1153 1699 1223 1726 facta
1259 1704 1300 1727 est
1331 1699 1358 1727 in
1385 1699 1496 1735 scriptis
1524 1700 1659 1727 securitas
1692 1699 1744 1727 sub
1775 1699 1891 1726 testium

1098 1745 1288 1778 stipulatione.
1318 1744 1371 1778 Qui
1404 1743 1554 1771 liberaliter
1577 1745 1729 1772 honoratus
1762 1751 1893 1770 reversus

1099 1794 1151 1817 cst.
1173 1789 1206 1816 Et
1228 1791 1341 1817 mittens
1359 1789 1511 1825 imperator
1527 1790 1678 1824 assumpsit
1693 1788 1893 1816 Mat‘daitarum

1101 1836 1197 1868 12000,
1228 1836 1357 1863 Romaica
1375 1836 1474 1863 virtute
1491 1837 1602 1868 recisa;
1624 1843 1721 1862 omnes
1740 1835 1814 1861 enim
1831 1842 1896 1869 qua:

1101 1887 1174 1907 nunc
1190 1879 1350 1906 habitantur
1365 1878 1400 1906 ab
1416 1879 1554 1907 Arabibus
1573 1879 1599 1906 in
1620 1879 1775 1906 conlinibns
1795 1879 1895 1912 p0sita

1102 1927 1229 1954 civitates
1246 1933 1259 1952 a
1273 1925 1440 1960 Mopsuestia
1458 1929 1486 1952 et
1501 1933 1588 1960 usque
1600 1924 1633 1952 ad
1650 1929 1776 1960 quartam
1795 1924 1894 1952 Arme-

1101 1973 1197 2005 niam,
1227 1971 1354 2001 inﬁrmte.
1380 1977 1407 1999 ct
1439 1971 1635 1999 inhabitabiles
1673 1974 1753 1999 erant
1780 1975 1895 2005 propter

1102 2019 1234 2054 impetum
1262 2017 1459 2046 Mar‘daitarum
1477 2037 1484 2050 ,
1511 2017 1612 2052 quibus
1640 2016 1775 2052 repressis
1799 2017 1894 2044 omnia

1101 2064 1161 2092 dira
1177 2065 1309 2092 Bouiania
1326 2072 1405 2100 passa
1420 2068 1461 2092 est
1482 2071 1570 2099 usque
1586 2063 1613 2090 in
1631 2067 1791 2098 presentem
1807 2062 1894 2089 diem.

1103 2111 1206 2139 Eodem
1236 2119 1308 2138 anno
1336 2111 1420 2138 mittit
1449 2110 1607 2138 Abimelech
1637 2109 1754 2137 Ziadutn
1779 2108 1894 2136 fratrem

1103 2156 1219 2184 Mauhia:
1231 2157 1258 2184 in
1272 2156 1412 2185 Persidem
1427 2161 1523 2184 contra
1554 2155 1713 2183 Muctartem
1734 2154 1895 2182 mendacem

1104 2208 1187 2239 atque
1214 2211 1360 2239 tyrannum
1377 2223 1384 2236 ,
1415 2207 1442 2231 et
1467 2203 1648 2237 interemptus
1678 2206 1720 2229 est
1750 2200 1854 2228 Ziadus
1880 2207 1896 2227 a

263 2254 369 2284 peccato
387 2254 412 2276 et
433 2256 479 2275 nec
500 2249 653 2282 resipisrere
675 2254 878 2283 proposuerunt,
893 2249 1051 2283 tlepositioni
1067 2250 1090 2278 D
1105 2249 1248 2277 Muetartc.
1275 2249 1336 2282 Quo
1356 2249 1449 2276 audito
1474 2247 1632 2276 Abimelech
1655 2247 1730 2274 venit
1756 2247 1782 2273 in
1806 2245 1897 2273 Meso-

266 2296 402 2323 canonicw
431 2294 632 2322 submittendos.
667 2295 761 2330 Itaque
777 2303 809 2322 ex
833 2295 891 2331 ipsa
910 2296 1052 2323 Chronica:

265 2342 446 2370 annotatione
459 2346 584 2377 patenter
600 2347 712 2377 apparet
728 2342 801 2376 quod
829 2342 937 2369 collecti
955 2351 969 2368 a
985 2351 1052 2370 san-

265 2394 310 2416 t-ta
342 2388 489 2416 universali
515 2391 592 2416 sexta
614 2388 720 2423 synodo
738 2396 824 2423 ttsqtte
843 2388 878 2415 ad
892 2389 982 2416 editas
998 2389 1054 2415 for-

266 2443 325 2461 mas
348 2435 413 2462 anni
431 2434 465 2461 27
491 2438 575 2466 sunt,
599 2434 755 2469 patriarcha
776 2434 1054 2469 Constantinopoleos

266 2483 293 2506 in
323 2484 417 2507 sancta
450 2479 598 2507 universali
626 2480 732 2515 synodo
763 2484 840 2507 sexta
867 2478 984 2515 Georgio
1013 2488 1053 2506 re-

267 2531 346 2560 perto
371 2534 473 2552 annum
499 2529 598 2561 agente
625 2525 826 2560 patriarchatns
859 2525 901 2553 sui
929 2526 1052 2556 tertium,

266 2576 293 2597 t-t
319 2575 382 2606 post
409 2570 545 2606 synodum
574 2570 729 2605 patriarcha
748 2576 873 2598 manente
890 2571 970 2598 anuis
992 2571 1054 2598 aliis

267 2617 366 2645 tribus.
401 2616 467 2644 Post
491 2618 565 2644 hunc
598 2624 663 2644 vero
696 2617 772 2644 fuere
799 2617 936 2644 Theodori
964 2618 996 2649 5,
1027 2621 1054 2643 ιιι

268 2662 347 2690 l‘auli
371 2664 406 2694 7,
432 2667 460 2690 ct
483 2662 612 2690 Callinici
643 2662 691 2695 12,
716 2667 743 2689 et
773 2663 836 2698 Cyri
866 2664 930 2690 anni
952 2664 991 2695 ξς
1018 2664 1054 2690 ita

269 2713 298 2734 ut
314 2708 479 2742 colligantur
505 2707 586 2735 etiam
609 2715 641 2734 ex
672 2707 738 2741 ipsis
752 2708 914 2742 patriarchis
926 2709 989 2736 anni
1008 2709 1054 2741 37,

270 2754 304 2782 ab
318 2754 401 2782 editis
413 2759 504 2782 autem
531 2753 625 2781 formis
639 2761 725 2788 usque
744 2753 776 2781 ad
808 2759 934 2789 quartum
953 2763 1054 2782 annum

1106 2296 1277 2331 potantiam,
1316 2300 1344 2323 et
1385 2295 1560 2331 tyrannidem
1593 2297 1697 2328 patitur
1736 2301 1751 2320 a
1790 2292 1895 2322 Saido.

1106 2349 1188 2377 quem
1226 2349 1423 2377 supergressus
1457 2340 1542 2368 verbo
1581 2339 1744 2366 Damascum
1789 2339 1898 2372 aperire

1108 2388 1173 2416 fecit
1199 2396 1214 2415 a
1243 2395 1273 2415 se
1298 2393 1477 2422 pra‘ventam,
1496 2391 1524 2414 et
1547 2389 1609 2421 post
1624 2385 1681 2412 haec
1702 2384 1896 2412 fraudulenter

1106 2434 1207 2462 occidit
1227 2441 1301 2460 eum.

1142 2480 1317 2508 Justinianns
1337 2483 1427 2507 autem
1444 2486 1506 2506 cum
1527 2483 1601 2507 esset
1615 2478 1718 2513 junior,
1744 2477 1823 2511 quasi
1849 2485 1899 2503 an-

1107 2533 1205 2553 norum
1224 2525 1268 2556 16,
1290 2529 1316 2552 et
1335 2532 1383 2552 sua
1401 2531 1517 2559 quicque
1542 2524 1696 2551 inconsulte
1728 2523 1899 2556 ὁὶδιιοιιιϊεῐ,

1109 2572 1185 2599 tnisit
1199 2571 1344 2598 Lcontittm
1363 2575 1506 2605 praetorem
1522 2569 1548 2596 in
1568 2569 1727 2596 Armeniam
1755 2577 1819 2595 cum
1844 2567 1900 2593 lto-

1109 2618 1198 2644 mnico
1214 2620 1365 2652 potentatu,
1396 2621 1424 2643 ct
1452 2615 1597 2643 Saracenis
1623 2615 1680 2642 illic
1703 2613 1901 2642 assistentibus

1110 2664 1282 2699 interemptis
1307 2662 1415 2697 subegit
1440 2662 1511 2689 banc
1549 2661 1694 2693 Romanis,
1720 2661 1850 2687 sitniliter
1873 2664 1901 2686 et

1111 2709 1249 2737 lliberiatu
1268 2714 1296 2736 et
1323 2709 1479 2740 Albaniam,
1506 2707 1665 2735 Bucandant
1685 2714 1796 2741 quoque
1819 2709 1902 2740 atque

1112 2756 1239 2788 Mediam,
1263 2760 1290 2783 et
1319 2755 1371 2783 sub
1387 2754 1492 2782 tributo
1507 2754 1668 2790 regionibus
1683 2753 1752 2780 actis
1768 2751 1901 2786 plurimas

1037 2813 1155 2842 ΝΟΤΛΞ.

305 2856 362 2892 (§9)
383 2856 480 2892 Delirc.
499 2856 634 2884 Fabrotus
655 2865 703 2891 pro
714 2865 747 2884 eo
763 2857 836 2892 quod
851 2864 910 2885 erat
922 2859 1024 2886 [ιι-Δανα.

305 2891 362 2924 (70)
380 2891 547 2920 Canditionc.
562 2890 674 2928 (Fragor.
702 2890 853 2921 Tun—hist.
877 2894 887 2920 i
904 2903 910 2920 :
926 2903 934 2919 ι
958 2902 972 2921 a
993 2895 1072 2930 pritni
1094 2894 1213 2922 hominis
1229 2893 1394 2921 conditione.
1408 2902 1416 2918 ι
1441 2890 1523 2920 Ρηη.
