2052 3153
164 165 173 198 l
180 166 228 197 1'17

547 169 729 201 HISTORIA
752 173 1042 208 ECCLESlASTICA
1064 179 1112 208 ΕΧ
1129 179 1370 212 ΤΗΕΟΙἮΑΝΕ.

1720 184 1790 216 1338

163 220 291 267 pectit-nias
316 220 474 267 imperatori
493 223 658 251 transmisit.
693 226 727 253 At
751 234 817 254 vero
836 227 948 255 Abime-
964 234 985 262 Α
1001 233 1144 266 perpendit
1161 233 1233 267 quod
1248 234 1368 261 studiqu
1384 242 1481 262 eorum
1495 240 1570 263 esset
1586 240 1615 263 ut
1642 236 1787 265 Mardaita-

163 265 218 291 lech
238 263 280 291 his
305 265 423 300 cognitis
456 267 514 294 adit
530 267 710 302 Cercesium,
735 275 763 298 et
789 272 948 308 'l‘hcopolim

164 310 329 344 subjugavit.

197 355 275 382 Anno
287 355 394 391 imperii
411 356 561 387 Justiniani
581 361 702 389 secundo
716 361 818 391 Paulus
834 363 950 391 habetur

162 402 286 432 antistes,
310 402 356 437 qui
374 409 476 437 septem
495 405 575 433 annis
592 407 692 434 throno
714 407 949 444 Constantinopo-

162 447 247 474 litano
260 449 403 481 prmsedit;
422 449 548 486 factaque
561 456 603 479 est
619 452 705 480 fames
724 454 750 480 in
771 454 849 489 Syria
863 474 870 486 ,
895 463 947 489 qua

161 492 194 519 de
210 500 239 519 re
254 493 332 520 multi
350 493 512 522 Romaniam
535 501 601 524 sunt
619 497 748 533 ingressi.
783 499 815 526 Et
836 500 949 528 veniens

161 537 308 572 imperator
333 538 360 565 in
378 538 535 567 Armeniam
561 541 615 568 illic
643 544 765 578 suscepit
789 543 946 577 Mardaitas,

161 583 204 616 qui
221 583 248 610 in
265 582 369 611 Libano
389 584 507 616 fuerant,
525 594 601 615 teneo
617 595 696 615 muro
711 589 862 618 destructo.
896 590 947 618 De-

160 629 261 656 struxit
287 633 378 657 autent
407 635 434 658 et
461 639 554 666 pacem
580 641 643 660 cum
672 633 836 670 Vulgaribus
854 636 946 669 ﬁxam,

159 675 323 707 perturbans
350 681 430 713 typos
454 678 500 713 qui
530 686 544 705 a
569 685 647 714 patre
671 683 782 716 proprio
804 683 948 711 ordinabi-

155 717 219 748 liter
251 721 315 749 nacti
346 727 430 756 sunt,
452 729 479 751 et
503 725 582 759 jubet
614 729 732 756 transire
756 729 783 756 in
813 729 946 758 Thracem

158 772 302 801 equestres
331 768 461 801 militias,
495 771 588 797 volt-ns
618 777 671 798 lam
705 773 835 809 vulgares
863 783 946 811 quant

159 812 310 841 St-lavinias
328 815 452 849 praedari.

195 865 275 892 Anno
290 866 396 900 imperii
414 867 455 893 sui
475 867 557 893 tertio
578 867 661 894 movit
682 868 833 895 exercitum
861 868 948 897 Justi-

162 912 262 939 niauus
278 915 374 938 contra
393 912 559 939 St-laviniam
574 917 600 939 et
613 912 782 948 Vulgariam,
801 919 829 941 et
846 914 949 950 Vulga-
965 908 986 935 Β

160 965 204 984 res
232 957 343 991 quidem
369 958 402 985 ad
427 966 546 993 praesens
561 958 613 986 sibi
636 965 815 988 occurrentes
832 961 949 995 impulit.

161 1002 320 1039 ['Ivsut'gens
344 1008 435 1031 autem
471 1013 560 1040 usque
582 1004 796 1033 Thessalonicen
822 1007 951 1041 copiosas

161 1051 354 1078 multitudines
377 1051 569 1079 Sclavinorum
600 1052 700 1087 partim
721 1052 793 1080 bello
818 1054 950 1088 percepit,

159 1096 258 1128 partim
279 1103 340 1123 cum
367 1096 400 1124 ad
426 1104 456 1125 se
473 1096 641 1125 confluerent
671 1097 698 1125 in
725 1097 849 1133 partibus
866 1098 953 1126 Obse-

160 1142 228 1175 quii,
253 1150 315 1169 eum
334 1150 382 1177 per
402 1142 525 1178 Abydum
547 1144 773 1176 transfretasset,
797 1145 950 1172 constituit.

160 1186 229 1214 Dum
255 1192 345 1214 autem
378 1193 574 1220 reverteretur,
590 1189 617 1216 in
636 1189 734 1217 itinere
756 1191 922 1226 praepeditus
936 1199 951 1218 a

160 1231 327 1268 Vulgaribus
348 1233 374 1259 in
395 1237 455 1259 arto
470 1233 606 1260 clausura:
618 1242 680 1261 cum
695 1235 769 1262 caede
789 1235 892 1270 proprii
906 1243 953 1270 po-

160 1279 217 1313 puli
236 1284 263 1305 et
281 1279 470 1306 vulneratione
489 1279 575 1306 multa
591 1280 635 1307 vix
656 1287 780 1307 remeare
798 1281 951 1315 prtevaluit.

160 1323 263 1352 Eodem
297 1331 370 1352 anno
400 1329 428 1352 et
457 1324 642 1352 Adelatzubcr
670 1324 813 1352 Musabum
840 1325 951 1353 fratrem

160 1377 242 1397 suum
267 1370 351 1397 mittit
368 1375 466 1398 contra
490 1370 606 1401 Muctar,
623 1374 650 1398 et
665 1371 732 1398 inito
745 1371 829 1398 Marte
843 1379 904 1399 cum
920 1379 953 1399 eo

161 1418 278 1444 vertitur
294 1416 408 1448 Muctar,
427 1421 455 1444 et
476 1416 545 1451 fugit
562 1416 589 1443 in
605 1416 733 1453 Syriam;
750 1425 831 1452 quem
845 1425 951 1452 prmoc-

159 1471 265 1499 eupans
278 1463 424 1491 interfecit.
456 1464 542 1491 Porro
563 1463 721 1491 Abimelech
744 1464 844 1491 militat
857 1469 952 1492 contra

161 1509 316 1542 Ilusabum,
341 1514 369 1537 et
385 1510 488 1537 victum
505 1510 618 1543 occidit,
641 1515 669 1538 et
687 1511 846 1546 subiugavit
860 1510 954 1538 Persi-

159 1555 221 1582 dem
239 1560 336 1583 totam.

195 1601 289 1629 Mundi
302 1608 376 1628 anno
388 1600 453 1628 6181
462 1621 468 1632 ,
484 1599 583 1627 divina:
597 1600 795 1628 incarnationis
806 1608 879 1628 anno
890 1600 953 1632 68l,

161 1655 234 1675 anno
257 1656 322 1676 vero
349 1647 455 1682 imperii
470 1646 618 1674 Justiniani
633 1652 733 1682 quarto
748 1647 822 1674 misit
836 1647 954 1674 Abime—

161 1693 220 1722 lecti
239 1698 336 1722 contra
351 1693 472 1721 Zubehir
487 1693 593 1728 chagan
610 1693 636 1720 in
663 1693 754 1720 Macca
766 1713 773 1725 ,
800 1697 828 1720 et
852 1692 955 1720 occidit

118 1742 122 1745 '
160 1748 223 1768 eum
251 1741 351 1769 ibidem
379 1740 504 1775 rhagan,
526 1743 554 1767 et
576 1739 685 1766 subdita
717 1740 828 1774 regione
849 1739 954 1774 cliagan

161 1787 326 1815 adversante
338 1786 390 1813 sibi
406 1785 593 1812 concremavit
609 1784 721 1812 domum
743 1784 806 1812 idoli
821 1784 883 1821 ejus
901 1791 954 1811 una

162 1840 223 1860 cmn
240 1833 314 1860 idolo
328 1833 444 1860 culturae
459 1832 593 1866 ipsorum.
626 1830 714 1864 Quam
731 1831 766 1858 ob
780 1838 892 1857 causam
911 1830 956 1857 ille

161 1877 267 1914 chagan
286 1884 429 1914 praetorem
447 1877 567 1905 Persidis
583 1877 767 1912 promovit,et
783 1876 898 1903 subacta
914 1879 956 1902 est

163 1922 320 1951 Abimelech
354 1928 409 1950 tam
442 1922 566 1950 Persidis
594 1922 670 1957 regio
700 1926 727 1950 et
753 1921 956 1955 Mesopotamiae

165 1976 250 2004 quam
263 1969 393 1997 Armenia
410 1976 508 2003 magna
527 1967 659 2001 Ethribi,
675 1971 703 1995 et
717 1975 764 2001 per
782 1967 808 1995 id
827 1966 955 1994 intestina

162 2021 260 2045 eorum
281 2015 351 2043 bella
369 2015 549 2050 quieverunt.

198 2059 280 2087 Anno
306 2058 414 2094 imperii
436 2057 588 2085 Iustiniani
618 2057 715 2091 quinto
753 2056 833 2084 finem
862 2055 957 2083 habuit

161 2111 190 2134 et
210 2108 345 2134 liberatus
371 2110 414 2133 est
440 2105 474 2132 ab
497 2105 573 2131 omni
604 2104 675 2131 bello
702 2103 823 2130 Arabum
852 2102 958 2137 princi-

163 2158 256 2187 patus,
279 2157 306 2180 et
325 2159 391 2187 pace
415 2151 518 2187 potitus
534 2150 755 2183 estAbimelech,
773 2150 885 2178 cunctis
904 2149 956 2177 sibi

163 2200 302 2229 subactis.

1001 286 1060 305 rum
1080 279 1170 306 solum
1193 284 1381 314 compesceret
1397 281 1515 316 primum
1543 282 1681 315 incursus,
1706 287 1732 311 ct
1752 286 1789 311 ita

1002 332 1050 358 per
1067 325 1197 360 potativte
1211 326 1327 353 rationis
1343 327 1486 355 obtentum
1502 336 1596 362 pacem
1614 329 1788 358 dissolveret.

1000 370 1078 403 Quod
1090 375 1117 397 et
1140 371 1240 398 factum
1255 376 1309 402 est,
1329 376 1356 398 et
1372 373 1447 400 misit
1468 373 1626 401 Abimelech
1648 376 1680 401 ad
1705 377 1790 403 aedifi-

1000 417 1117 443 candum
1135 417 1264 451 templum
1280 417 1404 448 Machau.
1417 422 1444 446 et
1461 419 1547 446 voluit
1565 421 1674 448 auferre
1686 423 1797 449 colurn-

1000 470 1050 490 nas
1078 467 1180 490 sanctae
1195 463 1377 491 Gelsemauis.
1406 464 1439 490 Et
1457 470 1624 500 rogaverunt
1648 475 1709 493 cum
1724 467 1788 494 Scr-

999 509 1061 543 gius
1080 509 1190 544 quidam
1208 510 1250 536 vir
1259 510 1526 544 Christianissimus,
1540 513 1584 547 qui
1598 517 1658 539 erat
1672 522 1788 548 genera-

999 555 1032 582 lis
1057 555 1169 583 Mansnr
1196 556 1334 590 logotheta
1367 561 1394 584 et
1419 558 1499 585 valde
1528 559 1673 587 familiaris
1700 561 1788 588 cidem

999 600 1179 632 Abiinelcch,
1211 606 1294 636 atque.
1321 603 1452 636 patricius
1480 604 1575 631 socius
1602 605 1662 638 ejus
1679 625 1686 636 .
1709 605 1791 633 Chri‘

999 647 1098 675 stiauls
1127 648 1173 682 qui
1199 653 1278 675 erant
1307 649 1334 676 in
1368 649 1511 676 Palaestina
1541 652 1714 684 pra-positus.
1743 653 1789 687 qui

997 693 1244 728 cognominabatur
1275 694 1416 726 Clausus,
1451 696 1620 729 postulantes
1649 705 1682 724 ue
1713 697 1790 725 fieret

999 736 1072 770 hoc,
1104 739 1151 765 sed
1181 746 1229 773 per
1263 739 1482 774 supplicationes
1513 748 1579 767 suas
1615 742 1789 775 persuaderet

997 782 1154 811 Justiniano
1170 784 1294 812 mittendi
1313 785 1365 812 sibi
1388 785 1456 812 alias
1475 793 1524 820 pro
1540 786 1597 818 eis;
1614 787 1684 821 qqu
1699 791 1726 815 et
1740 787 1784 814 fa-

1000 837 1075 860 ctum
1089 835 1140 859 est.

1035 879 1113 906 Auno
1129 879 1234 914 iu-perii
1251 878 1292 906 sui
1316 879 1435 914 septimo
1457 878 1631 907 Juszinianns
1653 880 1735 914 elegit
1757 888 1788 907 ex

1003 925 1120 957 Sclavis,
1147 925 1194 960 qui
1217 933 1248 952 se
1262 925 1378 959 jubentc
1397 925 1602 960 migravernnt,
1626 926 1724 952 milites
1741 926 1790 952 tri-

1001 971 1076 1005 ginta
1103 971 1199 1002 millia,
1233 975 1262 998 et
1292 971 1407 998 armatis
1427 971 1468 999 eis
1498 971 1699 1006 cognominavit
1729 971 1792 998 illos

1003 1017 1134 1051 populum
1151 1016 1360 1050 aceeplabilem,
1378 1016 1585 1051 principemque
1602 1017 1628 1043 in
1644 1016 1686 1043 eis
1700 1015 1792 1043 Nebu-

1004 1062 1058 1088 lum
1073 1061 1184 1088 nomine
1201 1061 1310 1088 statuit.
1335 1060 1416 1088 Fisus
1438 1065 1530 1088 autem
1551 1061 1577 1087 in
1605 1060 1659 1088 illis
1683 1060 1792 1094 scripsit

1003 1106 1142 1133 Arabibus
1168 1114 1221 1133 nou
1255 1113 1285 1133 se
1318 1113 1528 1140 permansurum
1557 1106 1583 1132 in
1611 1113 1699 1140 pace,
1733 1112 1792 1138 qua

1006 1151 1112 1186 scripto
1128 1155 1311 1185 _convenerat.
1347 1149 1379 1176 Et
1391 1156 1534 1185 assumpto
1551 1151 1652 1185 populo
1668 1154 1794 1184 accepta-

1004 1196 1050 1224 bili
1064 1201 1090 1224 et
1104 1196 1212 1224 cunctis
1229 1195 1405 1231 equestribus
1420 1196 1526 1224 militiis
1547 1196 1615 1223 abiit
1626 1195 1792 1230 Sebastopo-

1005 1243 1050 1270 lim
1067 1243 1244 1269 maritimam.
1279 1242 1383 1270 Arabes
1406 1246 1497 1270 autem
1525 1243 1744 1273 dissimulantes,
1768 1246 1795 1268 et

1003 1295 1097 1323 pacem
1123 1287 1230 1314 solvere
1246 1287 1359 1315 minime
1387 1292 1582 1323 proponentes,
1609 1287 1656 1315 sed
1675 1288 1795 1322 impera-

1004 1333 1076 1361 torio
1088 1341 1204 1360 excessu
1222 1337 1304 1367 atque
1316 1333 1444 1368 procacia
1460 1333 1511 1360 hoc
1525 1333 1620 1369 agendi
1638 1333 1794 1360 violentiam

1003 1381 1151 1415 patientes,
1181 1380 1280 1406 armati
1305 1383 1334 1407 et
1364 1380 1415 1414 ipsi
1437 1380 1552 1407 veniunt
1580 1379 1794 1413 Sebastopolim,

1005 1428 1188 1460 protestantes
1205 1432 1238 1451 ne
1256 1424 1418 1458 imperator,
1433 1431 1496 1458 qua;
1508 1423 1623 1450 invicem
1641 1431 1701 1451 cum
1719 1422 1796 1458 jura-

1005 1471 1105 1498 mentis
1131 1477 1253 1498 consono
1272 1475 1353 1504 pacto
1377 1470 1477 1505 placita
1507 1469 1626 1502 fuerant,
1653 1468 1795 1501 solveret;

1005 1516 1127 1551 alioquin
1154 1507 1226 1543 Deus
1247 1515 1344 1542 vindex
1375 1518 1404 1541 et
1429 1514 1513 1549 judex
1544 1514 1688 1549 culparum
1714 1512 1794 1539 foret.

967 1573 988 1602 ο
1008 1562 1081 1591 Sane
1099 1571 1160 1590 cum
1174 1563 1324 1596 imperator
1339 1568 1390 1588 nec
1406 1559 1502 1587 auditu
1524 1560 1584 1595 ipso
1605 1558 1797 1593 hujuscemodi

1005 1611 1087 1637 verba
1107 1608 1248 1643 percipere
1264 1611 1414 1642 pateretur,
1442 1606 1481 1633 illi
1499 1606 1578 1641 pacis
1592 1609 1619 1633 et
1631 1604 1706 1632 verbi
1728 1605 1797 1631 scri-

1006 1660 1082 1690 ptum
1096 1654 1235 1681 solventes
1248 1657 1275 1681 et
1295 1653 1323 1680 in
1339 1652 1447 1679 excelsa
1462 1652 1538 1679 basta
1550 1658 1599 1686 pro
1614 1651 1712 1678 vexillo
1735 1657 1798 1685 pro-

1007 1700 1121 1728 cedendi
1152 1699 1240 1734 gratia
1272 1697 1488 1733 suspendentes,
1523 1700 1621 1724 contra
1656 1695 1798 1723 Romanos

1007 1746 1108 1780 impetu
1121 1745 1241 1776 irruunt,
1255 1742 1382 1769 Muamed
1407 1741 1505 1768 ducem
1523 1740 1667 1771 habentes,
1680 1739 1796 1766 bellum-

1006 1799 1060 1826 que
1072 1790 1160 1817 taliter
1176 1790 1307 1817 iuierunt.
1326 1788 1359 1815 Et
1375 1788 1452 1822 prius
1463 1786 1575 1822 quidem
1590 1785 1711 1820 superati
1734 1790 1799 1813 sunt

1005 1836 1119 1864 Arabes.
1160 1834 1316 1870 Suggerens
1351 1833 1455 1860 interea
1494 1831 1620 1859 Muamed
1654 1830 1798 1858 auxilianti

1006 1882 1138 1910 Ruinanis
1164 1881 1324 1908 Sclavorum
1337 1880 1399 1908 duci
1417 1878 1501 1906 mittit
1514 1879 1538 1906 ei
1560 1877 1731 1913 marsupiuru
1745 1880 1800 1904 ttu-

1008 1927 1181 1956 mismatibus
1204 1927 1329 1961 plenum,
1360 1925 1510 1958 multisque
1539 1921 1800 1958 reprornitsiombns

1007 1974 1081 2002 hunc
1098 1973 1233 2001 seducens
1250 1971 1396 2007 persuadet
1413 1970 1446 1998 ad
1460 1978 1490 1998 se
1510 1970 1605 2004 fugere
1619 1976 1682 1995 cum
1700 1967 1800 2002 viginti

1008 2019 1129 2047 millibus
1143 2018 1317 2050 Sclavorum,
1331 2021 1359 2044 et
1371 2017 1412 2044 sic
1426 2015 1518 2050 fugam
1534 2014 1690 2048 Quiritibus
1707 2013 1802 2047 acqui-

1008 2065 1082 2094 sivit.
1108 2064 1185 2092 Tunc
1201 2064 1351 2098 imperator
1363 2062 1465 2090 occidit
1479 2062 1578 2089 horum
1600 2058 1726 2086 residuos
1748 2065 1800 2084 una

1008 2119 1071 2139 cum
1097 2111 1191 2138 liberis
1213 2113 1241 2137 et
1273 2108 1407 2136 uxoribus
1433 2112 1510 2134 trans
1541 2104 1684 2141 praecipitii
1709 2104 1800 2130 locttm

1009 2156 1169 2184 Leucatium
1181 2155 1297 2187 dictum,
1313 2154 1360 2188 qui
1382 2153 1539 2180 maritimus
1552 2155 1612 2178 erat
1624 2149 1701 2185 juxta
1723 2148 1802 2175 Nico-

1010 2203 1175 2230 mediensem
1192 2202 1283 2229 sinum
1301 2201 1417 2235 positus.

200 2245 280 2274 Anno
297 2245 403 2280 imperii
418 2244 459 2271 sui
479 2243 496 2271 6
525 2242 699 2270 .lnstiniauus
711 2249 817 2277 pacem,
829 2249 910 2276 quam
925 2241 959 2268 ab

1045 2249 1125 2276 Anno
1142 2247 1250 2289 imperii
1267 2246 1415 2274 Iustiniani
1436 2249 1534 2272 octavo
1549 2244 1655 2271 Sabbas
1672 2241 1803 2277 patricius

164 2289 322 2318 Allimelech
350 2290 458 2322 habuit,
484 2297 518 2317 ex
544 2289 664 2315 amentia
692 2288 829 2315 dissolvit.
851 2287 958 2315 Etenim

165 2330 330 2372 Cypriorum
357 2337 446 2365 insula
462 2335 594 2372 populum
625 2334 854 2362 irrationabiliter
875 2334 961 2362 voluit

166 2384 377 2419 trausmigrare.
396 2386 424 2410 et
440 2382 641 2412 characterem,
657 2381 704 2416 qui
721 2381 825 2408 missus
843 2381 877 2407 ab
892 2380 960 2407 Abi-

165 2430 272 2458 niclech
285 2429 386 2462 fuerat,
400 2435 462 2456 cum
476 2428 585 2454 uoviter
600 2427 679 2454 visus
690 2431 765 2454 esset
778 2430 806 2453 et
819 2432 960 2460 nunquam

165 2480 246 2503 antea
261 2475 362 2508 fartus,
375 2481 429 2500 non
445 2472 567 2499 admisit.
596 2471 743 2498 Multitudo
762 2478 827 2506 ergo
844 2470 960 2505 Cyprio-

167 2526 229 2548 ruin
249 2521 315 2549 dmn
333 2526 505 2548 transmeare
525 2518 670 2550 nileretur,
700 2517 845 2545 submersa
860 2520 914 2548 est,
935 2519 962 2542 et

169 2573 200 2593 ex
218 2569 352 2603 languore
372 2566 490 2601 peribat,
513 2564 610 2600 reliqui
628 2571 694 2591 vero
724 2563 751 2590 in
772 2563 891 2599 Cyprum
916 2568 961 2589 re-

169 2615 242 2642 versi
266 2619 341 2642 sunt.
370 2613 403 2642 Et
420 2611 523 2639 auditis
542 2611 585 2638 bis
607 2610 766 2638 Abimelecli
781 2609 904 2636 satanice
922 2607 961 2636 si-
995 2609 999 2613 ”

169 2660 292 2687 rnulatus
307 2659 421 2694 rogabat
441 2666 473 2685 ne
489 2665 540 2693 pax
562 2658 726 2688 solveretur,
744 2655 791 2682 sed
807 2654 962 2690 susciperet

170 2711 309 2734 monetam
328 2714 418 2737 suam,
435 2712 497 2732 cum
517 2703 620 2732 Arabes
641 2711 693 2730 non
719 2702 891 2736 susciperent
908 2700 961 2728 Ro-

169 2757 316 2780 manorum
349 2752 512 2779 incisioncm
548 2750 575 2778 in
605 2750 663 2777 suis
691 2749 822 2776 nummis.
861 2747 961 2776 Verum

170 2795 233 2824 dolo
247 2799 364 2834 pondere
383 2798 443 2825 altri
469 2798 526 2824 ait:
552 2797 664 2824 Nullum
687 2796 813 2823 Romanis
833 2794 960 2822 damnum

172 2841 311 2875 efﬁcietur,
334 2853 413 2871 exeo
433 2844 505 2878 quod
534 2844 637 2870 Arabes
663 2850 733 2870 nova
759 2842 901 2869 cuderent.
929 2841 964 2867 At

174 2886 220 2916 ilic
248 2897 357 2926 precem
381 2898 413 2918 ex
437 2891 534 2918 timore
561 2890 712 2918 arbitratus
737 2888 876 2922 etlcctam,
906 2895 961 2915 non

1014 2296 1161 2328 Armeniae,
1177 2299 1315 2329 comperta
1331 2292 1511 2327 superatione
1528 2291 1728 2320 ltouvanorum.
1753 2289 1804 2316 Ar-

1015 2342 1133 2370 meniam
1163 2340 1301 2367 Arabibus
1329 2338 1465 2369 tradidit,
1496 2341 1523 2364 et
1550 2335 1673 2369 subjecta
1698 2339 1741 2361 est
1764 2334 1806 2360 eis

1014 2386 1260 2417 interior-Persis,
1287 2392 1349 2419 quae
1370 2383 1473 2410 dicitur
1496 2382 1627 2409 Cherasa.
1659 2381 1692 2408 Et
1716 2379 1805 2406 oritur

1014 2434 1114 2461 ibidem
1141 2431 1285 2458 insidiator
1314 2430 1424 2457 nomine
1447 2428 1589 2458 Sabinus,
1621 2426 1668 2461 qui
1701 2426 1804 2453 multos

1012 2478 1133 2506 Arabum
1150 2475 1300 2507 interfecit,
1327 2475 1374 2503 sed
1391 2479 1419 2501 et
1441 2474 1530 2508 ipsum
1551 2472 1705 2506 chagauum
1720 2477 1805 2505 prope

1013 2524 1101 2553 modis
1128 2522 1257 2550 omnibus
1285 2522 1312 2549 in
1340 2528 1420 2548 amne
1440 2519 1558 2547 necavit.
1591 2517 1631 2544 Ex
1654 2521 1721 2544 tune
1739 2523 1805 2551 ergo

1012 2577 1061 2605 per
1088 2568 1208 2603 amplius
1239 2567 1356 2603 Agareni
1387 2564 1527 2594 temerarii
1555 2563 1619 2591 facti
1642 2561 1805 2589 Romaniam

1013 2614 1259 2650 depopulabantur.

1050 2661 1140 2689 Mundi
1156 2667 1228 2687 anno
1241 2659 1322 2692 6186,
1333 2658 1435 2685 divinae
1450 2654 1649 2685 incarnationis
1661 2661 1733 2680 anno
1741 2652 1804 2681 686.

1015 2715 1087 2735 anno
1103 2714 1168 2734 vero
1191 2705 1297 2741 imperii
1314 2703 1460 2732 Justiniani
1475 2703 1492 2731 9
1515 2700 1669 2730 Callinicus
1690 2699 1806 2726 habetur

1014 2750 1338 2786 Constantinopolitanus
1357 2749 1485 2782 antistes,
1513 2747 1561 2783 qui
1579 2746 1614 2773 12
1631 2744 1740 2781 praefuit
1755 2751 1804 2771 an-

1016 2797 1058 2824 nis
1086 2796 1227 2823 Ecclesiae.
1254 2794 1312 2822 Hoc
1336 2794 1419 2821 etiam
1437 2800 1511 2820 anno
1534 2791 1654 2819 defectio
1673 2794 1715 2817 est
1738 2789 1805 2817 solis

1015 2842 1111 2870 effecta
1127 2842 1192 2870 hora
1206 2842 1259 2869 diei
1273 2841 1364 2873 tertia,
1381 2840 1419 2868 ita
1438 2845 1467 2867 ut
1482 2838 1607 2873 quaedam
1624 2837 1705 2864 clarae
1718 2835 1804 2864 stella:

1016 2892 1153 2924 parerent.
1167 2886 1198 2915 Et
1214 2887 1366 2930 exercitum
1389 2886 1474 2914 movit
1493 2883 1616 2912 Moamcd
1633 2886 1728 2911 contra
1745 2882 1799 2909 lto-
