2052 3153
235 169 303 202 133.)

782 166 985 197 ANASTASII
1006 164 1322 198 BIBLIOTHECARII

1805 166 1879 198 1311}

235 227 354 256 maniam
371 226 477 253 habens
488 232 581 253 secum
599 223 731 259 proiugos
746 223 859 250 Sclavos
876 227 970 258 utpote
980 229 1029 249 ex-
1041 222 1067 252 Α
1081 222 1216 256 agendum
1229 223 1265 251 ab
1285 223 1352 250 urbe
1369 226 1460 250 motus
1481 223 1598 250 statione
1619 223 1672 250 ﬁxa
1689 224 1749 251 vale
1765 224 1875 253 dicebat

236 277 326 309 pertes
344 271 494 302 Romaniut.
518 275 546 299 et
564 270 666 298 multos
684 269 764 297 duxit
783 269 920 303 captivos.
943 267 1029 295 Porro

235 317 410 345 Justinianus
425 315 596 350 diligentiam
614 315 689 342 circa
707 314 802 348 palatii
817 314 923 341 habens
943 319 1029 347 nego-

237 363 272 389 tia
292 361 447 389 construxit
467 361 630 392 triclinium,
643 360 716 395 quod
736 359 884 388 Iustiniani
902 364 1028 392 vocatur,

237 408 437 442 constituitque
448 407 618 441 Stephanum
628 406 740 434 Persam
748 427 754 437 .
766 407 939 434 sacellarinm
948 415 1029 434 suum

237 459 263 482 et
276 455 430 489 spadonum
447 455 582 489 primum,
596 453 738 481 domiumn
754 453 934 485 etarbitrum,
950 453 1031 480 nimis

237 501 414 529 insidiantem
429 501 557 535 sanguini
579 505 661 534 atque
678 499 831 533 crudelem,
848 499 893 533 qui
909 499 1032 526 immise-

240 546 387 574 ricorditer
400 546 552 573 exteriores
567 552 693 580 quosque
720 544 876 577 verberare,
896 545 943 572 sed
957 548 984 572 et
998 545 1034 571 la-

241 592 334 627 pidare
352 598 407 620 tam
424 593 498 627 ipsos
510 599 592 627 quam
608 592 704 619 horum
721 590 912 626 przelatos(7l)
925 592 1033 625 penitus

242 646 296 665 non
312 638 452 666 cessabat.
465 637 591 672 Cumque
610 637 760 672 imperator
774 636 893 671 quadam
909 636 954 663 die
969 643 1033 671 pro—

240 683 329 712 fectus
359 683 468 717 fuisset,
493 683 669 718 prmsumpsit
694 683 811 718 agrestis
831 683 877 709 illa
896 683 982 710 bestia
1007 686 1034 709 et

241 735 357 758 matrem
375 739 486 766 quoque
508 731 595 764 ipsius
620 730 795 757 Anastasiam
817 729 968 763 Augustam
987 728 1035 755 ha-

240 777 319 804 benis
334 785 410 804 more
426 777 500 811 pueri
516 776 667 811 ﬁagellare.
683 777 712 802 In
730 775 771 803 his
787 780 879 813 autem
893 779 920 802 et
932 776 960 802 in
974 782 1033 801 om-

243 831 304 850 nem
321 823 431 850 civilem
449 824 557 858 copiam
577 822 672 849 ntultis
690 822 771 849 malis
784 822 904 849 ostensis
921 829 1034 849 exosum

243 869 310 896 fecit
327 869 438 897 cunctis
456 869 663 904 imperatorem.
679 868 813 896 Similiter
832 873 860 896 et
875 869 902 895 in
919 875 1033 903 genera-

242 917 275 943 lis
290 916 434 950 logothesii
452 916 535 943 rebus
542 915 688 943 constituit
698 915 862 943 monachum
876 916 1033 950 quemdam,

242 962 419 991 Theodorum
435 962 556 994 nomine,
577 962 625 997 qui
644 961 721 997 prius
743 961 887 989 inclausus
902 961 991 988 fuerat
1008 962 1034 988 in

243 1006 453 1036 Thracensibus
466 1008 575 1042 angusti
591 1007 727 1042 partibus,
751 1008 799 1034 sed
824 1012 851 1034 et
875 1008 965 1042 ipsum
983 1015 1035 1035 sae-

243 1054 387 1081 vissimum
401 1057 428 1082 et
443 1053 582 1081 crudelem
596 1053 710 1080 nimium
720 1054 910 1085 exsistentem,
920 1054 966 1089 qui
980 1055 1037 1089 plu-

244 1101 330 1128 rimos
342 1100 500 1134 reipublicae
517 1099 655 1135 principes
674 1103 702 1127 et
720 1099 845 1127 illustres
865 1100 952 1132 viros,
982 1108 1036 1128 non

244 1151 352 1174 tantum
367 1154 401 1174 ex
414 1146 622 1174 ordinatoribus
642 1146 690 1173 sed
716 1153 747 1172 ex
769 1145 846 1173 urbis
874 1146 1038 1173 habitatori-

244 1193 307 1225 bus,
326 1192 429 1220 frustra
442 1196 469 1219 et
484 1192 512 1219 in
528 1199 628 1219 vanum
641 1197 667 1219 et
678 1191 904 1219 iuexcnsabiliter
916 1191 1038 1219 exactio-

244 1246 295 1266 nes
318 1244 344 1266 et
373 1238 531 1266 functiones
547 1246 582 1266 ex
603 1239 807 1273 proscriptione
830 1238 974 1266 exsolvere
999 1238 1038 1265 fa-

245 1285 322 1312 ciens
345 1284 516 1319 t‘unibusque
540 1284 591 1312 hos
607 1285 780 1318 suspendens
797 1284 938 1319 palearum
962 1284 1039 1311 fumo

245 1329 395 1357 afﬁciebat.
413 1329 529 1365 Insuper
550 1335 578 1358 et
602 1330 759 1365 praefectus,
778 1331 953 1364 imperatoria
977 1330 1039 1365 jus-

246 1374 324 1401 sione
340 1374 477 1409 plurimos
493 1375 567 1402 viros
579 1375 738 1403 carceribus
752 1375 863 1402 tradens
876 1383 924 1410 per
935 1375 1040 1411 aliquot

247 1426 335 1446 annos
349 1420 453 1446 servari
468 1419 620 1447 mandavit.
634 1419 696 1447 Haec
714 1421 806 1447 omnia
825 1428 951 1448 crescere
967 1421 1040 1448 fece-

247 1469 312 1492 runt
340 1465 433 1493 odium
457 1466 551 1501 populi
573 1467 646 1494 circa
672 1468 878 1500 imperatorem.
904 1467 1040 1496 Praeterea

247 1511 398 1545 imperator
408 1512 534 1546 exigebat
545 1519 560 1538 a
572 1511 706 1539 Callinico
718 1513 873 1546 patriarcha
886 1514 1039 1541 orationem

1081 270 1188 303 amicis,
1216 270 1264 304 qui
1289 268 1323 296 ad
1348 277 1377 297 se
1401 269 1560 297 veniebant.
1586 269 1660 297 Inter
1675 279 1744 304 quos
1761 272 1793 298 ad
1810 279 1874 299 eum

1083 323 1182 343 venere
1197 315 1319 351 germani
1335 323 1444 351 quoque
1459 315 1567 343 sodales
1589 316 1662 350 ejus.
1681 316 1784 344 Paulus
1800 319 1877 345 scili-

1082 366 1126 389 θοι
1153 361 1305 389 monachus
1330 361 1493 393 Callistrati,
1520 361 1567 396 qtti
1585 367 1613 389 et
1635 367 1823 397 astronontus,
1848 368 1878 390 ιι

1083 406 1216 442 Gecrgius
1237 408 1394 443 Cappadox,
1422 408 1468 442 qui
1485 412 1511 435 et
1533 408 1703 436 clusiarehes
1718 409 1875 441 exstiterat.

1083 454 1181 481 deinde
1196 455 1348 481 monachus
1365 453 1452 481 factus
1465 458 1491 480 et
1505 453 1675 488 hegumenus
1691 453 1775 486 Flori,
1788 455 1834 490 qui
1850 455 1879 482 in

1084 499 1209 527 custodia
1227 500 1400 534 frequentius
1427 501 1503 527 illum
1530 500 1676 528 visitantes
1701 500 1880 529 afﬁrmabant

1084 552 1145 571 eum
1172 546 1364 580 imperatorem
1389 545 1574 573 Romanorum
1600 545 1736 573 futurum.
1759 546 1794 574 At
1813 555 1885 574 vero

1085 589 1216 618 Leontius
1232 591 1302 618 dixit
1322 590 1355 618 ad
1369 599 1417 618 eos
1432 600 1440 618 :
1461 591 1512 618 Vos
1530 596 1630 618 certum
1646 592 1673 619 in
1692 593 1812 620 custodia
1828 601 1876 620 su-

1084 644 1131 670 per
1151 637 1263 671 imperio
1275 646 1314 664 me
1337 638 1449 671 fecistis,
1474 642 1498 664 et
1514 646 1583 665 nunc
1606 639 1660 665 vita
1674 646 1731 665 mea
1752 639 1778 665 in
1796 640 1876 666 malis

1086 684 1190 717 ﬁnitur,
1217 684 1383 718 postmodum
1403 685 1499 720 quippe
1525 692 1609 712 meum
1631 694 1675 712 ero
1692 693 1738 719 per
1758 686 1878 721 singulas

1086 730 1165 757 horas
1190 731 1347 765 pra'stolans
1377 736 1496 758 mortem.
1515 731 1567 764 Qui
1591 731 1745 758 dixerunt:
1769 731 1830 766 Ipse
1849 740 1882 759 ne

1086 778 1231 812 pigriteris,
1244 782 1268 804 et
1283 777 1331 804 hoc
1343 778 1464 812 protinus
1482 777 1653 812 adimpletur.
1673 778 1742 804 Audi
1762 787 1809 805 nos
1822 783 1883 805 tan-

1088 829 1157 855 tum,
1181 828 1205 850 et
1225 832 1332 858 sequere
1356 832 1413 850 nos.
1431 823 1461 850 Et
1478 823 1631 857 assumptis
1645 823 1777 851 Leontius
1793 825 1884 851 Immi-

1089 868 1171 896 nibus
1185 868 1253 901 suis,
1275 873 1302 895 et
1325 869 1409 896 armis
1426 872 1561 902 quotquot
1582 867 1692 900 habuit,
1712 869 1836 896 ascendit
1854 870 1883 896 iu

1089 914 1246 948 praetorium
1264 913 1374 941 silentio
1389 914 1493 947 multo;
1509 919 1536 940 et
1549 913 1691 948 pulsantes
1708 920 1814 950 portam
1833 916 1886 942 im-

1086 964 1241 994 peratorem
1263 959 1372 987 venisse
1390 959 1528 994 ﬁngebant
1545 960 1579 987 ad
1595 959 1782 994 disponendos
1797 969 1888 996 quos-

1087 1005 1162 1037 dam,
1178 1006 1224 1040 qui
1242 1006 1297 1033 illic
1312 1013 1373 1033 esse
1391 1011 1581 1034 noscerentur.
1603 1005 1728 1042 Cumque
1747 1007 1798 1034 hoc
1815 1016 1889 1034 unn-

1088 1051 1185 1078 tiatum
1199 1050 1297 1078 fuisset
1308 1050 1447 1085 praefecto,
1464 1051 1511 1085 qui
1529 1055 1594 1078 tunc
1608 1057 1666 1080 erat
1680 1058 1707 1079 et
1719 1053 1764 1080 ille
1776 1054 1887 1082 concite

1087 1097 1209 1124 venisset
1224 1100 1250 1123 et
1263 1101 1355 1130 portas
1372 1097 1538 1131 aperuisset,
1558 1098 1665 1133 capitur
1681 1106 1695 1125 a
1711 1098 1838 1131 Leontio,
1857 1104 1891 1127 «ιι

1089 1143 1176 1177 alapis
1192 1149 1281 1170 caesus
1297 1142 1398 1177 ligatur
1412 1151 1509 1170 manus
1523 1149 1549 1171 et
1561 1143 1657 1178 pedes.
1674 1143 1818 1179 Ingressus
1837 1154 1888 1173 an-

1088 1194 1142 1216 tem
1168 1188 1314 1220 Leontius,
1333 1193 1359 1215 et
1377 1188 1535 1216 carceribus
1559 1191 1700 1221 reseratis,
1731 1192 1887 1227 solutisque

1090 1235 1155 1262 viris
1180 1235 1298 1262 retrusis
1328 1234 1421 1261 multis
1437 1239 1463 1261 et
1491 1234 1622 1266 fortibus.
1650 1236 1697 1270 qui
1722 1245 1767 1264 sex
1782 1242 1888 1264 etoclo

1090 1281 1171 1308 annis
1188 1282 1215 1308 in
1232 1281 1351 1309 vinculis
1379 1281 1503 1315 fuerant,
1524 1290 1641 1316 quorum
1666 1283 1758 1317 plures
1783 1284 1892 1312 milites

1090 1333 1180 1358 erant.
1207 1328 1257 1355 hos
1285 1328 1413 1360 armavit,
1433 1332 1460 1355 et
1477 1328 1504 1354 in
1526 1328 1615 1355 forum
1647 1329 1733 1356 exivit
1758 1337 1820 1356 cum
1847 1331 1888 1357 eis

1090 1373 1214 1401 clamans
1233 1382 1239 1400 :
1257 1372 1392 1408 Quotquot
1419 1373 1579 1406 Christiani,
1597 1374 1632 1400 ad
1649 1373 1678 1401 S.
1699 1375 1836 1409 Sep/tiam.
1854 1375 1897 1402 Et

1093 1420 1205 1446 mittens
1231 1427 1280 1455 per
1307 1427 1416 1446 otnnem
1444 1420 1582 1454 regionem
1607 1429 1675 1448 voce
1699 1429 1748 1448 sua
1767 1422 1887 1450 clamare

1094 1465 1231 1500 prarepit.
1246 1465 1392 1492 Multitudo
1408 1472 1473 1492 vero
1492 1465 1612 1493 civitatis
1630 1467 1796 1493 tumultuata
1815 1468 1889 1494 cele-

1093 1512 1160 1538 riter
1173 1511 1205 1538 ad
1221 1511 1336 1538 luterem
1352 1511 1477 1538 ecclesia:
1494 1516 1660 1546 congregata
1676 1516 1728 1539 est.
1750 1512 1807 1546 Ipse
1823 1521 1892 1539 vero

247 1556 379 1590 faciendi,
399 1561 430 1584 ut
450 1558 605 1585 destrueret
621 1559 767 1585 scelestam
783 1564 886 1587 sanclaa
902 1559 1039 1588 Deiceni.
1055 1564 1077 1595 ρ
1094 1565 1155 1585 cum
1176 1557 1285 1584 duobus
1305 1557 1448 1585 monachis
1474 1558 1571 1585 amicis
1591 1558 1649 1585 suis
1671 1563 1699 1585 et
1721 1559 1889 1592 quibusdam

248 1602 341 1633 tricis,
359 1610 420 1637 qua:
437 1603 621 1637 metropolitae
637 1603 792 1637 dicebatur,
813 1605 892 1640 juxta
909 1607 1041 1640 palatium

249 1649 343 1680 sitam,
355 1649 451 1676 volens
469 1649 496 1675 in
513 1649 575 1676 loco
589 1649 688 1676 sistere
704 1649 825 1684 phialam
840 1655 868 1678 et
883 1651 963 1679 bases
976 1660 1043 1680 con-

249 1698 356 1720 struere
366 1694 439 1730 vulgi
458 1694 636 1727 Venetorum.
654 1699 684 1722 ut
705 1696 760 1723 illic
776 1696 969 1731 imperatorem
986 1706 1045 1727 sus-

249 1740 384 1775 ciperent.
404 1741 440 1768 At
471 1749 538 1769 vero
552 1742 711 1777 patriarcha
731 1742 842 1770 dicebat
862 1753 868 1771 :
890 1743 1045 1772 Orationem

247 1786 354 1822 quidem
386 1787 420 1814 ad
446 1787 616 1815 statuendam
642 1789 781 1815 ecclesiam
797 1789 934 1824 habemus,
952 1792 979 1818 in
1000 1792 1046 1820 de-

250 1833 424 1860 structionem
441 1841 502 1861 vero
516 1834 634 1862 ecclesia
655 1843 707 1861 non
724 1836 898 1869 suscepimus.
923 1837 1046 1872 Cogente

250 1884 341 1906 autem
371 1887 434 1908 eum
463 1881 641 1916 imperatore,
670 1886 698 1909 et
725 1883 893 1911 omnimodis
919 1885 1046 1919 exigente

250 1925 417 1959 orationem,
443 1926 513 1953 dixit
533 1927 693 1961 patriarcha
713 1937 719 1955 :
738 1928 831 1956 Gloria
855 1929 908 1956 Deo
940 1930 986 1964 qui
1001 1930 1047 1964 ju-

251 1970 320 2005 giler
335 1972 470 1998 sustinens
483 1973 598 2006 patitur,
615 1980 686 2000 nunc
701 1978 725 2000 et
742 1982 845 2009 semper
857 1979 882 2002 et
902 1976 929 2002 in
948 1975 1047 2003 sa'cula

250 2015 422 2044 swculorum.
438 2017 531 2044 Amen.
554 2017 615 2050 Quo
638 2018 733 2045 audito
750 2019 947 2048 destruxerunt
960 2021 1048 2049 eccle-

251 2061 321 2088 siam
337 2065 364 2089 et
381 2061 507 2089 fecerunt
520 2062 650 2097 phialam.
666 2062 753 2090 Porro
768 2064 823 2098 jam
841 2065 944 2092 dictam
960 2066 1049 2093 eccle-

251 2107 322 2134 siam
343 2108 526 2143 metropolita:
542 2108 667 2135 fecerunt
685 2110 759 2143 apud
776 2109 879 2137 Petrin.

287 2153 368 2180 Anno
395 2153 504 2188 imperii
530 2152 680 2181 Iustiniani
709 2155 818 2182 decimo
838 2155 926 2183 aciem
949 2157 1049 2185 direxit

253 2198 379 2225 Muanted
396 2199 529 2226 adversus
546 2204 671 2234 quartam
693 2201 865 2233 Armeniam.
880 2206 908 2230 et
924 2203 1047 2238 captiva-

1093 1611 1125 1630 ex
1143 1602 1306 1630 clarioribus
1320 1603 1397 1634 viris,
1420 1603 1466 1638 qui
1489 1611 1521 1630 ex
1541 1604 1665 1631 custodia
1687 1608 1752 1630 sunt
1771 1605 1896 1638 egressi,.

1096 1647 1292 1683 patriarcltium
1317 1647 1444 1675 ascendit
1468 1648 1501 1674 ad
1520 1648 1718 1682 patriarcham.
1742 1648 1891 1675 Invenietis

1095 1699 1186 1721 autem
1201 1698 1228 1721 et
1241 1694 1330 1728 ipsum
1351 1698 1462 1730 propter
1478 1693 1523 1721 illa
1544 1701 1605 1728 qua:
1621 1693 1698 1728 jus-sa
1715 1698 1781 1721 sunt
1802 1695 1890 1728 patri«

1097 1741 1140 1768 cio
1156 1740 1297 1775 Stephano
1312 1739 1384 1767 Rufo
1397 1740 1550 1772 turbatum,
1566 1740 1713 1774 persuadet
1728 1744 1755 1766 et
1770 1740 1891 1767 descen-

1096 1786 1162 1813 dere
1177 1785 1210 1812 ad
1226 1785 1351 1815 luterem.
1367 1789 1394 1812 et
1410 1786 1531 1812 clamare
1554 1785 1595 1812 sic
1612 1794 1619 1812 :
1637 1784 1701 1811 Παιε
1727 1784 1784 1812 dics
1811 1794 1898 1818 quam

1097 1834 1159 1868 fecit
1176 1833 1316 1859 Dominus.
1340 1831 1473 1860 Universa
1487 1840 1553 1859 vero
1566 1832 1714 1858 multitudo
1730 1832 1893 1859 levavorunt

1097 1885 1192 1905 vocem
1210 1887 1217 1905 :
1233 1876 1406 1912 E/Todiantur
1428 1885 1490 1904 ossa
1505 1875 1671 1908 Iustiniani,
1689 1881 1716 1904 et
1733 1878 1769 1903 ita
1786 1878 1814 1904 in
1830 1878 1894 1912 hip-

1100 1924 1273 1960 podromium
1289 1924 1379 1951 omnis
1398 1923 1521 1950 cucurrit
1539 1923 1668 1958 populus.
1686 1923 1812 1958 Cumque
1833 1923 1894 1951 dies

1099 1971 1170 1998 facta
1200 1970 1308 2002 fuisset,
1325 1970 1446 1997 educunt
1467 1968 1656 1997 Iustinianum
1682 1971 1710 1996 in
1734 1970 1895 2005 hippodro-

1100 2017 1196 2048 mium,
1226 2023 1349 2051 nasoque
1373 2015 1462 2050 ipsius
1481 2019 1509 2043 et
1530 2015 1623 2051 lingua
1652 2016 1740 2044 recisa
1767 2016 1894 2043 exsulem

1101 2063 1206 2091 faciunt
1235 2063 1305 2098 apud
1334 2062 1516 2090 Chersonam.
1550 2063 1636 2090 Porro
1660 2062 1894 2097 comprehensum

1102 2110 1182 2137 turba
1200 2109 1372 2137 Theodotum
1391 2110 1556 2137 monachum
1589 2113 1616 2136 et
1642 2108 1796 2143 generalem
1823 2108 1896 2142 logo-

1100 2156 1201 2184 tbetam
1218 2155 1475 2191 atqueStephanum
1492 2154 1666 2182 sacellarium
1680 2154 1804 2187 Persam,
1820 2153 1898 2180 futti-

1101 2203 1208 2237 busque
1223 2206 1375 2230 retrorsum
1392 2201 1442 2228 hos
1462 2200 1561 2235 ligatos
1581 2199 1696 2226 trahunt
1711 2206 1759 2232 per
1773 2199 1894 2226 mediam

253 2245 289 2271 tis
318 2244 414 2272 multis
438 2252 568 2273 reversus
583 2249 637 2273 est.
654 2245 756 2273 Eodem
775 2255 887 2282 quoque
908 2256 980 2276 anno
998 2248 1047 2276 Ju-
1061 2243 1086 2273 1)
1101 2249 1229 2284 plateam,
1248 2252 1274 2275 et
1290 2248 1323 2274 ad
1341 2248 1437 2274 bovem
1457 2246 1592 2274 deductos
1608 2245 1802 2277 incenderunt,
1819 2250 1846 2272 et
1858 2245 1897 2271 ita

252 2291 391 2318 sdniauus
405 2291 441 2319 ab
452 2292 570 2326 imperio
591 2293 689 2326 pulsus
711 2298 753 2321 est
777 2295 827 2321 hoc
851 2295 943 2322 modo.
961 2295 1047 2323 Iussit

253 2337 395 2372 Stephano
418 2337 535 2372 patricio
552 2343 579 2366 et
602 2339 729 2373 prmtori,
749 2345 932 2374 cognomento
955 2341 1046 2375 Ruﬁo,

252 2389 337 2412 noctu
356 2384 513 2412 interﬁcere
536 2385 636 2420 vulgus
661 2386 1010 2422 Constantinopolitanum,
1033 2397 1047 2416 a

253 2431 411 2465 patriarcha
435 2431 607 2458 inehoaturo.
636 2431 768 2459 Leontius
781 2440 847 2460 vero
869 2433 1004 2468 patricius
1021 2439 1048 2462 et

252 2477 392 2512 quondam
421 2477 552 2511 magister
573 2477 690 2504 militum
720 2476 914 2510 Orientalium,
945 2480 990 2515 qui
1020 2481 1046 2507 iu

253 2523 335 2552 bellis
348 2532 420 2560 saepe
434 2524 617 2559 probabiliter
634 2529 758 2559 gesserat
777 2529 805 2552 et
828 2529 883 2553 tres
912 2526 939 2553 in
959 2531 1049 2554 custo-

253 2570 299 2599 dia
315 2574 487 2605 transegerat
497 2578 584 2598 annos
599 2575 759 2603 accusatus,
780 2572 919 2606 extemplo
936 2580 1049 2601 revoca-

253 2622 300 2646 tus
310 2622 338 2646 et
351 2622 450 2652 prator
467 2617 589 2645 Helladis
604 2621 749 2652 promotus
765 2623 826 2645 est:
842 2618 938 2653 jussus
956 2624 1047 2647 autem

255 2667 298 2691 est
315 2663 342 2691 in
357 2667 414 2690 tres
428 2663 538 2690 immitti
555 2663 704 2690 dromones
719 2663 924 2698 eademquedie
934 2663 968 2690 ab
979 2664 1047 2691 urbe

256 2709 370 2738 moveri.
384 2708 471 2737 Nocte
486 2717 552 2736 vero
568 2717 652 2744 penes
667 2707 848 2737 Julianesium
870 2712 980 2744 portum
997 2709 1048 2737 So-

255 2757 336 2791 phiae,
355 2757 434 2792 juxta
448 2764 480 2784 ea
496 2764 558 2791 quae
572 2756 704 2783 dicuntur
722 2755 809 2783 Mauri
825 2755 920 2788 situm,
943 2756 976 2783 ad
996 2756 1048 2783 iter

1101 2295 1244 2324 Leontium
1263 2295 1459 2330 imperatorem
1472 2293 1668 2320 laudavernnt.

1135 2341 1214 2368 Anno
1241 2340 1350 2375 imperii
1374 2340 1416 2368 sui
1433 2339 1523 2374 primo
1546 2338 1679 2366 Leontius
1696 2346 1758 2365 cum
1780 2345 1899 2373 regnare

1101 2387 1242 2422 cmpisset,
1259 2386 1382 2422 undique
1397 2385 1511 2421 paeiﬁce
1525 2385 1638 2417 mansit,
1655 2384 1800 2419 tribusque
1815 2384 1900 2411 annis

1102 2433 1247 2468 imperium
1263 2432 1343 2461 rexit.

1137 2481 1217 2507 Anno
1233 2479 1340 2514 imperii
1360 2479 1466 2506 Leontii
1493 2479 1614 2507 secundo
1635 2478 1721 2505 movit
1743 2477 1899 2505 exercitum

1103 2525 1250 2554 Senalidus
1273 2526 1300 2552 in
1317 2525 1491 2557 Romaniam,
1508 2531 1534 2552 et
1561 2526 1654 2552 multis
1669 2524 1764 2552 ductis
1779 2524 1898 2556 captivis

1103 2579 1231 2599 reversus
1249 2576 1309 2605 est;
1330 2571 1522 2607 seditioneque
1544 2571 1657 2607 Sergius
1678 2571 1831 2602 concitata,
1850 2578 1899 2603 pa—

1103 2617 1201 2644 tricius
1215 2617 1332 2648 Lazicaa,
1354 2617 1426 2644 hanc
1441 2618 1577 2645 Arabibus
1594 2617 1697 2645 subdit.

1139 2663 1219 2690 Anno
1233 2671 1300 2690 vero
1313 2663 1420 2698 imperii
1437 2662 1543 2690 Leontii
1559 2662 1642 2689 tertio
1666 2662 1725 2689 acie
1748 2661 1855 2688 Arabes
1871 2661 1898 2686 in

1099 2710 1218 2737 Africam
1235 2713 1308 2736 mota
1319 2709 1389 2735 hanc
1399 2708 1589 2739 obtinuerunt,
1605 2712 1632 2734 et
1645 2716 1677 2736 ex
1691 2708 1803 2743 proprio
1819 2715 1900 2735 exer-

1098 2757 1153 2784 citu
1161 2759 1268 2783 laxatos
1275 2755 1301 2782 in
1310 2755 1482 2790 eajqnosdam
1491 2753 1814 2787 constituerunt.Quihus
1823 2761 1900 2780 com‘

1015 2813 1131 2842 NOTAE.

292 2861 349 2899 (71)
366 2861 504 2899 Prwlutos.
524 2861 576 2899 Qui
600 2861 643 2899 eis
661 2865 815 2896 praeerant;
829 2861 893 2890 hinc
908 2862 1032 2899 praelatio
1060 2863 1213 2898 προστασία
1235 2862 1305 2897 apud
1321 2865 1374 2889 vet.
1395 2861 1444 2888 int.
1466 2861 1546 2896 epist.
1570 2860 1602 2888 ad
1623 2859 1821 2893 Autiochcuns,
1837 2866 1899 2893 qua

258 2896 288 2923 S.
305 2897 413 2931 lgnatio
449 2898 607 2926 ascribitnr.
623 2896 706 2924 FABR.
