2052 3153
164 159 231 192 1341

545 158 731 190 HISTORIA
748 158 1040 189 ECCLESIASTICA
1050 159 1100 189 EX
1120 159 1362 190 THEOPHANE.

1719 159 1788 192 1342

161 214 945 250 pertisLeomiusmittitloannempatricium,virumido-
962 214 985 242 A
1001 214 1119 242 Abdelas
1145 215 1172 242 in
1195 215 1369 247 Itomaniam,
1394 220 1422 242 et
1447 223 1606 251 expugnans
1636 215 1784 243 Tarentum

159 270 253 292 neum.
272 268 333 288 eum
350 261 476 287 omnibus
492 255 629 288 Roniaicis
647 260 792 288 classibus.
809 259 859 292 Qui
883 267 944 286 cum

161 306 352 342 Carthaginem
380 307 558 341 pervenisset,
582 311 609 333 et
625 306 701 334 bello
714 310 839 332 catenam
853 310 948 340 portus

162 353 393 389 cjnsaperuisset.
410 353 589 388 inimicosque
602 353 629 380 in
640 353 729 389 fugam
746 353 883 384 vertisset,
898 351 948 379 hos

162 398 278 425 viriliter
289 398 431 426 insecutus
452 398 580 425 universa
601 397 725 424 liberavit
740 396 836 424 Africae
846 397 947 427 castra.

163 444 322 479 relictisque
339 444 457 480 propriis
477 443 703 471 observatoribus
721 444 777 470 lucc
791 443 947 477 imperatori

165 489 313 525 suggessit,
332 489 487 524 ibidemque
498 489 629 516 hiemavit
642 488 794 523 jussionem
811 487 950 523 praestola-

163 541 208 563 tus
232 536 267 563 ab
291 543 335 563 eo.
362 536 395 562 At
411 542 477 562 vero
499 534 723 570 protosymbolus
740 533 783 560 his
805 532 952 568 compertis

165 582 307 617 copiosum
317 586 343 609 et
351 581 531 616 potentiorem
543 580 675 607 adversus
683 587 731 606 eos
746 579 846 606 stolum
862 583 952 605 trans-

165 627 258 660 mittit,
275 631 302 654 et
335 626 495 662 prtedictum
533 624 665 653 Joannem
695 632 756 652 cum
780 623 850 651 stolo
863 623 952 658 ipsius

164 673 237 701 bello
252 680 266 699 a
284 676 364 707 portu
381 671 504 707 depellit,
520 677 547 699 et
564 671 688 698 exterius
703 670 839 697 hostiliter
863 673 953 696 castra

164 722 284 745 metatus
299 722 341 744 est
356 726 363 744 :
379 717 526 752 prtedictus
541 724 606 743 vero
615 715 735 745 Joannes
749 715 781 742 ad
792 713 952 741 Romaniam

164 763 317 798 repedavit,
334 762 466 798 majorem
489 762 619 789 virtutem
641 761 676 788 ab
701 761 868 795 imperatore
883 759 956 786 acci-

163 817 228 845 pere
243 809 348 841 volens,
365 813 392 836 et
405 809 481 835 venit
502 815 589 843 usque
606 807 639 834 ad
655 805 775 837 Cretam,
803 806 952 840 principem

164 855 304 883 aditurus.
325 853 471 881 Exercitus
494 857 585 880 autem
611 859 659 887 per
690 851 810 885 majores
835 857 900 877 suos
919 849 952 876 ad

163 900 360 936 imperatorem
392 899 543 926 ascendere
571 898 668 925 nolens
694 897 862 932 (obtinuerat
881 896 954 922 enim

164 955 212 975 eos
227 947 311 973 timor
327 951 409 980 atque
428 944 568 979 confusio)
593 943 627 971 ad
651 943 797 970 consilium
823 949 884 970 sese
906 949 954 969 ne-

165 993 331 1028 quissimqu
346 991 471 1019 contulit.
487 990 522 1017 Et
541 990 604 1018 huic
624 990 838 1019 maledixerunt.
854 988 956 1023 eligen-

165 1044 206 1067 tes
222 1040 414 1074 imperatorem
428 1037 602 1072 Apsimarum
618 1035 798 1071 drungarium
812 1034 955 1069 Cibyram-

166 1091 259 1114 torum
280 1085 351 1121 apud
371 1084 525 1112 Curiositas
548 1083 686 1115 habitum,
715 1082 789 1110 hunc
814 1081 956 1109 Tiberium

167 1132 354 1160 nominantes.
375 1131 471 1166 Itaque
494 1129 610 1157 Leontio
627 1128 700 1164 apud
719 1128 954 1162 Constantinopo-

166 1178 214 1206 lim
228 1177 319 1213 posito
333 1180 360 1204 et
371 1176 532 1203 Neoresium
550 1179 658 1210 portum
674 1174 853 1206 emundante,
872 1173 959 1200 bubo-

167 1225 212 1252 nis
230 1223 316 1257 postis
338 1222 399 1249 urbi
421 1221 558 1253 incubuit,
588 1221 660 1248 etin
680 1223 797 1255 quatuor
819 1219 958 1246 mensibus

168 1269 372 1297 multitudinem
389 1268 477 1302 plebis
492 1267 673 1302 consumpsit.
691 1265 774 1294 Venit
788 1270 879 1293 autem
904 1265 959 1292 Ab-

169 1316 290 1343 simarus
307 1319 359 1341 una
376 1321 437 1340 cum
455 1313 537 1345 stolo,
562 1312 609 1348 qui
632 1319 727 1339 secum
743 1317 811 1338 erat.
827 1316 855 1336 ct
871 1310 958 1344 appli-

169 1361 226 1388 cuit
241 1367 274 1387 ex
291 1359 406 1386 adverso
420 1359 542 1385 civitatis
558 1358 584 1385 in
603 1357 698 1392 Syees.
720 1356 771 1383 Per
787 1356 957 1390 aliquantum

170 1413 239 1434 sane
262 1404 392 1440 temporis
410 1404 520 1431 civitate
545 1403 660 1438 prodere
675 1402 787 1429 uolente
803 1401 958 1433 Leontium,

170 1451 291 1487 proditio
308 1449 378 1478 facta
388 1454 431 1478 est
446 1457 495 1484 per
513 1449 680 1484 singularem
701 1455 811 1474 murum
830 1447 960 1474 Blacher-

170 1506 268 1526 narum
292 1505 306 1524 a
324 1496 495 1531 principibus
509 1494 624 1527 exteris,
638 1493 740 1529 quibus
755 1493 845 1520 claves
857 1492 958 1520 terreni

999 261 1122 295 nihilque
1149 261 1294 296 proficiens
1311 262 1408 293 rediit,
1433 270 1464 289 ac
1490 262 1636 290 :edificavit
1660 262 1787 298 Mopsue-

999 307 1092 340 stiam,
1112 312 1138 334 et
1152 308 1243 342 posuit
1258 308 1284 335 in
1300 315 1331 335 ea
1348 309 1486 336 custodes.

1035 353 1115 380 Anno
1146 353 1252 388 imperii
1277 354 1415 381 Absimari
1439 358 1538 388 quarto
1563 353 1669 380 Baaues
1686 360 1790 386 cogno-

1001 404 1093 427 mento
1119 398 1285 434 Eptademon
1317 404 1444 434 quartam
1474 399 1630 426 Armeniam
1652 399 1789 426 Arabibus

1001 445 1133 472 subdidit.
1148 445 1309 473 Absimarus
1321 453 1387 472 vero
1403 444 1596 480 Philippicum,
1611 444 1695 471 filium
1709 444 1789 471 Nice-

1001 490 1080 526 phori
1107 491 1226 526 patricii,
1251 491 1277 519 in
1298 491 1500 526 Cephalleniam
1525 491 1646 518 exsulem
1666 490 1738 516 misit
1762 494 1791 516 ut

1003 536 1155 571 imperandi
1172 538 1281 564 somnio
1295 537 1481 564 vennndatum
1500 544 1506 563 :
1524 536 1664 564 asserebat
1675 536 1747 562 enim
1762 543 1791 562 se

1003 583 1030 610 in
1047 583 1152 611 somnis
1167 583 1269 611 vidisse
1286 584 1360 618 quod
1379 588 1462 618 caput
1482 591 1562 610 suum
1579 582 1792 610 obumbraretur

1004 629 1039 656 ab
1053 630 1157 665 aquila.
1173 629 1279 663 Quibus
1291 630 1442 665 imperator
1457 629 1561 656 auditis
1577 629 1651 655 hunc
1665 627 1792 663 protinus

1003 676 1100 703 exsilio
1116 676 1264 712 relegavitJ

1039 722 1121 748 Anno
1138 722 1245 757 imperii
1261 721 1398 749 Absimari
1414 721 1512 756 quinto
1524 720 1687 748 seditionem
1699 719 1794 746 conci-

1006 769 1134 792 taverunt
1161 766 1299 802 principes
1323 766 1459 794 Armeniae
1475 771 1572 794 contra
1589 766 1754 794 Saracenos.
1767 769 1793 792 ct

1005 818 1053 838 eos
1067 811 1114 846 qui
1140 816 1218 838 erant
1237 812 1264 839 in
1282 812 1412 839 Armenia
1437 815 1624 846 peremerunt.
1642 815 1669 838 et
1695 811 1792 837 iterum

1008 857 1040 884 ad
1053 857 1228 885 Absimarum
1253 858 1376 890 mittunt,
1402 861 1430 885 et
1455 857 1593 884 Romanos
1611 857 1638 884 in
1654 857 1793 891 regionem

1007 910 1085 930 suam
1100 903 1251 931 adducunt.
1273 904 1359 930 Porro
1382 903 1504 931 Muamed
1520 903 1579 929 acie
1603 903 1734 929 adversus
1747 908 1795 928 eos

1007 948 1110 976 directa
1139 950 1241 976 multos
1267 949 1378 981 occidit,
1408 954 1436 977 et
1462 949 1619 976 Armeniam
1649 948 1796 975 Saracenis

1007 994 1155 1025 submittit.
1175 996 1379 1030 optimatesque
1400 996 1592 1022 Armeniorum
1612 994 1795 1021 enacervatim

1008 1040 1036 1068 in
1057 1048 1114 1068 uno
1125 1042 1185 1069 loco
1208 1042 1331 1069 viventes
1345 1041 1476 1069 incendit.
1495 1042 1545 1069 Per
1559 1041 1630 1068 idem
1645 1048 1710 1067 vero
1725 1045 1796 1067 tem-

1007 1093 1060 1121 pus
1075 1087 1226 1114 exercitum
1250 1088 1336 1114 movit
1352 1087 1422 1114 Azar
1438 1088 1465 1114 in
1482 1087 1604 1114 Ciliciam
1622 1094 1683 1113 cum
1702 1086 1796 1113 decem

1008 1131 1148 1164 millibus;
1170 1133 1214 1160 cui
1248 1141 1310 1161 cum
1338 1134 1436 1161 obvius
1464 1135 1631 1161 occurrisset
1657 1132 1798 1160 lleraclius

1008 1177 1096 1206 frater
1110 1179 1295 1214 imperatoris.
1314 1179 1446 1214 plurimos
1475 1187 1570 1206 eorum
1596 1178 1711 1210 occidit,
1730 1178 1800 1205 resi-

1008 1223 1078 1251 duos
1092 1232 1159 1252 vero
1173 1224 1282 1252 vinctos
1299 1225 1457 1260 imperatori
1476 1225 1638 1252 transmisit.

1045 1271 1126 1298 Anno
1136 1271 1244 1305 imperii
1261 1271 1398 1298 Absimari
1412 1275 1488 1298 sexto
1499 1271 1600 1297 Azidns
1614 1269 1700 1297 Cnnei
1713 1269 1798 1296 aciem

1010 1321 1105 1345 contra
1133 1316 1257 1343 Ciliciam
1287 1317 1382 1350 movit,
1412 1324 1628 1352 expugnansqu
1657 1315 1728 1342 Sisri
1753 1323 1800 1341 ca-

1011 1368 1146 1390 strum....
1163 1362 1307 1390 lleraclius
1329 1363 1503 1398 imperatoris
1521 1363 1607 1390 frater
1621 1363 1752 1393 obtinuit,
1773 1365 1800 1387 et

1009 1407 1111 1436 bellum
1132 1409 1159 1435 in
1173 1416 1235 1436 eum
1253 1416 1399 1444 aggressus
1419 1408 1538 1435 Arabum
1556 1406 1698 1434 duodecim
1715 1406 1799 1432 millia

1011 1459 1103 1482 necat.
1125 1454 1229 1482 interea
1255 1454 1429 1482 Justinianus
1449 1462 1511 1482 cum
1530 1461 1613 1489 penes
1631 1453 1799 1481 Chersonam

1012 1501 1124 1536 degeret
1138 1505 1168 1528 et
1182 1509 1212 1529 se
1228 1501 1326 1529 iterum
1350 1501 1548 1536 imperaturum
1562 1500 1742 1527 concinnatus
1755 1498 1803 1525 dr-

170 1545 244 1573 mIFi
268 1551 328 1571 Cum
353 1543 477 1571 horribili
503 1543 680 1578 illrelurando
830 1541 960 1568 meram:
975 1547 998 1578 C
1014 1548 1165 1580 nuntiaret.
1182 1548 1281 1575 accola-2
1293 1548 1416 1575 locorum
1429 1547 1588 1576 eorumdem
1603 1546 1751 1573 discrimen
1769 1553 1802 1572 ex

172 1591 217 1619 isti
236 1599 356 1625 namque
374 1598 422 1625 per
435 1589 551 1617 insidias
567 1589 739 1616 tradiderunt
753 1588 859 1615 urbem.
875 1586 962 1614 Porro

171 1637 290 1673 ingressi
308 1637 439 1664 classium
455 1634 558 1662 milites
581 1634 682 1661 civium
707 1634 815 1665 domos,
838 1632 964 1660 denuda-

171 1688 272 1712 verunt
287 1683 314 1710 in
328 1682 370 1709 his
389 1681 556 1708 habitantes.
573 1680 608 1707 At
618 1687 684 1707 vero
698 1679 860 1713 Apsimarus
874 1678 963 1706 Leon-

172 1730 241 1757 lium
260 1729 368 1764 quidem
385 1735 452 1756 uaso
468 1726 556 1755 reciso
574 1727 602 1753 in
627 1725 826 1753 monasterium
845 1724 961 1751 Dalmati

172 1776 226 1804 Sub
251 1774 376 1802 custodia
403 1773 463 1801 fore
489 1773 632 1808 praecepit,
659 1771 798 1807 principes
817 1774 909 1797 autem
937 1774 965 1797 et

173 1822 278 1848 amicos
291 1820 362 1855 ejus,
377 1823 472 1854 utpote
488 1818 698 1846 commorientes
721 1817 757 1849 ei,
780 1823 868 1844 caesos
881 1820 964 1851 atque

173 1864 377 1900 proscriptione
388 1863 532 1891 damnatos
541 1862 641 1890 exsilio
649 1862 789 1896 relegavit.
797 1860 967 1889 Heraclium-

173 1918 229 1945 que
240 1917 399 1944 germanum
416 1909 528 1936 fratrem
544 1915 636 1940 suum,
654 1911 684 1934 ut
703 1907 793 1933 virum
816 1906 966 1933 vehemen

175 1961 216 1984 ter
231 1957 370 1988 idoneum,
389 1955 558 1990 singularem
580 1960 724 1989 praetorem
743 1953 865 1980 omnium
891 1956 967 1979 exte-

174 2003 278 2031 riorum
293 2002 460 2037 equestrium
472 2001 641 2028 exercituum
657 2003 812 2035 promotum
827 1999 854 2025 in
872 2001 966 2032 partes

174 2048 354 2084 Cappadociae
369 2054 401 2073 ac
425 2047 618 2073 clausurarum
635 2046 791 2072 discurrere
815 2048 967 2078 contraque

175 2096 269 2124 hostes
284 2102 377 2122 curam
393 2098 420 2121 et
438 2093 652 2128 dispositionem
669 2092 760 2119 facere
775 2091 859 2118 misit.

212 2140 305 2168 Mundi
332 2147 404 2170 anno
427 2139 509 2172 619i,
535 2138 635 2166 divinae
665 2137 867 2165 incarnationis
895 2143 968 2164 anno

175 2188 240 2220 891,
256 2195 328 2214 anno
339 2194 404 2214 vero
420 2185 528 2220 imperii
542 2184 679 2212 Absimari
693 2183 792 2219 primo,
805 2183 851 2218 qui
861 2186 965 2217 septem

177 2234 286 2261 circiter
298 2233 443 2267 imperavit
459 2216 549 2264 annis,
562 2216 743 2258 tumultuatus
753 2234 794 2257 est
806 2216 965 2258 Abderrach-

177 2289 239 2308 man
275 2280 303 2307 in
337 2279 459 2310 Perside,
477 2282 505 2305 et
527 2277 686 2305 dominatus
709 2280 752 2304 est
770 2276 807 2310 ei,
822 2279 850 2305 et
872 2284 966 2313 perse-

177 2330 257 2354 cutus
274 2330 316 2354 est
329 2325 364 2353 ab
381 2325 439 2360 ipsa
454 2324 570 2358 chagan.

212 2373 292 2400 Anno
307 2371 416 2406 imperii
430 2369 566 2396 Absimari
579 2368 704 2396 secundo
718 2367 833 2396 Romani
849 2376 897 2403 per
915 2368 966 2404 Sy-

178 2419 245 2446 riam
259 2420 443 2453 peragrantes.
455 2419 482 2442 et
491 2414 630 2441 venientes
641 2413 770 2448 usquead
782 2413 967 2446 Samosatum,

178 2469 204 2492 et
230 2464 418 2499 depradantes
439 2461 655 2495 circumquaque
689 2458 838 2494 regionem,
866 2457 967 2485 multos

177 2509 350 2540 occiderunt,
366 2507 450 2534 millia
465 2506 592 2534 videlicet
607 2505 740 2538 Arabum,
757 2508 787 2532 ut
800 2504 902 2536 ferunt.
916 2504 968 2531 dua

180 2559 270 2588 centa,
287 2554 469 2590 plurimisque
492 2552 587 2586 spoliis
601 2551 720 2586 sumptis
741 2553 768 2577 et
783 2549 966 2585 captivatione

180 2599 300 2628 Arabum
317 2599 402 2627 multa
417 2598 520 2626 reversi
541 2600 616 2630 sunt,
632 2597 734 2623 timore
750 2602 851 2631 magno
869 2595 896 2623 in
920 2603 968 2623 eos

180 2650 299 2683 patrato.

216 2693 297 2719 Anno
319 2690 426 2726 imperii
450 2689 588 2717 Absimari
613 2688 694 2716 tertio
718 2688 868 2717 exercitum
885 2689 971 2716 movit

1015 1594 1130 1629 imperio
1142 1594 1289 1629 provenire
1310 1597 1476 1626 metuentes,
1493 1593 1630 1620 consiliati
1648 1596 1712 1620 sunt
1729 1591 1803 1618 hunc

1016 1639 1169 1668 intercere
1187 1640 1230 1667 vel
1252 1645 1326 1667 certe
1349 1639 1508 1674 imperatori
1526 1639 1725 1667 transmittere.
1744 1637 1803 1673 lpse

1014 1693 1080 1713 vero
1095 1693 1156 1712 cum
1175 1685 1200 1712 id
1224 1685 1367 1717 sensisset,
1391 1685 1479 1719 potuit
1505 1684 1633 1718 effugere.
1669 1688 1696 1710 et
1719 1682 1804 1710 Daras

1015 1731 1110 1758 adiens
1129 1730 1313 1757 Chazarorum
1335 1737 1365 1757 se
1384 1730 1510 1765 poposcit
1531 1729 1646 1764 chagani
1663 1729 1804 1757 obtutibus

1016 1777 1191 1811 praesentari;
1205 1778 1252 1811 qui
1269 1783 1331 1803 eum
1349 1776 1389 1803 rei
1401 1776 1634 1803 circumstantiam
1652 1775 1804 1807 didicisset,

1016 1821 1138 1856 suscepit
1154 1829 1216 1849 eum
1243 1828 1306 1848 cum
1332 1821 1437 1848 honore
1457 1821 1571 1856 ingenti,
1590 1826 1618 1848 et
1635 1820 1750 1848 tradidit
1765 1821 1803 1847 illi

1016 1868 1044 1895 in
1061 1875 1174 1895 uxorem
1195 1867 1367 1896 Theodoram
1382 1875 1539 1903 germanam
1565 1875 1687 1895 sororem
1714 1875 1804 1895 suam.

1016 1913 1081 1941 Post
1097 1913 1233 1941 modicum
1247 1921 1314 1940 vero
1334 1913 1465 1948 temporis
1478 1920 1559 1948 prece
1579 1913 1668 1940 oblata
1681 1913 1806 1949 chagano

1017 1958 1158 1986 descendit
1183 1957 1210 1984 in
1239 1957 1448 1993 Phenagoriam,
1475 1961 1502 1985 et
1526 1958 1582 1984 illic
1609 1958 1724 1992 degebat
1742 1965 1804 1984 eum

1021 2005 1178 2033 Theodora.
1194 2004 1243 2032 His
1259 2005 1362 2032 auditis
1378 2004 1539 2032 Absimarus
1556 2003 1640 2032 mittit
1656 2004 1688 2030 ad
1705 2004 1807 2038 chaga-

1018 2059 1094 2083 num,
1114 2050 1279 2086 promittens
1294 2050 1319 2078 ei
1334 2050 1456 2085 praebere
1470 2058 1585 2078 munera
1604 2050 1701 2082 multa,
1716 2050 1737 2077 si
1757 2049 1806 2076 .lu-

1018 2097 1168 2125 stinianum
1184 2096 1235 2124 sibi
1258 2095 1391 2123 duntaxat
1411 2095 1502 2123 vivum
1525 2096 1733 2126 transmitteret,
1763 2096 1805 2122 sin

1018 2146 1120 2175 autem,
1134 2147 1216 2177 caput
1228 2133 1307 2168 eius;
1318 2140 1425 2168 Cedens
1441 2148 1507 2177 ergo
1523 2141 1663 2176 chaganus
1678 2140 1808 2174 liuitisce~

1018 2188 1091 2216 modi
1104 2188 1240 2223 petitioni,
1254 2188 1406 2215 custodiam
1424 2187 1448 2215 ei
1466 2187 1552 2220 misit,
1568 2194 1601 2214 ne
1618 2187 1696 2221 quasi
1710 2194 1724 2212 a
1741 2193 1809 2213 con-

1019 2234 1166 2261 tribulibus
1189 2233 1248 2261 suis
1271 2233 1385 2261 insidias
1401 2237 1551 2267 pateretur,
1572 2232 1704 2259 mandans
1720 2232 1810 2268 Papa.

1019 2280 1086 2313 tzin,
1107 2279 1154 2315 qui
1176 2283 1235 2306 erat
1249 2279 1306 2306 illic
1322 2279 1349 2305 in
1367 2285 1491 2313 personae
1504 2285 1561 2305 suae
1575 2277 1633 2304 vice
1650 2278 1705 2312 (72)
1723 2277 1808 2312 depu-

1019 2331 1105 2358 tatus,
1130 2329 1158 2353 et
1186 2325 1321 2360 Balgitzin
1347 2323 1498 2359 principem
1527 2323 1672 2357 Bosphori.
1745 2330 1807 2350 cum

1019 2371 1206 2399 renuntiatum
1216 2370 1298 2403 foret,
1309 2369 1424 2398 eundem
1435 2369 1604 2397 trucidarent
1613 2367 1807 2395 Justiniauum.

1022 2417 1072 2445 His
1090 2421 1180 2445 autem
1193 2423 1242 2451 per
1255 2423 1365 2444 servum
1376 2415 1494 2451 chagani
1510 2415 1661 2442 Theodore:
1676 2414 1809 2442 nuntiatis

1020 2465 1048 2487 et
1074 2460 1231 2488 Justiniano
1265 2460 1425 2495 patefactis,
1446 2466 1612 2488 convocatos
1634 2460 1689 2493 jam
1720 2459 1809 2487 dictos

1021 2506 1153 2541 Papatzin
1178 2509 1205 2534 et
1225 2506 1358 2541 Balgitzin
1373 2506 1522 2542 principem
1546 2506 1578 2533 ad
1597 2506 1808 2541 colloquendum

1023 2557 1129 2579 secreto
1148 2551 1252 2580 chorda
1272 2552 1439 2587 strangulari
1465 2552 1582 2584 curavit,
1608 2551 1809 2586 confestimque

1021 2597 1193 2626 Theodoram
1222 2598 1249 2626 in
1272 2597 1449 2626 Charzariam
1467 2598 1562 2631 mittit,
1584 2602 1611 2625 et
1628 2598 1687 2633 ipse
1709 2606 1721 2624 a
1741 2597 1810 2624 Phe-

1022 2645 1133 2680 nagoria
1149 2645 1219 2673 clam
1237 2645 1344 2680 fugiens
1366 2644 1469 2673 Tomen
1482 2644 1633 2675 descendit.
1657 2648 1683 2671 et
1699 2644 1809 2672 iuventa

1022 2698 1092 2718 nave
1108 2695 1204 2727 parata
1218 2691 1340 2719 ascendit
1354 2691 1380 2718 in
1397 2699 1468 2722 eam.
1483 2695 1510 2718 et
1523 2691 1656 2727 navigans
1671 2690 1747 2724 juxta
1765 2690 1810 2718 lite

933 2759 1049 2788 .

219 2809 276 2844 (72)
303 2808 334 2835 In
354 2815 473 2844 personis
495 2814 551 2834 sua
564 2806 632 2844 .
874 2805 970 2844 .

182 2840 358 2871 Glossarium
383 2843 526 2870 Nomicum
545 2851 552 2868 :
724 2840 741 2867 6
812 2840 968 2876 .

185 2879 344 2909 Anastasius
357 2878 383 2907 iu
394 2877 492 2907 Collat.
507 2876 536 2904 S.
551 2875 621 2906 Maii.
634 2882 642 2902 :
672 2883 704 2904 ex
716 2877 881 2911 persona,fut
892 2875 970 2910 dixit,

1025 2806 1098 2835 Petri
1107 2807 1244 2842 Cpolitani
1253 2806 1379 2843 praesulis
1387 2806 1499 2843 missus.
1533 2805 1605 2834 Hist.
1616 2804 1723 2843 tripat}.
1734 2804 1761 2836 1,
1773 2804 1808 2832 3:

1057 2839 1296 2872 (-
1308 2849 1425 2878 persona
1441 2839 1666 2877 episcoporum.)
1689 2839 1774 2869 Fam.
