2052 3153
245 185 312 218 1343

775 186 976 217 ANASTASII
1002 186 1319 216 BlBIJOTHECARll’

1828 188 1845 218 3
1851 188 1881 218 Η

245 247 304 268 lora
320 242 393 269 venit
412 250 500 278 usque
515 242 549 270 ad
571 243 729 281 Symbolum
746 244 823 278 juxta
845 243 1012 271 Chersouam
1025 264 1032 276 ,
1049 243 1071 271 Α
1084 243 1144 280 ejus
1156 253 1163 276 ;
1177 251 1295 278 quorum
1313 244 1359 271 ille
1377 244 1446 271 colla
1464 252 1550 279 usque
1568 244 1601 271 ad
1619 245 1782 272 solutionem
1799 245 1879 280 primi

245 287 278 314 ad
290 295 370 322 quam
389 289 501 316 millens
512 290 619 317 occulte
635 289 698 316 tulit
718 289 913 317 Basbacurium
931 295 957 318 et
977 290 1034 317 l‘ra-

245 339 315 362 tretn
330 335 400 370 ejus,
417 334 529 363 Saliban
546 344 654 371 quoque
668 335 700 363 ac
717 336 886 371 Stephanum
904 341 930 365 et
941 336 1034 364 Moro-

244 381 355 416 paulum
381 389 433 408 una
451 390 512 409 cum
529 382 693 417 Theophilo.
720 382 771 416 Qui
796 391 858 411 cum
880 384 1034 418 navigasset

244 435 306 454 cum
320 427 371 460 eis,
396 427 548 456 Chersonis
576 429 691 464 pharum
718 429 857 459 transivit.
879 430 973 464 sicque
987 430 1033 456 de-

246 481 318 500 mum
340 473 552 502 tranal’retantes
576 474 728 510 Necropyla
751 483 798 502 seu
827 475 896 502 ostia
917 475 1032 510 Dauapri

242 523 266 545 ct
286 518 417 553 Danistri,
431 523 592 554 tempestate
613 520 697 554 facta,
716 529 800 557 super
813 521 901 548 salute
922 528 970 548 sua
987 522 1034 548 de-

243 565 344 598 sperati
362 569 427 592 sunt
446 573 551 593 omnes.
573 566 681 601 Myaces
696 574 773 598 vero,
791 566 935 594 familiaris
953 567 1033 593 homo

243 610 339 644 ipsius,
356 610 423 638 dixit
434 611 457 638 ei
476 621 482 638 :
500 611 565 638 Ecce
587 613 727 644 morimur,
742 612 862 643 domine.
890 612 957 639 Vove
975 612 1028 639 Deo

242 663 290 689 pro
308 657 395 683 salute
409 662 466 688 tua,
481 661 510 683 ut
527 657 552 684 si
575 657 647 685 Deus
664 658 803 692 imperium
822 659 868 685 tibi
886 663 960 685 tuum
977 658 1034 685 red-

242 701 351 735 diderit,
364 703 392 729 in
403 702 507 731 nullum
523 709 629 730 tuorum
641 704 781 732 ulciscaris
798 705 976 732 inimicorum.
999 705 1032 731 At

244 747 290 774 ille
305 748 476 782 respondens
502 748 530 775 in
555 747 648 776 furore
670 749 738 776 dixit
756 759 763 776 :
781 749 811 777 Si
825 758 961 785 pepercere
975 751 1032 776 cni-

243 800 322 827 qunm
339 794 471 827 ipsorum,
494 795 544 822 hoc
560 795 588 822 in
610 795 668 823 loco
687 795 758 825 Deus
778 805 817 822 me
839 796 983 831 demerget.
999 795 1032 823 Et

244 839 303 866 sine
321 840 443 874 periculo
470 841 505 869 ab
529 845 598 870 aestu
628 842 676 869 illo
695 842 791 875 exivit,
812 847 839 870 et
863 843 985 870 introivit
1005 843 1030 870 in

244 885 398 914 Danubium
427 895 546 915 amnem.
573 888 642 916 Cum
662 893 752 916 autem
774 890 895 917 misisset
915 889 1032 924 Stepha-

244 939 308 958 num
325 932 357 959 ad
374 932 513 961 Terbellin
527 934 670 962 dominum
683 934 830 970 Vulgarize,
846 940 874 962 ut
887 935 939 962 sibi
956 935 1032 962 auxi-

242 977 308 1004 lium
327 983 470 1013 praastaret
487 980 521 1007 ad
536 980 715 1009 obtinendum
731 981 870 1015 parentale
885 981 1030 1016 imperium

244 1030 335 1054 suum,
351 1025 510 1059 repromisit
538 1027 562 1053 ei
589 1026 706 1060 plurima
724 1035 753 1054 se
772 1027 842 1054 dona
860 1027 987 1054 daturum
1006 1033 1032 1054 et

244 1067 326 1094 ﬁliam
338 1068 397 1102 ejus
413 1070 439 1097 in
455 1071 596 1098 mulierem
611 1077 786 1107 accepturum
804 1073 910 1107 ipsique
927 1073 953 1099 in
966 1080 1033 1099 cuu-

242 1114 296 1142 ctis
312 1115 488 1143 ohediturum
505 1121 532 1144 et
551 1125 764 1149 concursurum,
782 1118 961 1152 jurejurando
976 1119 1033 1154 pol-

243 1159 349 1188 licitus.
366 1161 426 1196 Quo
439 1162 485 1189 ille
499 1170 561 1190 cum
577 1163 681 1198 ingenti
696 1164 799 1191 honore
808 1169 945 1199 Suscepto,
957 1172 1033 1192 com-

243 1211 336 1234 tn0vct
353 1207 510 1236 ttnivcrsum
529 1209 581 1236 sibi
611 1210 784 1244 suppositum
814 1211 953 1246 populum,
966 1210 1032 1238 Vul-

243 1259 339 1286 garum
354 1253 472 1287 scilicet,
489 1259 570 1289 atque
592 1255 718 1290 proximo
731 1262 804 1283 anno
818 1255 851 1283 ad
873 1260 1031 1294 regnantem

243 1296 338 1324 urbem
354 1304 500 1327 venerunt.

278 1341 358 1369 Auno
385 1343 492 1378 imperii
520 1344 659 1373 Absimari
690 1346 808 1381 septimo
837 1351 964 1375 mortuus
992 1351 1033 1375 est

242 1387 399 1417 Ahimelech
411 1391 530 1420 Arabum
544 1392 683 1427 princeps.
697 1397 723 1419 ct
741 1393 828 1420 tenuit
842 1392 944 1420 Vhalcd
962 1393 1034 1421 lilius

242 1433 304 1468 ejus
320 1435 504 1471 principatum
521 1438 636 1465 :eodcm
654 1446 762 1474 quoque
775 1447 847 1466 anno
865 1448 926 1467 cum
949 1439 1033 1467 Justi-

242 1480 342 1508 nianus
371 1481 407 1509 ad
438 1483 540 1518 regiam
567 1484 707 1511 civitatem
736 1486 859 1512 venisset
887 1493 940 1512 una
971 1493 1033 1515 cum

243 1525 361 1554 Terbelli
379 1532 406 1555 et
419 1529 552 1564 Subjectis
566 1530 743 1566 Vulgaribus,
759 1535 849 1558 castra
863 1535 981 1558 metatus
993 1535 1034 1558 est

1085 288 1172 316 bravii
1187 289 1381 324 (75)calcavit,
1402 290 1529 316 universa
1554 289 1631 324 plebe
1648 289 1802 317 clamante:
1825 290 1878 319 Su.-

1084 343 1129 367 ρει·
1144 335 1262 370 aspidem
1281 341 1305 362 et
1324 335 1477 362 basiliscum
1495 335 1648 365 ascendisti,
1667 340 1692 362 et
1716 335 1881 362 conculcasti

1086 381 1185 408 leonem
1206 386 1230 408 et
1252 381 1402 407 draconem.
1424 380 1456 407 Et
1481 381 1518 407 ita
1536 381 1587 408 hos
1611 381 1765 409 destinatos
1789 382 1816 409 in
1837 383 1879 409 vi-

1086 427 1161 454 vario
1177 427 1359 454 animantium
1383 427 1481 460 capitis
1501 427 1743 455 animadversione
1759 428 1877 462 punivit.

1085 471 1248 498 Callinicum
1270 478 1334 498 vero
1358 471 1544 505 patriarcham
1569 471 1668 499 ablatis
1691 472 1781 500 oculis
1805 474 1877 508 apud

1085 515 1198 542 ltotnam
1214 516 1312 546 exsilio
1332 516 1472 551 relegavit,
1489 521 1516 543 et
1534 524 1583 551 pro
1602 525 1634 544 eo
1652 517 1767 552 Cyrum,
1787 519 1832 552 qui
1850 519 1877 545 in

1070 562 1174 589 'insula
1199 562 1289 590 fuerat
1315 562 1438 589 inclusus
1456 563 1637 594 Atuastridis.
1663 567 1792 598 tanqttam
1812 573 1876 592 cum

1085 607 1132 642 qui
1155 608 1387 643 przenuntiavcrat
1413 608 1466 636 sibi
1488 609 1587 642 prioris
1603 610 1804 637 restitutionem
1822 611 1875 637 im-

1085 655 1164 690 perii.
1177 660 1351 691 surrogatum
1369 655 1503 690 provexit.
1522 656 1752 684 lnmtmerabilem
1768 665 1875 692 quoque

1086 701 1300 734 multitudinem,
1322 705 1375 728 tam
1394 709 1425 728 ex
1444 701 1518 728 civili
1541 709 1622 735 quam
1642 710 1674 728 ex
1700 702 1810 728 militari
1829 710 1877 729 ca-

1084 747 1184 780 talogo,
1210 746 1341 782 perdidit.
1369 746 1469 775 Multos
1495 748 1579 774 etiam
1605 748 1632 775 in
1659 755 1754 774 saccos
1778 748 1878 779 missos

1084 801 1177 820 amara
1202 793 1268 820 fecit
1293 797 1381 820 morte
1404 793 1507 821 necari.
1531 794 1606 823 Alios
1629 799 1735 826 autem,
1760 801 1821 821 cum
1843 794 1877 820 ad

1084 839 1228 873 prandium
1250 839 1291 867 vel
1317 847 1424 869 coenam
1442 839 1621 872 accubitaret,
1647 848 1709 867 mox
1735 840 1878 874 surgebat,

1084 886 1182 921 partim
1208 886 1374 921 suspendio,
1395 886 1494 921 partim
1516 886 1656 914 occisione
1677 887 1886 925 pet‘debat..EL

1085 932 1149 959 hinc
1163 939 1279 968 magnus
1296 933 1377 959 timor
1391 932 1548 959 obtinuerat
1562 940 1668 960 onmes.
1684 932 1756 960 Misit
1773 933 1887 962 interea

1083 977 1200 1005 classem
1225 977 1258 1004 ad
1280 977 1432 1004 ducendam
1452 985 1467 1005 a
1485 977 1618 1008 Chazaria
1645 986 1757 1006 uxorem
1780 986 1876 1010 suam,

1083 1028 1110 1051 et
1134 1024 1227 1052 multa:
1252 1031 1313 1050 cum
1338 1025 1395 1051 suis
1418 1024 1484 1052 viris
1510 1025 1618 1059 Scapha:
1640 1025 1772 1052 demersae
1800 1030 1876 1055 sunt.

1084 1068 1143 1101 Ouo
1155 1070 1248 1096 audito
1264 1070 1405 1104 chagaous
1421 1070 1566 1105 'signilieat
1583 1071 1607 1097 ei
1624 1070 1718 1098 dicens
1732 1079 1738 1097 :
1759 1080 1767 1096 ι
1792 1070 1814 1098 θ
1835 1072 1878 1097 in-

1083 1120 1197 1146 sensate,
1214 1123 1299 1141 nonne
1314 1115 1450 1148 oportebat
1470 1119 1493 1142 te
1511 1116 1537 1141 in
1549 1115 1652 1142 duabus
1670 1116 1710 1142 uel
1721 1117 1805 1143 tribus
1817 1125 1878 1142 sm-

1083 1161 1140 1194 pltis
1154 1160 1271 1194 accipere
1287 1160 1423 1187 mulierem
1437 1165 1522 1192 tuam,
1536 1166 1560 1187 et
1577 1170 1629 1188 non
1645 1166 1747 1192 tantam
1761 1162 1879 1189 occidere

1085 1205 1302 1232 multitudinem?
1321 1209 1362 1232 An
1382 1212 1460 1242 putas
1478 1207 1548 1241 quod
1562 1211 1585 1233 et
1604 1207 1672 1233 lianc
1692 1206 1779 1234 Marte
1792 1209 1878 1240 perci-

1084 1253 1164 1287 pias?
1180 1251 1245 1279 Ecce
1258 1253 1357 1287 peperit
1375 1253 1422 1278 tibi
1438 1257 1461 1279 et
1475 1253 1571 1287 ﬁlium.
1590 1252 1667 1279 Mitte
1681 1262 1740 1288 ergo
1751 1260 1774 1280 et
1790 1255 1879 1287 accipe

1084 1298 1155 1326 illus.
1185 1307 1193 1324 ι
1221 1299 1254 1324 At
1282 1299 1327 1325 ille
1355 1298 1441 1325 misso
1470 1298 1678 1334 Theophylarto
1707 1300 1879 1326 cubicularii)

1085 1345 1164 1372 duxit
1181 1344 1353 1372 Theodoram
1370 1350 1396 1372 et
1413 1345 1497 1372 lilium
1515 1345 1575 1379 ejus
1590 1345 1742 1378 Tiberium,
1756 1350 1782 1374 et
1799 1353 1879 1373 coro-

1085 1391 1161 1418 navit
1177 1398 1234 1422 eos,
1249 1395 1275 1417 et
1292 1391 1463 1424 imperaverc
1478 1391 1561 1417 simul
1578 1398 1640 1417 cum
1655 1391 1723 1425 ipso.

1119 1439 1199 1465 Anno
1223 1437 1329 1472 imperii
1355 1436 1505 1464 Justiuiani
1529 1437 1651 1464 secundo
1671 1436 1790 1463 Joannes
1816 1435 1879 1462 llic-

1085 1484 1310 1519 rosolymitanus,
1343 1483 1389 1518 qui
1418 1491 1465 1518 per
1493 1483 1605 1517 triginta
1635 1491 1723 1510 annos
1751 1482 1880 1509 Ecclesiae

1086 1529 1214 1565 praefuit,
1243 1529 1360 1556 habetur
1384 1529 1521 1561 antistes;
1545 1528 1696 1562 eodemque
1719 1535 1792 1554 anno
1809 1526 1879 1553 Vlia-

243 1571 277 1597 ad
305 1578 412 1606 portam
435 1573 541 1602 Charsii
562 1579 590 1603 et
616 1583 703 1610 usque
730 1575 906 1604 Blachernas.
937 1577 969 1604 Et
984 1585 1031 1612 per
1045 1577 1120 1608 Cliti
1143 1576 1274 1611 surripuit
1297 1576 1440 1603 ecclesiam
1463 1576 1625 1602 catholicam
1647 1576 1771 1602 Damasci
1795 1575 1880 1605 lii-ore

242 1621 300 1644 tres
322 1618 380 1646 dies
401 1620 573 1655 alloquentes
592 1628 640 1648 eos
656 1621 702 1656 qui
724 1626 803 1648 erant
825 1622 852 1648 in
877 1623 955 1654 urbe,
974 1630 1038 1650 cou-

243 1663 325 1692 viciis
338 1665 593 1694 dehonestabantur
615 1667 649 1694 ab
670 1667 736 1700 illis,
761 1668 808 1703 qui
829 1676 923 1696 eorum
940 1669 1036 1697 saltem

243 1717 295 1736 nec
314 1711 426 1739 verbum
444 1713 636 1740 admittebant.
651 1713 686 1740 At
700 1721 766 1741 vero
781 1713 959 1742 Justiuianus
974 1722 1035 1742 cum

243 1754 340 1788 paucis
368 1756 586 1790 contribttlibus,
617 1757 688 1784 bello
713 1763 845 1792 excepto,
873 1766 921 1795 per
945 1749 1056 1793 aquae--

243 1799 358 1828 ductum
381 1803 522 1836 ingressus
542 1808 570 1831 et
590 1804 736 1831 tumultum
760 1805 885 1832 excitans
909 1804 1038 1832 fodiendo

243 1847 339 1875 urbem
355 1849 485 1880 obtinuit,
504 1854 532 1876 ct
549 1854 613 1885 post
635 1850 778 1885 paululum
804 1851 982 1879 tabernacula
1009 1852 1036 1878 in

242 1894 346 1929 palatio
357 1894 571 1922 Blachernarum
588 1895 714 1923 tetendit.

280 1939 396 1975 Imperat
418 1941 511 1976 itaque
532 1941 623 1969 denuo
644 1935 776 1970 Romanis
796 1941 970 1971 Justinianus
990 1951 1038 1971 an-

245 1986 290 2014 nis
314 1995 359 2014 sex
376 1995 384 2014 :
402 1987 525 2014 Arabum
552 1995 618 2015 vero
638 1988 767 2024 princeps
795 1988 916 2016 efﬁcitur
939 1988 1037 2017 Vhalid

245 2031 325 2059 annis
345 2039 452 2059 novem.
468 2031 794 2068 Constantinopolitanus
818 2035 965 2070 episcopus
991 2035 1038 2062 ha-

243 2075 322 2103 betur
334 2075 434 2111 Cyrus,
456 2077 503 2111 qui
526 2084 573 2104 sex
599 2077 727 2112 praesedit
745 2078 826 2105 annis
848 2077 986 2111 Ecclesiae;
1005 2078 1039 2106 de

243 2127 298 2155 quo
312 2121 421 2148 dicetur
436 2120 563 2149 iul‘erius.

280 2165 366 2200 Igitur
382 2173 455 2194 anno
472 2167 578 2201 imperii
605 2168 647 2194 sui
672 2168 762 2203 primo
780 2169 864 2202 idem,
885 2178 939 2205 quo
955 2171 1039 2206 impe-

245 2213 316 2239 rium
327 2220 406 2240 suum
422 2213 525 2248 recepit
539 2212 726 2246 Justinianus,
740 2216 826 2241 multa
836 2215 906 2242 dona
920 2215 1037 2245 Terbelli

1088 1623 1221 1659 pestifero
1236 1623 1263 1649 in
1281 1621 1453 1649 Christianos
1470 1621 1575 1654 habito,
1593 1621 1751 1648 stimulatus
1768 1623 1881 1654 prOpIcr

1088 1669 1257 1696 eminentem
1275 1667 1344 1694 tanti
1368 1666 1593 1701 puchritudinem
1613 1666 1717 1700 templi,
1737 1669 1764 1692 et
1786 1665 1881 1698 prohi-

1087 1714 1149 1741 buit
1179 1713 1262 1740 scribi
1293 1711 1386 1739 Graece
1417 1711 1543 1746 publicos
1577 1710 1719 1745 logothesii
1747 1710 1878 1739 codices.

1088 1759 1137 1787 sed
1165 1759 1191 1786 in
1216 1758 1345 1786 Arabicis
1363 1757 1490 1785 annotari
1509 1757 1569 1783 sine
1591 1760 1730 1790 computo.
1748 1756 1879 1790 quoniam

1089 1806 1260 1841 impossibile
1282 1809 1324 1831 cst
1346 1804 1455 1831 illorum
1477 1803 1569 1839 lingua
1592 1802 1736 1829 monadem
1752 1801 1793 1828 vel
1811 1801 1881 1827 dua-

1088 1851 1192 1878 litatem
1210 1854 1256 1878 aut
1272 1850 1422 1876 trinitatem
1436 1852 1482 1874 aut
1493 1852 1555 1875 octo
1567 1851 1593 1874 et
1609 1847 1751 1874 dimidium
1768 1850 1814 1872 aut
1829 1846 1880 1872 tria

1088 1896 1185 1927 scribi,
1202 1899 1314 1931 propter
1332 1894 1405 1930 quod
1423 1898 1449 1922 et
1467 1901 1554 1929 usque
1570 1893 1651 1920 hodie
1672 1897 1736 1920 sunt
1753 1899 1816 1919 cum
1839 1892 1880 1919 eis

1089 1943 1187 1973 notarii
1203 1941 1362 1971 Christiani.

1125 1988 1218 2016 Mundi
1228 1995 1300 2015 anno
1309 1985 1390 2018 6200,
1403 1985 1503 2013 divina:
1516 1984 1716 2014 incarnationis
1732 1991 1804 2010 anno
1816 1983 1879 2014 700,

1090 2042 1163 2062 anno
1185 2033 1291 2068 imperii
1318 2032 1360 2060 stti
1389 2031 1472 2059 tertio
1495 2029 1667 2058 Justiuianus
1691 2036 1783 2064 pacem
1809 2030 1882 2055 inter

1091 2081 1229 2107 Romanos
1242 2083 1268 2106 et
1286 2078 1418 2113 Vulgares
1435 2078 1544 2109 evertit,
1560 2080 1588 2103 ct
1601 2079 1743 2110 equestres
1765 2074 1880 2100 militias

1090 2127 1117 2155 iu
1144 2127 1277 2153 Thracem
1293 2125 1411 2151 transire
1432 2123 1535 2150 faciens
1556 2122 1693 2150 classibus
1713 2120 1881 2148 constructis

1090 2177 1186 2200 contra
1214 2171 1348 2206 Vulgares
1378 2174 1405 2198 et
1438 2168 1576 2196 Terbellin
1608 2167 1774 2203 properavit.
1809 2166 1881 2193 Cum

1090 2223 1181 2246 autem
1204 2217 1324 2247 venisset
1349 2215 1382 2243 ad
1408 2216 1506 2250 ripam,
1529 2215 1667 2249 navigium
1687 2214 1796 2248 quidem
1817 2217 1883 2240 ante

243 2258 381 2290 tribuens,
404 2259 486 2286 simul
512 2263 539 2286 et
562 2259 663 2294 regalia
690 2267 769 2292 vasa,
794 2260 899 2288 dimisit
922 2270 984 2289 eum
1009 2262 1034 2289 in
1054 2250 1074 2276 υ
1090 2270 1211 2299 castrum
1238 2263 1378 2298 applicare
1394 2262 1474 2293 fecit,
1490 2261 1597 2293 equites
1617 2267 1681 2286 vero
1703 2259 1730 2286 iu
1754 2259 1881 2292 superio-

244 2313 320 2340 pacc.
350 2305 486 2333 therum
504 2305 667 2333 Absiutarus
686 2307 753 2333 urbe
773 2307 866 2334 relicta
881 2308 1035 2342 Apollonia-

242 2351 303 2379 dcm
323 2351 430 2387 fugiens
449 2352 506 2378 adit
523 2360 530 2379 :
555 2352 754 2379 insecutioncm
777 2356 868 2379 tamen
889 2361 1035 2388 perpessus

242 2397 456 2432 apprehenditur
476 2401 503 2425 ct
520 2397 553 2424 ad
573 2396 759 2424 Justlnianum
784 2398 938 2425 deducitur.
954 2398 1039 2426 Porro

243 2443 387 2471 Ilcraclius
401 2451 414 2470 a
428 2443 537 2471 Thrace
553 2445 662 2472 vinctus
679 2444 814 2472 adductus
834 2448 877 2472 est
897 2452 959 2472 cum
975 2453 1036 2472 om-

242 2491 323 2518 nibus
343 2489 390 2524 qui
407 2490 432 2517 ei
448 2489 673 2525 opitulabautur;
695 2497 765 2524 quos
786 2490 813 2517 in
836 2498 915 2518 mttro
938 2499 1034 2519 omnes

242 2535 394 2572 suspendio
408 2535 555 2562 interfecit.
566 2535 633 2562 Cum
646 2540 735 2562 autem
749 2541 777 2563 et
789 2535 823 2563 ad
836 2535 1031 2564 Mediterranca

243 2583 422 2615 destinasset,
444 2582 580 2617 plurimos
595 2589 629 2609 ex
642 2582 682 2609 eis
703 2582 839 2614 inventos,
857 2587 911 2609 tam
926 2587 1033 2610 actores

242 2638 325 2666 quam
341 2630 473 2665 privatos,
495 2629 622 2656 similiter
641 2628 789 2655 interemit.
809 2628 895 2655 Porro
909 2629 1035 2656 Absima-

244 2686 304 2704 rum
332 2682 415 2711 atque
439 2675 582 2703 Leontium
607 2675 716 2702 vinctos
745 2674 852 2702 catenis
877 2682 925 2710 per
951 2677 1035 2702 totatn

245 2723 339 2750 urbem
371 2721 480 2757 pompis
508 2721 572 2750 fecit
600 2721 788 2750 dehonestari.
818 2721 944 2756 Cumque
982 2720 1038 2747 ludi

244 2773 388 2804 equestres
415 2773 563 2805 agerentur
589 2769 702 2804 ipseque
735 2768 762 2795 in
794 2767 864 2795 solio
888 2767 1033 2799 resideret,

245 2815 318 2842 ducti
336 2821 400 2845 sunt
415 2816 524 2852 publice
537 2816 617 2844 tracti
633 2820 659 2843 et
672 2814 786 2850 projecti
806 2814 884 2850 proni
902 2814 936 2841 ad
951 2813 1034 2849 pedes

1089 2311 1166 2338 ribus
1197 2309 1303 2344 catnpis
1330 2309 1390 2336 sine.
1419 2307 1544 2335 custodia
1570 2310 1598 2334 et
1624 2306 1698 2332 omni
1724 2304 1883 2339 suspicione

1088 2360 1179 2384 castra
1203 2355 1307 2383 metari,
1326 2354 1463 2389 pmcopit.
1487 2353 1591 2388 Populo
1615 2357 1705 2379 autem
1724 2352 1795 2378 sicut
1822 2350 1885 2377 ovi-

1089 2402 1139 2429 bus
1163 2409 1210 2437 per
1236 2408 1348 2434 campos
1375 2399 1408 2426 ad
1439 2398 1584 2434 legendum
1618 2397 1710 2425 fenum
1737 2397 1883 2431 disperso,

1086 2449 1216 2476 viderunt
1241 2447 1430 2482 exploratores
1454 2444 1710 2481 Vulgariaavauam
1739 2441 1884 2469 Romano-

1087 2502 1148 2521 rum
1167 2493 1395 2528 dispositionem,
1416 2495 1442 2518 ct
1466 2491 1622 2518 coacervali
1646 2493 1677 2517 ut
1700 2489 1763 2517 fera:
1787 2489 1884 2516 subito

1082 2542 1244 2571 irruernnt,
1268 2544 1294 2567 et
1313 2539 1490 2566 vehementer
1512 2540 1744 2571 consumpserunt
1768 2534 1884 2562 Romai—

1084 2595 1147 2615 cum
1163 2586 1244 2618 ovile,
1259 2584 1373 2612 multant
1391 2583 1520 2618 pra-dam.
1537 2588 1565 2609 et
1583 2589 1670 2616 equos
1685 2584 1712 2607 et
1727 2587 1816 2611 arma,
1832 2587 1885 2606 er

1085 2632 1170 2666 ceptis
1189 2631 1232 2658 his
1254 2630 1302 2665 qui
1326 2628 1458 2664 perempti
1486 2631 1565 2659 sunt,
1589 2626 1767 2660 accipientes.
1794 2624 1884 2651 Porro

1085 2677 1259 2705 Justinianus
1275 2683 1336 2703 cum
1355 2675 1387 2702 ad
1405 2678 1526 2701 castrum
1553 2674 1669 2708 fugisset
1687 2679 1749 2699 cum
1773 2671 1816 2697 his
1833 2671 1881 2705 qui

1087 2727 1246 2753 evaserant,
1264 2729 1311 2756 per
1322 2725 1378 2747 tres
1394 2720 1454 2746 dies
1469 2723 1563 2754 portas
1580 2718 1681 2744 clausit
1693 2721 1718 2743 et
1737 2717 1883 2742 obseratas

1089 2768 1194 2800 tenuit,
1222 2767 1370 2799 vidensque
1385 2764 1534 2799 Vulgarum
1554 2762 1797 2798 persevcrantiam,
1824 2761 1885 2795 ipse

1088 2813 1193 2848 primus
1211 2811 1275 2846 equi
1293 2810 1335 2838 sui
1359 2816 1457 2836 nervos
1475 2807 1604 2835 incidens
1617 2814 1717 2834 omnes
1736 2804 1762 2833 id
1791 2805 1882 2839 ipsum

1007 2858 1121 2887 NOT/E.

282 2913 340 2950 (75)
368 2913 469 2947 Brarii,
493 2914 580 2950 βαῖου.
606 2913 733 2942 Fortasse
748 2912 851 2947 legerat
874 2909 1034 2937 Anastasius

1085 2907 1194 2934 ιιὸείον,
1208 2907 1254 2934 Est
1270 2909 1360 2933 autem
1375 2902 1500 2939 βραϐεῖον
1515 2901 1616 2937 palma.
