2052 3153
260 180 326 212 1247

257 239 384 267 inefﬁcax
407 238 495 265 stolas
518 237 635 264 ell‘ectus
656 236 689 263 ad
711 236 906 270 imperatorem
934 243 1056 263 remeare
1070 241 1095 267 Λ

257 286 348 312 minus
364 282 690 316 auderet,Justinianum
702 282 814 317 quidem
829 282 966 310 exsecrati
979 286 1055 316 sunt,

211 338 214 341 '
257 330 424 357 Dardanium
454 334 545 356 autem
577 332 608 355 ut
632 328 829 361 imperatorem
858 332 885 355 et
915 327 967 362 ipsi
997 328 1057 354 lau-

257 377 338 404 dibus
370 375 541 402 extulerunt.
569 374 704 401 Praeterea
733 373 873 408 petierunt
896 380 911 400 ει
933 375 1057 408 chagano

258 422 301 449 uti
327 423 407 449 daret
429 421 482 448 sibi
510 420 708 455 Philippicum.
732 419 820 446 Porro
844 419 970 454 chagano
989 427 1053 446 ver-

259 470 322 495 bum
349 467 384 494 ab
413 467 469 494 illis
494 467 632 502 exigente,
662 473 696 493 ne
721 466 887 500 proderetur
909 466 944 492 ab
965 465 1005 492 eis
1030 468 1057 492 et

258 514 412 541 deferretur
435 513 461 541 ei
484 521 534 548 per
558 520 782 547 unumquemque
803 513 892 539 virutn
918 512 1056 538 numisma

260 567 363 592 unum,
384 559 423 586 illi
452 559 580 594 protinus
601 559 644 585 his
665 558 738 585 datis
756 561 924 592 acceperunt
950 556 1056 590 Philip-

259 600 589 640 pirum‘itnperatorem.
615 605 683 632 Cum
716 610 808 632 autem
837 604 936 632 classis
964 611 1056 630 mora—

259 657 336 680 retur
359 657 386 680 et
413 653 558 687 suggestio
589 652 664 678 nulla
694 652 820 683 veniret,
851 651 939 678 sensit
969 649 1057 676 Justi-

259 701 358 725 nianus
385 701 509 731 Causam,
536 699 711 732 sumptisque
734 705 827 725 secum
847 697 889 724 his
910 698 958 732 qui
977 701 1057 724 erant

256 743 375 777 Obsicii,
406 748 434 771 et
463 749 541 779 parte
563 743 825 776 Thracesiensium,
853 744 980 771 ascendit
1007 751 1055 770 us.

256 797 311 824 que
342 789 472 824 Sinopem
500 789 534 816 ad
563 789 696 817 discenda
727 796 788 823 quae
817 788 967 816 Chersonte
998 788 1057 815 fue-

257 840 320 862 rant
348 840 436 870 gesta.
458 834 582 870 Cumque
604 835 760 862 intueretur
782 834 930 861 interiores
951 838 1055 869 partes,

257 881 332 909 videt
361 882 479 909 classem
509 882 543 908 ad
568 881 663 908 urbem
689 881 749 907 vela
779 884 934 908 moventem
950 900 957 912 ,
984 879 1058 906 fren-

253 929 382 963 demque
410 932 438 954 ut
462 928 521 960 leo,
546 933 574 954 et
600 927 659 962 ipse
683 927 716 954 ad
744 927 841 954 urbem
871 933 1055 957 reversurus,

256 973 390 1006 impetum
415 973 627 1000 demonstravit.
656 971 758 999 Verum
785 973 937 1007 l’hilippieo
959 979 1055 1007 perve-

258 1019 351 1045 niente
374 1019 432 1053 ipse
459 1019 492 1045 ad
522 1019 687 1045 Damastrim
704 1019 826 1046 «veniens
852 1023 944 1046 castra
969 1023 1056 1045 meta-

255 1069 303 1091 tus
320 1069 372 1092 est.
393 1066 428 1091 At
440 1072 507 1092 vero
521 1064 691 1100 Philippicus
707 1065 840 1092 continuo
857 1065 940 1092 tnittit
956 1069 1054 1092 contra

257 1110 398 1139 Tiberium
422 1112 533 1146 quidem
549 1111 674 1139 Maurum
695 1113 841 1147 patricium
866 1119 928 1139 curn
949 1111 1055 1140 Joanne

257 1158 400 1192 spathario
429 1164 614 1193 cognomento
642 1158 769 1190 Strutho,
795 1158 902 1186 Heliam
921 1165 986 1186 vero
1016 1159 1054 1186 si-

257 1204 361 1232 militer
388 1212 449 1232 cum
479 1205 637 1232 ineursione
662 1204 773 1232 militari
802 1209 898 1232 contra
922 1204 1056 1232 Justinia-

256 1258 324 1277 unm
361 1251 388 1277 in
426 1250 610 1282 Datnastriut,
648 1251 802 1285 iterumque
838 1252 921 1278 alium
959 1256 1054 1278 contra

257 1294 496 1328 Barisbacuriutn,
519 1297 565 1331 qui
588 1297 652 1331 iuga
679 1296 770 1324 iuerat
795 1305 873 1324 usus.
891 1297 925 1324 Et
944 1297 1055 1326 Maurus

257 1342 368 1376 quidem
390 1350 442 1369 una
462 1351 524 1370 eum
546 1343 601 1378 jam
623 1344 696 1371 dicto
718 1344 832 1371 Strutho
851 1352 913 1371 eum
934 1345 968 1371 ad
991 1344 1055 1371 Bla-

258 1389 377 1416 thernas
404 1389 529 1422 aluisset,
557 1390 661 1416 invenit
682 1390 823 1417 Tiberium
849 1391 934 1417 altera
956 1395 1055 1417 tenen—

258 1440 313 1462 tem
344 1443 424 1461 manu
450 1436 625 1463 columellam
652 1441 754 1463 sancta
779 1444 881 1464 mensa:
906 1436 952 1463 Dei
972 1436 1055 1463 Geni—

259 1481 339 1508 tricis
363 1481 459 1508 altaris
484 1486 512 1508 et
536 1482 620 1508 altera
644 1482 764 1516 pretiosa
784 1482 867 1516 ligna,
888 1486 915 1508 et
935 1483 961 1508 in
981 1482 1053 1508 collo

261 1527 397 1561 phylaeta,
416 1530 493 1553 extra
507 1527 628 1554 tribunal
645 1532 736 1554 autem
758 1528 922 1554 residentem
936 1529 1055 1555 Anasta-

259 1573 345 1602 siam,
375 1571 462 1606 patris
484 1572 545 1606 ejus
571 1577 706 1603 matrem,
737 1581 798 1607 qua:
824 1573 912 1599 Mauri
938 1573 1054 1608 pedibus

259 1617 404 1651 provoluta
431 1616 573 1652 ﬂagitabat
605 1625 638 1644 ne
669 1625 737 1645 suus
765 1619 939 1646 occideretur
967 1609 1090 1653 neposc

259 1662 398 1694 Tiberius,
422 1666 517 1697 utpote
538 1663 584 1697 qui
607 1663 676 1690 nihil
693 1668 816 1698 gesserat
836 1671 959 1699 pravum.
975 1665 1058 1692 Cum-

258 1717 311 1742 que
329 1709 373 1735 illa
394 1709 477 1744 pedes
505 1709 565 1744 ejus
587 1713 692 1737 teneret
708 1715 736 1737 et
759 1718 822 1737 cum
845 1711 973 1746 lacrymis
991 1720 1057 1747 sup-

258 1755 390 1790 plicaret,
417 1755 560 1790 ingressus
587 1761 630 1783 est
659 1756 792 1784 Struthus
821 1757 893 1784 intra
923 1758 1056 1791 tribunal,

257 1805 285 1826 et
310 1801 334 1827 vi
360 1801 477 1835 arripuit
512 1802 600 1834 illttm,
632 1806 658 1829 et
696 1802 816 1837 pretiosa
843 1802 951 1836 quidem
977 1803 1051 1839 ligna

259 1846 293 1872 ab
319 1853 351 1872 co
381 1846 489 1873 sublata
517 1854 602 1881 supra
635 1854 758 1874 mensam
789 1848 897 1882 posuit,
929 1849 1055 1884 phylacta

259 1900 325 1920 vero
350 1893 377 1918 in
405 1892 476 1919 collo
498 1900 549 1919 suo
573 1893 729 1927 suspendit.
754 1892 842 1921 Puero
866 1900 956 1921 autem
984 1895 1056 1922 foras

257 1939 358 1966 educto
382 1943 464 1973 atque
487 1938 634 1973 dispoliato
659 1946 796 1974 supraque
822 1939 905 1966 limen
921 1947 1054 1975 expanso,

260 1989 355 2019 guttur
384 1983 445 2019 ejus
480 1984 568 2011 instar
600 1985 658 2011 ovis
687 1988 830 2017 secarunt,
865 1988 892 2012 et
922 1985 994 2012 hunc
1027 1986 1055 2012 in

258 2030 363 2066 templo
383 2029 434 2057 SS.
457 2029 677 2065 Anargyrorum,
698 2029 771 2065 quod
796 2030 916 2057 Paulinae
931 2035 1054 2063 vocatur,

259 2077 369 2112 sepeliri
393 2074 570 2104 mandarunt.
593 2076 817 2111 Comprehensos
839 2083 904 2104 vero
925 2081 1055 2111 praeterea

257 2128 286 2150 et
311 2123 533 2155 Barisbacurius,
557 2123 662 2158 primus
684 2123 817 2157 patricius
842 2128 869 2150 et
893 2131 985 2151 comes
1007 2126 1055 2151 ob-

259 2169 360 2204 sequii,
387 2170 568 2203 lutercmptus
608 2174 660 2195 est.
687 2168 773 2195 Porro
800 2168 877 2196 Helia
908 2177 962 2196 una
990 2177 1052 2196 cum

258 2221 292 2242 eo
319 2214 376 2248 ,qui
411 2221 504 2242 secum
536 2220 595 2241 erat
625 2215 791 2242 ascendente
823 2216 850 2242 in
885 2216 1051 2249 Damastriu,

255 2267 286 2288 ct
312 2260 346 2288 ad
370 2267 512 2288 sermones
534 2268 596 2288 eum
628 2268 661 2288 eo
688 2261 735 2296 qui
760 2261 816 2289 illic
845 2267 903 2289 erat
928 2263 1048 2289 exercitu
1067 2282 1088 2308 Β

259 2308 398 2339 veniente,
419 2307 587 2342 verbumquc
608 2307 780 2342 impunitatis
806 2308 907 2343 populo
927 2308 974 2343 qui
991 2313 1050 2335 erat

255 2361 318 2381 cum
344 2353 502 2381 Justiniauo
526 2354 681 2389 praebente,
709 2354 875 2389 sequestrati
902 2359 967 2382 sunt
991 2355 1052 2381 uui-

258 2399 328 2427 versi
357 2405 384 2427 et
403 2400 593 2427 discesserunt
619 2407 633 2426 a
659 2399 834 2432 Justiuiano,
862 2401 951 2428 solum
978 2401 1051 2428 hunc

254 2446 415 2473 deserentes
446 2450 472 2473 et
504 2447 537 2473 ad
569 2451 660 2481 partes
690 2446 834 2482 Philippici
868 2447 1049 2474 conﬂuentes.

256 2492 334 2520 Tunc
364 2492 511 2528 praedictus
543 2493 637 2520 ilelias
671 2494 830 2528 spatharius
861 2493 955 2521 furore
987 2501 1050 2520 enr-

256 2546 330 2569 rens.
361 2539 431 2566 collo
457 2538 519 2573 ejus
545 2539 728 2573 apprehenso,
756 2540 889 2574 pugione,
912 2547 968 2574 quo
991 2544 1050 2566 erat.

252 2586 410 2616 accinctus,
426 2586 578 2620 amputavit
590 2590 671 2619 caput
687 2586 784 2620 ipsius,
800 2591 825 2612 et
840 2593 886 2620 per
895 2585 1048 2612 Romanum

254 2632 424 2665 spatharimn
452 2631 485 2658 ad
514 2631 695 2667 l’hilippicum
723 2632 808 2660 misit.
836 2633 869 2658 At
895 2640 960 2659 vero
987 2632 1049 2659 Phi-

254 2678 374 2713 iippirus
402 2685 449 2712 per
476 2677 602 2704 eumdem
630 2678 799 2712 spatharlum
829 2677 881 2704 hoc
907 2677 941 2704 ad
966 2676 1047 2705 Occi-

252 2723 377 2751 dentales
394 2728 485 2757 partes
494 2731 589 2757 -usque
602 2722 716 2750 Romam
729 2724 895 2751 transmisit.
981 2733 1006 2759 κ)

291 2768 425 2796 Prmtcroa
443 2769 603 2804 priusquam
626 2769 777 2803 imperaret
798 2773 858 2796 erat
873 2768 983 2803 quidam
1002 2769 1045 2796 in-

255 2815 366 2842 clausus
392 2815 418 2841 iu
437 2815 604 2842 monasterio
627 2814 778 2842 Callistrati
800 2815 934 2849 prtevisor
949 2819 976 2841 et
993 2816 1047 2842 ha:-

254 2860 374 2892 reticus,
397 2861 444 2896 qui
469 2859 627 2888 ascendenti
658 2861 691 2888 ad
715 2868 745 2888 se
774 2859 928 2896 Philipplco
952 2860 1044 2887 dixit:

255 2904 399 2941 Imperium
413 2913 450 2934 est
469 2908 516 2935 tibi
534 2907 688 2942 repositum.
720 2907 753 2934 At
781 2907 826 2935 ille
844 2907 972 2936 turbatus
991 2911 1043 2935 est.

1074 930 1093 956 Β

807 178 1007 208 ANASTASII
1033 177 1283 208 BIBIJOTHECA
1290 177 1348 208 RII

1833 176 1903 208 1348

1111 239 1143 262 ιιι
1167 237 1206 263 ait
1231 235 1393 263 inclausus:
1420 234 1450 261 Si
1478 233 1549 261 Deus
1570 233 1658 268 jubet,
1683 239 1713 260 tu
1729 234 1902 268 φιαιιιοὺηιιι

1110 282 1272 309 contradici:
1287 282 1299 308 .9
1316 283 1373 308 Hoc
1391 285 1478 307 autem
1494 279 1554 306 dico
1570 279 1628 311 tibi,
1645 280 1708 314 quia
1730 284 1806 306 usta
1823 289 1903 315 syno-

1108 328 1159 354 dus
1173 328 1242 354 male
1257 327 1330 362 facta
1345 331 1394 353 est.
1423 325 1454 353 Si
1468 334 1529 360 ergo
1542 325 1727 360 imperaverit,
1745 325 1813 352 hanc
1837 334 1904 360 pro-

1105 375 1170 409 jice,
1198 379 1222 401 et
1248 374 1381 409 efﬁcietur
1396 373 1535 408 imperium
1553 373 1600 399 tibi
1618 372 1688 405 forte
1704 377 1784 407 atque
1803 372 1904 408 longa:-

1109 429 1179 447 vum.
1207 421 1259 453 Qui
1288 428 1350 447 eum
1378 420 1536 455 juramento
1569 418 1716 453 spopondit
1742 419 1765 445 ei
1791 426 1821 446 se
1850 420 1902 446 hoc

1109 466 1254 493 facturum.
1277 467 1346 493 Cum
1364 472 1456 493 autem
1471 465 1604 493 Leontius
1621 464 1778 492 Justiniano
1792 473 1904 492 sucCes-

1109 513 1209 545 sisset,
1236 512 1361 540 ascendit
1389 511 1560 546 Philippicus
1587 511 1621 537 ad
1656 511 1828 542 iuclausum.
1853 511 1902 546 qui

1108 559 1175 586 dicit
1194 559 1218 586 ei
1237 568 1244 585 :
1263 557 1305 585 Ne
1319 558 1429 593 festines
1442 565 1452 584 :
1474 558 1519 592 ﬁet
1536 557 1593 583 tibi.
1614 557 1739 592 Cumque
1763 562 1789 584 et
1818 558 1903 586 Absi-

1109 613 1202 633 marus
1230 606 1404 640 imperasset.
1432 611 1529 630 rursus
1556 602 1679 630 ascendit
1704 603 1737 629 ad
1758 611 1828 635 cum,
1850 603 1903 630 cui

1108 652 1154 678 ille
1173 652 1273 678 iterum
1289 651 1328 678 ait
1342 658 1349 676 :
1378 649 1420 677 Νι
1433 650 1577 677 acceleret:
1592 648 1658 676 illud
1673 649 1742 676 enim
1758 648 1903 684 praestola-

1109 705 1152 726 tur
1178 705 1212 727 ιι.
1251 699 1338 726 Porro
1361 706 1424 726 eum
1453 698 1623 733 Phitippicus
1652 698 1703 725 hoc
1733 697 1900 732 quibusdam

1109 747 1206 774 amicis
1236 746 1295 773 suis
1330 747 1448 773 tldenter
1471 744 1572 773 fuisset
1598 744 1766 776 confessus,
1800 745 1832 771 ab
1859 744 1903 772 eis

1109 794 1255 821 Absimaro
1272 794 1426 820 nuntiatum
1442 795 1495 824 est,
1512 791 1557 826 qui
1575 798 1676 819 caesum
1695 798 1728 818 ac
1742 795 1854 817 tonsum
1869 798 1904 818 at:

1110 841 1207 869 ferreis
1229 841 1347 869 vinculis
1371 840 1511 875 alligatum
1539 839 1610 866 hunc
1637 839 1663 865 iu
1693 838 1902 873 Cephalleniam

1109 888 1231 916 exsulem
1259 887 1342 915 misit.
1358 886 1427 914 Cum
1452 890 1540 913 autent
1563 884 1735 912 Justiuianus
1755 884 1903 919 imperium

1109 934 1285 969 suscepisset,
1304 933 1443 961 revocavit
1462 940 1535 963 eum,
1554 935 1581 958 et
1598 939 1660 958 cum
1677 935 1816 966 regnaret,
1839 930 1905 958 fecit

1109 978 1353 1014 pseudosyuodum
1383 978 1577 1013 episcoporum
1591 977 1668 1011 juxta
1691 977 1905 1011 pseudo—mona-

1109 1024 1153 1052 chi
1177 1028 1204 1051 ct
1233 1024 1351 1051 inclausi
1372 1030 1539 1053 sermonem.
1566 1026 1593 1049 et
1609 1021 1710 1055 abjecit
1726 1024 1851 1047 sanctam
1875 1024 1905 1047 et

1109 1070 1291 1099 univcrsalem
1320 1072 1426 1098 sextam
1456 1067 1604 1104 synodum.
1644 1067 1801 1100 Eodemque
1828 1072 1904 1093 anno

1108 1124 1197 1144 vanus
1212 1115 1355 1144 oculorum
1376 1115 1527 1142 caecitatem
1546 1113 1684 1145 incurrit;
1713 1113 1816 1148 quique
1837 1119 1901 1139 cum

1109 1162 1137 1189 in
1167 1161 1251 1189 multa
1280 1160 1388 1196 p05itus
1409 1160 1559 1188 securitate
1579 1159 1606 1186 in
1623 1159 1763 1194 regalibus
1777 1158 1900 1192 degeret.

1109 1207 1369 1242 multitudinemque
1379 1207 1559 1242 pecuniarum
1572 1211 1598 1232 et
1614 1204 1900 1240 splendidissimaruut

1109 1253 1325 1281 subslantiarum
1346 1253 1413 1285 illicI
1441 1260 1474 1280 ex
1502 1250 1699 1290 multis_retro
1730 1249 1902 1284 temporibus

1109 1300 1143 1327 ab
1157 1300 1201 1327 Itis
1215 1299 1261 1334 qui
1279 1303 1358 1327 antea
1385 1299 1588 1333 imperaverant
1603 1317 1611 1330 ,
1635 1304 1668 1324 ex
1691 1296 1904 1331 proscriptioni-

1110 1347 1161 1373 bus
1176 1352 1204 1373 et
1226 1346 1344 1373 diversis
1374 1345 1580 1377 occasionibus,
1610 1344 1784 1378 maximeque
1804 1350 1819 1370 a
1832 1350 1906 1377 prae-

1109 1391 1182 1418 dicto
1196 1390 1353 1418 Justiniano
1369 1391 1549 1418 collectarum
1578 1389 1742 1421 invenisset,
1764 1389 1820 1415 hzec
1841 1387 1903 1415 fru-

1109 1441 1163 1463 stra
1186 1441 1212 1463 et
1236 1437 1375 1464 incassum
1397 1444 1428 1463 ac
1449 1436 1509 1464 sine
1532 1435 1628 1463 dolore
1643 1434 1786 1469 dispersit.
1818 1434 1851 1461 Et
1873 1436 1902 1462 in

1108 1481 1343 1515 disputationibus
1365 1481 1476 1515 quidem
1505 1481 1564 1508 suis
1591 1479 1764 1507 rationabilis
1784 1484 1809 1506 ct
1838 1487 1905 1512 ιιι-ι.-

1108 1525 1175 1552 dens
1191 1524 1411 1557 existimabatur,
1427 1525 1453 1552 itt
1475 1525 1583 1552 actibus
1599 1529 1690 1550 autem
1713 1523 1858 1550 inhoneste
1869 1531 1904 1549 ac

1109 1570 1219 1605 indigne
1249 1571 1332 1596 vitam
1359 1577 1555 1596 consummatis
1580 1568 1770 1604 improbabilis
1798 1567 1905 1602 ubique

1111 1616 1354 1643 demonstrabatur
1371 1625 1377 1643 :
1397 1620 1456 1643 erat
1474 1621 1565 1643 autem
1580 1615 1727 1644 hmreticus
1741 1619 1769 1642 et
1783 1615 1905 1642 adulter.

1110 1661 1196 1689 Porro
1216 1662 1288 1698 Cyro
1309 1662 1465 1697 patriarcha
1486 1663 1565 1697 pulso
1582 1661 1716 1690 Joannem
1745 1663 1906 1690 communi-

1109 1712 1230 1735 eatorem
1255 1715 1336 1735 suum
1363 1713 1447 1743 atque
1471 1709 1630 1736 lueretieum
1658 1709 1687 1736 in
1714 1710 1904 1744 patriarchaui

1110 1754 1255 1788 promovit.

1146 1799 1239 1827 Mundi
1262 1807 1335 1828 anno
1357 1800 1439 1831 6204.
1469 1800 1569 1827 divina:
1595 1800 1799 1827 incarnationis
1828 1807 1906 1826 anno

1108 1845 1170 1878 704,
1193 1847 1308 1880 imperat
1333 1847 1467 1873 Romanis
1486 1846 1672 1881 Philippicus,
1689 1847 1735 1881 qui
1754 1847 1907 1881 imperavit

1108 1893 1188 1919 anuis
1212 1893 1331 1920 duobus.
1353 1893 1491 1920 Arabibus
1508 1897 1607 1928 praeest
1625 1892 1733 1924 Hualid,
1747 1893 1794 1928 qui
1813 1892 1904 1919 duca-

1107 1942 1163 1965 tum
1189 1947 1285 1966 novent
1311 1940 1398 1966 tenuit
1427 1939 1518 1968 annis.
1544 1938 1665 1966 Joannes
1693 1946 1804 1974 quoque
1824 1940 1903 1967 Cou-

1106 1985 1370 2020 stantinopolitauus
1394 1991 1476 2020 atque
1496 1985 1618 2013 Joannes
1634 1985 1906 2021 llierosolymitanus

1107 2030 1243 2059 habentur
1257 2032 1405 2063 antistites.
1423 2040 1541 2066 quorum
1557 2033 1626 2060 alter
1640 2032 1742 2065 tribus,
1758 2031 1829 2059 aiter
1838 2040 1905 2060 vero

1105 2076 1217 2111 triginta
1243 2076 1352 2111 praefuit
1380 2077 1461 2104 annis
1476 2075 1616 2104 Ecclesiae.

1142 2123 1221 2150 Auno
1246 2123 1330 2158 igitur
1358 2123 1465 2157 imperii
1486 2123 1529 2150 sui
1550 2122 1718 2158 Philippicus
1737 2124 1826 2158 primo
1848 2124 1904 2151 Ar-

1105 2170 1211 2197 menios
1231 2169 1266 2197 de
1290 2176 1364 2197 terra
1382 2177 1432 2197 sua
1448 2171 1552 2204 pellens
1565 2170 1591 2197 lu
1612 2171 1743 2197 Armenia
1760 2178 1859 2205 quarta
1875 2176 1904 2199 et

1104 2209 1231 2244 Meliteue
1245 2216 1372 2243 habitare
1388 2217 1488 2250 coegit.
1508 2215 1595 2242 Porro
1613 2223 1667 2243 non
1689 2217 1829 2250 prtevaluit
1850 2225 1905 2243 sac-

1103 2262 1164 2288 vius
1181 2261 1284 2289 moveri
1303 2267 1399 2289 contra
1414 2265 1539 2288 sanctam
1553 2266 1582 2289 et
1595 2261 1778 2289 universalem
1792 2268 1902 2290 sextam

1103 2308 1250 2343 synodum,
1270 2307 1430 2335 subvertere
1454 2307 1571 2335 studens
1600 2307 1706 2339 divina,
1724 2316 1784 2343 quae
1809 2310 1845 2334 ab
1867 2317 1902 2336 ea

1105 2353 1234 2380 roborata
1255 2356 1331 2384 sunt,
1349 2352 1488 2387 dogmata.
1507 2353 1617 2388 Reperit
1630 2357 1720 2380 autem
1744 2355 1786 2381 sui
1800 2362 1902 2382 sensus

1102 2398 1246 2432 Joannem,
1259 2407 1339 2434 quetn
1352 2399 1512 2434 episcopum
1527 2399 1808 2435 Constantinopoleos
1822 2400 1901 2432 fecit,

1102 2446 1228 2481 deposito
1254 2446 1327 2481 Cyro
1347 2445 1463 2480 praesule
1491 2445 1585 2480 hujus,
1613 2453 1694 2480 quem
1714 2447 1813 2474 exsilio
1830 2447 1902 2474 rele-

1101 2492 1174 2527 gavit
1200 2491 1226 2518 iu
1248 2491 1418 2518 monasterio
1433 2490 1549 2523 Cboras,
1570 2491 1771 2526 Nitolanmque
1797 2500 1812 2519 a
1838 2492 1902 2519 dia-

1101 2544 1171 2564 cono
1189 2544 1306 2564 eaucum
1333 2536 1473 2568 eﬂ‘ectum,
1491 2537 1540 2571 qui
1559 2545 1622 2564 eum
1643 2537 1801 2564 medicinali
1827 2543 1902 2565 esset

1100 2583 1246 2618 disciplina
1279 2583 1414 2618 sophista,
1441 2586 1507 2610 tunc
1537 2588 1661 2619 quaestor
1688 2587 1759 2615 erat.
1788 2585 1902 2619 Agelpi-

1100 2629 1231 2664 diumque
1251 2629 1398 2656 diaconum
1414 2630 1517 2665 Magnae
1536 2631 1672 2663 ecclesiae.
1701 2635 1784 2666 atque
1799 2632 1900 2658 Antio-

1099 2677 1181 2703 chum
1201 2677 1451 2711 chartophylacem,
1468 2682 1495 2704 et
1508 2678 1576 2704 alios
1595 2685 1701 2704 morum
1723 2679 1899 2709 earumdem.

1099 2724 1146 2757 qui
1180 2722 1264 2750 etiam
1304 2723 1410 2758 scripto
1438 2723 1743 2751 auathematizaverunt
1772 2731 1899 2752 sanctam

1098 2773 1202 2797 sextam
1221 2771 1368 2805 synodum.
1384 2769 1489 2798 Interea
1510 2770 1643 2806 Volgares
1654 2779 1702 2806 per
1716 2770 1811 2799 Philea
1827 2772 1897 2799 clam

1099 2815 1125 2843 in
1138 2821 1284 2851 angustum
1299 2816 1462 2847 incidentes.
1478 2821 1505 2844 et
1520 2825 1618 2853 magna
1635 2817 1709 2845 caede
1724 2817 1796 2844 facta
1810 2826 1897 2852 usque

1098 2861 1131 2888 ad
1153 2862 1250 2889 urbem
1275 2862 1480 2894 discurrentes,
1496 2867 1523 2890 et
1541 2863 1642 2891 nmltos
1669 2863 1894 2894 trauSvcbentes.

1098 2907 1257 2943 nuptiisque
1283 2908 1424 2943 opulentis
1452 2913 1477 2936 et
1496 2909 1651 2945 dapsilibus
1679 2910 1802 2944 praud.is
1832 2917 1895 2937 cum
