2052 3153
165 164 231 198 1349

565 165 749 195 HISTORIA
768 165 1056 196 ECCLESIASTICA
1075 167 1126 197 EX
1141 168 1385 200 ΤΗΕΟΡΗΑΝΕ.

1731 171 1800 204 1350

165 218 239 246 vario
261 222 375 253 argento
391 221 546 252 czeteroque
569 222 702 253 apparatu
733 219 848 253 repertis
870 227 958 254 usque
972 221 999 250 Α
1047 222 1126 250 Anno
1148 223 1254 259 imperii
1277 224 1404 258 Artemii,
1419 226 1466 261 qui
1484 230 1511 254 et
1527 228 1692 256 Anastasius
1709 229 1801 258 dictus

164 264 198 292 ad
226 271 338 292 auream
362 269 468 299 portam
494 264 695 298 discurrentes,
721 269 833 300 totaque
854 266 960 293 Thrace

164 312 252 346 praeda
269 317 415 345 evacuata,
437 312 515 340 ilhesi
540 320 602 339 cum
627 313 782 341 innumeris
813 314 960 349 pecoribus

164 360 196 386 ad
222 358 334 394 propria
363 363 429 386 sunt
444 359 561 386 reversi.
580 358 717 386 Similiter
731 365 759 387 et
775 360 882 388 Arabes
893 360 959 388 Mis-

164 405 246 432 thiam
267 409 401 439 ceperunt
426 408 452 432 et
466 405 518 431 alia
537 409 639 436 castra,
656 406 742 433 multa
765 407 856 441 praeda
881 406 961 434 fami-

165 451 261 478 liarum
288 452 469 486 plurimarum
498 456 525 480 ct
549 459 681 487 pecorum
710 453 954 481 innumerabilium

161 498 244 525 iacta.

198 543 277 571 Anno
293 543 401 578 imperii
423 544 570 579 Philippici
596 545 718 572 secundo
739 545 825 573 movit
851 546 959 573 exerci-

165 594 219 617 tum
236 590 328 618 llahas
347 596 443 618 contra
461 591 636 625 Romaniam,
655 596 682 619 et
694 592 767 627 cepit
784 592 960 619 Antiochiam

161 635 272 664 Pisidia:
287 645 348 663 eum
376 637 461 664 multa
475 636 576 672 praeda,
592 643 620 664 et
645 645 774 665 reversus
788 643 840 665 est.
861 637 961 665 Factus

164 690 254 711 autem
274 689 316 712 cst
341 688 369 712 et.
391 689 471 711 terra:
494 688 588 711 motus
605 684 632 711 in
649 684 739 719 Syria.
766 684 882 711 Biennio
896 692 961 712 vero

160 731 269 766 imperii
298 731 443 765 Philippici
467 732 493 758 in
507 730 552 759 his
580 736 749 763 transeunte,
766 731 896 766 circoque
911 738 961 757 na-

168 777 261 804 Ialicio
276 782 480 810 consummato,
497 784 560 804 cum
576 777 685 804 Prasini
707 777 849 808 vicissent,
871 777 960 804 visum

162 826 204 850 est
233 822 392 858 imperatori
413 822 527 851 sabbato
559 821 737 850 Pentecostes
756 823 878 857 equitem
898 830 960 850 cum

162 869 341 903 susceptione
365 876 397 896 ac
425 869 537 904 organis
557 868 677 903 ingredi,
702 872 729 896 et
759 868 844 896 lavari
868 869 894 895 in
911 877 960 902 pn-

164 916 236 943 blico
262 916 364 948 balneo
395 915 540 951 Zeuxippi,
557 920 585 943 et
601 923 664 943 cum
693 915 802 942 civibus
826 915 960 949 prosapia:

159 961 282 996 antiquae
296 961 440 996 prandere.
461 961 531 988 Cum
553 965 646 989 autem
661 961 778 989 meridie
794 961 959 994 quiesceret,

160 1011 275 1041 repente
291 1013 340 1041 per
354 1014 467 1033 auream
483 1011 591 1041 portam
608 1006 732 1035 introivit
750 1004 840 1034 Rufus
856 1007 961 1042 primus

162 1056 311 1079 stratorum
349 1051 568 1087 Obsequii,....
597 1057 782 1087 cognomento
811 1052 901 1080 Burati
933 1057 961 1080 et

163 1097 300 1125 Theodori
315 1097 424 1132 patricii
442 1097 549 1132 Myacii,
564 1105 626 1124 eum
643 1097 743 1124 taxatis
761 1104 832 1132 quos
843 1097 960 1124 habebat

162 1145 189 1171 in
216 1143 324 1171 Thrace
351 1144 482 1171 thematis
506 1144 561 1176 sui,
577 1148 604 1170 et
621 1143 757 1171 festinans
781 1144 808 1170 in
827 1143 959 1178 palatium

164 1192 270 1217 invenit
289 1189 475 1225 Philippicum
494 1189 610 1217 meridie
629 1190 830 1224 quiescentem,
845 1195 870 1216 et
883 1197 959 1216 com-

159 1237 329 1271 prehensum
355 1243 417 1263 eum
436 1235 514 1263 duxit
530 1243 640 1262 sursum
664 1235 699 1262 in
723 1235 876 1262 oratorium
891 1234 958 1262 Pra-

159 1282 298 1312 sinorum,
314 1285 340 1308 et
362 1280 419 1308 illic
436 1280 496 1315 ejus
512 1280 609 1308 oculos
632 1280 715 1311 eruit,
740 1280 816 1307 nullo
843 1280 958 1309 sciente.

161 1327 193 1354 lu
211 1327 364 1353 crastinum
383 1331 485 1358 autent,
502 1325 530 1352 id
548 1329 592 1352 est
605 1325 777 1357 Pentecoste,
796 1329 960 1353 coacervato

163 1373 189 1399 in
213 1370 313 1406 Magna
332 1371 449 1398 ecclesia
469 1370 569 1406 populo
588 1374 738 1398 coronatus
752 1374 795 1397 est
818 1370 959 1397 Artemius

161 1419 267 1452 primus
294 1425 309 1444 a
342 1418 469 1449 secretis,
494 1420 602 1444 mutato
639 1417 752 1444 nomine
784 1416 958 1444 Anastasius.

161 1464 282 1491 Sabbato
318 1470 382 1490 vero
413 1466 476 1497 post
506 1461 689 1489 Pentecosten
723 1461 811 1489 oculis
837 1462 959 1496 privatus

161 1512 187 1534 et
199 1507 362 1535 Theodorus
375 1506 495 1543 Myaces,
513 1511 540 1535 et
557 1507 679 1535 secundo
698 1506 813 1534 sabbato
827 1507 855 1534 id
868 1507 958 1541 ipsum

160 1554 274 1589 pertulit
290 1553 425 1589 Georgius
442 1553 628 1588 Buramphus,
647 1558 674 1581 ct
687 1553 714 1580 in
736 1553 863 1581 exsilium
881 1553 958 1581 missi

160 1605 226 1628 sunt
256 1599 329 1635 apud
356 1600 588 1627 Thessalonicen.

193 1644 288 1672 Mundi
314 1652 386 1671 anno
416 1644 506 1675 6206,
533 1644 635 1671 divinae
661 1644 862 1671 incarnationis
888 1652 959 1673 anno

161 1691 222 1725 706,
240 1699 311 1718 anno
333 1698 397 1718 vero
412 1690 520 1725 imperii
538 1689 656 1717 Artemii
677 1690 766 1724 primo
782 1690 959 1718 incursiones

160 1737 306 1765 Masalmas
320 1737 454 1765 adversus
466 1737 630 1763 Romaniam
647 1736 743 1768 movit,
766 1741 793 1764 et
810 1737 958 1771 dispoliata

160 1783 266 1810 Calatia
298 1783 379 1810 rediit
408 1789 470 1809 cum
499 1781 589 1816 praeda
610 1786 636 1808 et
653 1781 750 1816 spoliis
776 1781 882 1809 multis.
908 1781 959 1809 Ast

160 1832 299 1859 Artemius
313 1830 520 1865 magistratibus
535 1830 561 1856 in
578 1830 755 1865 equestribus
770 1829 876 1856 militiis
895 1829 957 1857 ido-

160 1877 232 1910 neis,
244 1881 272 1904 et
294 1874 504 1903 rationabilibus
520 1875 547 1901 in
566 1876 648 1902 rebus
663 1875 793 1902 civilibus
810 1874 957 1906 ordinatis,

157 1924 216 1958 jam
249 1923 371 1956 requiem
398 1922 515 1957 degebat
542 1921 669 1956 adeptus.
699 1921 824 1956 Cumque
853 1921 959 1948 Arabes

160 1972 257 1995 contra
274 1966 434 1994 Boumniam
452 1972 524 1993 terra
541 1967 666 2001 marique
685 1970 869 1998 armarentur,
884 1966 959 1994 misit

161 2015 311 2050 imperator
332 2013 472 2048 principes
500 2012 526 2039 in
553 2011 660 2048 Syriam
683 2011 717 2039 ad
742 2011 851 2044 Vhalid,
878 2013 958 2046 quasi

161 2068 211 2094 pro
237 2060 280 2087 his
294 2068 355 2094 qua:
372 2060 405 2086 ad
422 2067 518 2093 pacem
533 2059 671 2094 pertinent
691 2059 846 2092 locuturos,
861 2059 958 2086 Danie-

160 2107 213 2133 lem
239 2105 367 2132 videlicet
394 2105 467 2131 inter
489 2104 569 2136 alios,
593 2104 749 2138 Siuopiten,
770 2105 916 2138 patricium
931 2108 958 2132 et

159 2151 319 2187 prmicctum
334 2150 421 2182 urbis,
438 2150 573 2178 mandans
592 2151 617 2178 ei
635 2150 781 2186 diligenter
794 2151 958 2186 investigare

158 2199 193 2225 de
206 2201 282 2224 motu
298 2205 392 2224 eorum
417 2202 445 2224 et
457 2197 560 2225 virtute
585 2202 683 2224 contra
702 2197 865 2225 Romaniam
892 2206 954 2225 conv

1014 272 1065 299 est.
1087 270 1208 296 secundo
1233 273 1357 299 mortuus
1375 276 1418 299 est
1436 270 1535 300 Vhalid
1555 274 1676 302 Arabum
1691 275 1759 309 dux,
1775 282 1802 305 ct

1012 312 1135 340 Suliman
1153 314 1179 340 in
1206 314 1359 350 principatu
1382 317 1515 351 succedit,
1532 319 1577 353 qui
1593 320 1682 347 tribus
1693 321 1802 355 praefuit

1014 359 1105 387 annis.
1152 359 1305 388 Germanus
1337 370 1448 398 quoque
1476 363 1801 401 Constantinopolitanus

1013 406 1129 433 habetur
1144 408 1268 439 antistes.
1279 409 1325 443 qui
1343 409 1432 437 eidem
1447 410 1548 438 throno
1562 411 1718 446 quindecim
1732 422 1800 449 prm-

1013 452 1084 479 sedit
1101 454 1193 481 annis.
1227 454 1329 483 Eodem
1343 464 1454 492 quoque
1469 465 1541 486 anno
1557 460 1709 488 translatus
1725 465 1769 489 est
1785 469 1800 489 a

1011 498 1113 534 Cyzico
1127 499 1194 528 urbe
1205 502 1350 536 metropoli
1362 502 1643 540 Constantinopolim,
1662 506 1689 534 in
1706 515 1761 542 quo
1775 512 1802 535 et

1013 546 1254 574 commonitorium
1281 549 1484 584 translationis,
1513 551 1587 586 quod
1616 552 1800 586 subinl'ertur,

1012 594 1221 626 pronuntiatum
1236 599 1279 622 est
1298 596 1442 624 continens
1455 597 1492 624 ita
1507 607 1514 624 :
1528 598 1662 627 Electione
1671 605 1696 628 et
1709 609 1802 636 appro-

1013 637 1118 666 batione
1137 641 1400 675 religiosissimorum
1426 644 1639 679 presbyterorum
1668 652 1692 674 et
1710 648 1802 676 dimo-
1829 668 1832 672 .

1014 692 1107 711 norum
1121 690 1145 711 et
1164 686 1246 713 totius
1261 687 1419 715 venerabilis
1436 689 1501 716 clari
1519 691 1642 726 sacrique
1655 699 1762 720 senatus
1775 699 1801 720 et

1013 730 1094 756 amici
1110 730 1211 758 Christi
1229 733 1321 767 populi
1339 732 1392 760 Deo
1412 729 1700 771 conservandis/tuqu
1722 740 1801 774 regia:

1013 775 1096 807 urbis,
1108 776 1198 804 divina
1214 779 1313 813 gratia,
1327 787 1386 814 quin
1399 788 1500 815 semper
1518 782 1626 816 inﬁrma
1642 789 1719 811 curat
1733 791 1757 812 et
1770 794 1801 814 ea

1013 828 1070 855 qua:
1087 827 1150 850 sunt
1172 823 1310 857 adimplet,
1334 826 1472 853 transtulit
1490 826 1649 856 Germanum
1661 832 1802 860 sanctissi-

1014 875 1084 894 mum
1102 869 1243 903 praesulem
1265 870 1449 905 Cyzicemium
1470 875 1642 908 melropoleos
1659 877 1686 904 in
1698 878 1800 910 episco-

1011 922 1071 946 pum
1089 915 1168 950 hujus
1191 916 1243 944 Deo
1263 919 1449 946 conservaan
1466 928 1498 947 ac
1513 921 1690 954 imperatoria:
1706 925 1801 951 civita-

1012 961 1057 986 tis.
1077 960 1162 988 Facta
1179 967 1267 990 autem
1283 967 1322 990 est
1336 972 1453 998 prasens
1470 967 1645 994 translatioin
1657 971 1800 1003 prwsentia

1012 1006 1148 1034 Michaelis
1165 1009 1328 1036 sanctissimi
1343 1010 1488 1045 presbyteri
1506 1017 1530 1039 et
1548 1015 1717 1047 upocrisiarii
1734 1024 1800 1049 apo-

1011 1054 1113 1081 stolica:
1126 1055 1208 1088 sedis,
1221 1060 1246 1082 et
1257 1057 1419 1090 reliquorum
1430 1059 1596 1086 sacerdota»:
1611 1069 1641 1086 ac
1654 1062 1800 1095 pra’sultmt

1011 1100 1059 1127 sub
1089 1100 1206 1128 Artemio
1233 1101 1401 1135 imperatore.
1445 1103 1531 1132 Porro
1564 1113 1626 1133 cum
1660 1107 1800 1136 Artemius

1011 1147 1152 1175 didicisset
1162 1147 1235 1182 quod
1249 1149 1347 1177 classis
1366 1150 1568 1178 Saracenorum
1582 1152 1616 1179 ab
1632 1152 1799 1180 A'exandria

1013 1193 1039 1218 in
1062 1192 1208 1220 Phoenicen
1229 1201 1406 1229 properasset
1423 1196 1455 1222 ad
1473 1196 1646 1224 incidendum
1662 1199 1798 1234 Iiguamen

1012 1239 1213 1273 cypressinum,
1244 1241 1340 1267 electis
1363 1249 1394 1267 ex
1424 1243 1534 1276 proprio
1561 1244 1632 1270 stolo
1660 1245 1799 1272 veloeihus

1011 1285 1121 1319 scaphis
1138 1285 1213 1312 misit
1229 1289 1337 1314 tatatos
1350 1294 1381 1313 ex
1397 1287 1518 1315 themate
1534 1288 1657 1322 Obsicio,
1684 1294 1710 1317 et
1726 1291 1797 1325 apud

1012 1330 1137 1358 Rhodum
1155 1339 1252 1359 omnes
1267 1332 1357 1367 colligi
1371 1333 1463 1367 jussit.
1482 1336 1682 1371 praeposuitque
1700 1344 1746 1372 pra
1758 1341 1798 1364 to-

1013 1384 1067 1403 rem
1087 1376 1129 1404 eis
1151 1381 1179 1404 et
1198 1381 1280 1411 caput
1292 1377 1426 1405 Joannem
1452 1379 1555 1414 Magna:
1571 1382 1694 1409 ecclesiae
1717 1383 1798 1409 mini-

1011 1428 1122 1454 strum,
1150 1424 1196 1458 qui
1224 1423 1367 1451 dicebatur
1397 1432 1465 1460 papa
1491 1426 1661 1458 Joannacis.
1694 1429 1797 1463 quique

1010 1469 1146 1504 generalis
1160 1473 1220 1497 erat
1234 1474 1297 1496 tunc
1314 1470 1459 1505 logothcta.
1475 1471 1500 1498 is
1512 1480 1578 1507 ergo
1592 1480 1654 1500 cum
1669 1472 1796 1501 Rhodum

1011 1515 1125 1542 adiisset
1153 1520 1182 1543 et
1217 1517 1324 1551 navigia
1355 1518 1574 1550 convenissent,
1606 1520 1798 1555 alloquebatur

973 1565 994 1594 ς
1011 1560 1148 1595 principes
1168 1568 1250 1595 super
1269 1563 1390 1589 motione
1421 1570 1453 1590 ac
1487 1564 1585 1592 itinere
1614 1566 1736 1600 ipsorum
1770 1568 1796 1594 in

1010 1605 1158 1634 thniceu
1185 1607 1219 1634 ad
1242 1607 1417 1636 incidendum
1445 1609 1582 1644 lignamen
1613 1615 1640 1639 et
1662 1619 1798 1648 pra-para-

1010 1653 1123 1685 tionem,
1154 1660 1214 1687 qua:
1246 1654 1416 1682 inveniretur
1442 1655 1640 1691 Agareuorum.
1675 1659 1798 1694 Cumque

1010 1705 1106 1725 omnes
1120 1698 1250 1726 alacriter
1269 1700 1458 1732 ohaudissent,
1485 1702 1512 1728 hi
1534 1704 1580 1738 qui
1603 1704 1798 1732 erautObsicii

1011 1743 1062 1770 hoc
1077 1743 1235 1771 nullatenus
1249 1745 1430 1778 admiserunt,
1445 1752 1470 1773 et
1485 1746 1676 1782 imperatorem
1686 1750 1796 1784 quidem

1010 1788 1135 1815 detestati
1161 1793 1236 1819 sunt.
1267 1789 1412 1817 diaconum
1435 1799 1499 1819 vero
1526 1791 1658 1821 Joannem
1687 1794 1798 1822 lrameis

1002 1840 1195 1868 .pcretnerunt.
1226 1834 1295 1862 Hinc
1311 1843 1379 1871 ergo
1395 1838 1459 1864 stoli
1477 1838 1557 1865 divisi
1574 1838 1607 1865 ad
1622 1847 1672 1866 sua
1686 1840 1798 1874 naviga-

1009 1884 1108 1906 verunt
1130 1879 1200 1907 loca.
1231 1880 1272 1908 Illi
1300 1889 1364 1909 vero
1393 1891 1509 1918 nequam
1525 1890 1684 1920 operatores
1700 1891 1798 1914 contra

1010 1924 1110 1959 regiam
1128 1925 1313 1953 ascenderunt
1332 1927 1438 1956 urbem.
1463 1929 1531 1956 Cum
1555 1935 1646 1958 autent
1665 1930 1798 1967 Adramy-

1009 1971 1077 1997 tium
1106 1972 1239 1999 adiissent
1267 1978 1416 2008 essentque
1441 1975 1500 2002 sine
1513 1975 1612 2010 capite,
1634 1977 1798 2005 invenerunt

1009 2015 1066 2043 illic
1082 2016 1221 2044 hominem
1238 2019 1393 2054 indigenam
1415 2019 1600 2049 Theodosium
1616 2023 1736 2054 nominel
1749 2023 1797 2058 qui

1009 2063 1182 2097 publicorum
1206 2069 1265 2092 erat
1294 2066 1459 2095 tributorum
1490 2074 1630 2104 exceptor,
1660 2070 1734 2098 iners
1766 2079 1798 2098 ac

1009 2109 1103 2141 idiota,
1120 2114 1146 2136 et
1164 2110 1264 2138 hortati
1283 2118 1348 2140 sunt
1364 2121 1427 2141 eum
1451 2115 1597 2150 imperare.
1620 2117 1653 2144 At
1674 2118 1718 2145 ille
1734 2117 1797 2153 fuga

1010 2163 1077 2182 usus
1100 2155 1127 2182 in
1143 2162 1235 2184 monte
1253 2157 1374 2194 latebat;
1403 2168 1482 2196 quem
1507 2162 1646 2190 inventum
1668 2168 1697 2190 ut
1713 2165 1798 2199 impe-

1010 2206 1128 2229 ratorem
1157 2203 1284 2232 laudibus
1318 2207 1496 2240 extulerunt,
1528 2209 1552 2236 vi
1579 2214 1709 2245 cogentes
1734 2220 1796 2238 eum

158 2244 302 2272 struenda.
319 2243 372 2276 Qui
389 2251 451 2270 cum
473 2244 589 2272 abiisset
609 2248 637 2271 et
660 2249 821 2275 remeasset,
840 2245 953 2271 nuutia-
966 2234 992 2264 Β
1008 2249 1151 2284 imperare.
1168 2250 1273 2289 Quibus
1289 2251 1427 2280 Artemius
1444 2255 1574 2289 cognitis,
1600 2234 1720 2290 pimiecit
1737 2257 1796 2285 urbi

158 2292 198 2318 vit
215 2290 375 2326 imperatori
399 2298 528 2326 magnum
554 2296 652 2318 contra
666 2291 769 2326 regiam
796 2291 890 2318 urbem
907 2299 954 2326 per

159 2342 263 2365 terram
288 2340 316 2363 et
340 2343 415 2364 mare
445 2337 660 2364 instrumentum
686 2345 793 2365 eorum.
810 2336 888 2364 Tunc
909 2337 954 2365 ille

160 2383 290 2418 praecepit
327 2390 382 2417 quo
420 2383 612 2417 unusquisque
642 2387 768 2417 sumptus
798 2391 885 2418 usque
919 2383 953 2410 ad

158 2429 272 2457 triennii
301 2433 410 2463 tempus
439 2429 557 2455 sollicite
589 2433 768 2463 praepararet,
790 2429 836 2463 qui
860 2432 952 2454 autem

159 2475 212 2502 hoc
244 2481 299 2500 non
330 2473 494 2508 possederit,
522 2473 555 2499 ab
582 2473 663 2505 urbe,
687 2472 785 2507 inquit,
807 2472 941 2499 discedat.

157 2520 310 2548 Constituit
324 2524 416 2547 autem
435 2519 598 2555 praepositos
621 2518 840 2546 construentium
857 2524 953 2550 naves,

157 2569 190 2599 et.
202 2566 288 2600 cepit
301 2565 437 2593 aediﬁcare
453 2565 602 2593 dromones
623 2569 650 2591 et
665 2564 755 2592 dieres
778 2563 908 2599 igniferas
926 2567 954 2591 et

158 2611 296 2638 maximas
324 2611 434 2644 trieres,
450 2615 478 2639 et
504 2611 659 2638 maritimos
682 2610 793 2642 quidem
812 2610 954 2638 renovavit

158 2664 265 2689 muros,
290 2657 418 2685 similiter
438 2660 531 2684 autem
545 2662 574 2685 et
591 2660 727 2687 terrenos,
754 2656 857 2684 sistens
874 2663 953 2683 arco-

158 2703 272 2731 balistas
288 2709 315 2731 et
342 2711 478 2739 mangana
494 2703 519 2730 iu
548 2703 672 2731 turribus
694 2707 721 2730 et
743 2707 954 2738 argtinientosas

159 2750 227 2776 alias
253 2750 415 2783 machinas;
436 2755 464 2778 et
484 2750 636 2778 secundum
651 2749 723 2784 quod
748 2749 881 2784 possibile
899 2749 953 2776 sibi

158 2799 217 2821 erat
244 2796 339 2823 urbem
364 2795 493 2828 munivit,
519 2795 666 2831 frugesque
679 2795 811 2830 plurimas
833 2795 859 2821 in
876 2802 954 2829 rega-

159 2840 232 2869 libus
261 2842 366 2871 horrcis
393 2844 496 2878 posuit,
519 2846 602 2878 atque
628 2843 749 2870 munitas
774 2842 884 2870 sibimet
908 2849 952 2869 re-

158 2889 288 2917 servavit.

1005 2294 1173 2323 domesticos
1191 2297 1316 2325 homines
1334 2305 1400 2325 suos
1418 2301 1559 2334 principes
1572 2309 1623 2327 una
1638 2309 1698 2328 cum
1713 2303 1795 2334 stolo,

1005 2348 1086 2375 quem
1107 2342 1166 2375 ipse
1185 2346 1390 2374 construxerat,
1417 2349 1444 2371 et
1467 2345 1581 2373 armatis
1608 2348 1648 2374 eis
1676 2348 1734 2381 ipse
1751 2347 1798 2374 Ni-

1006 2394 1088 2413 eaaam
1119 2387 1259 2422 ingressus
1291 2388 1347 2415 abit
1376 2389 1403 2416 in
1432 2390 1551 2424 urbem,
1578 2391 1734 2427 ibidemque
1767 2401 1796 2420 se

1005 2431 1102 2457 nutnit.
1126 2432 1251 2460 Rebelles
1266 2437 1357 2461 autem
1382 2436 1580 2469 ascendentes,
1608 2441 1635 2464 et
1657 2444 1796 2466 commoto

1005 2479 1063 2502 tolo
1077 2477 1196 2504 themate
1214 2477 1317 2506 Obsicii
1339 2484 1367 2506 et
1383 2479 1584 2516 Gothngrzecis,
1612 2483 1795 2518 comprehen-

1005 2521 1099 2557 sisque
1112 2523 1206 2551 multis
1224 2525 1332 2559 pusillis
1347 2531 1374 2553 et
1390 2528 1496 2562 magnis
1522 2529 1710 2564 negotiatoriis
1730 2537 1797 2557 sca-

1006 2568 1078 2602 phis,
1108 2577 1156 2604 per
1179 2574 1279 2597 terram
1309 2579 1412 2608 perque
1428 2582 1504 2602 mare
1519 2575 1711 2611 Chrysopolim
1729 2583 1795 2602 cur-

1006 2620 1079 2642 runt.
1104 2615 1171 2644 Cum
1192 2622 1282 2644 autem
1299 2619 1375 2646 urbis
1391 2620 1490 2648 classis
1508 2621 1534 2648 in
1552 2626 1631 2656 portu
1651 2621 1679 2649 S.
1701 2621 1796 2649 lliamm

1006 2662 1151 2688 stationem
1174 2663 1288 2694 ﬁxisset.
1306 2664 1423 2700 singulis
1449 2666 1606 2702 quibusque
1627 2666 1725 2694 diebus
1747 2674 1796 2701 per

1005 2714 1052 2734 seu
1069 2714 1178 2735 menses
1196 2708 1312 2735 invicem
1329 2716 1532 2746 expugnarunt.
1556 2711 1623 2738 Cum
1637 2706 1702 2739 vero
1719 2713 1795 2741 urbis

1005 2753 1093 2780 stolus
1114 2754 1147 2781 ad
1164 2753 1256 2781 Neorii
1280 2755 1356 2782 urbis
1374 2762 1483 2791 portum
1502 2758 1642 2792 profectus
1662 2759 1793 2791 stetisset,

1005 2800 1145 2827 transiens
1160 2799 1332 2829 Theodosius
1363 2802 1535 2832 Thracenses
1558 2805 1676 2832 obtinuit
1690 2811 1792 2841 partes.

1005 2844 1166 2873 Proditione
1183 2854 1248 2874 vero
1269 2847 1339 2875 facta
1358 2857 1404 2883 per
1422 2855 1526 2884 portam
1548 2851 1696 2886 singularis
1721 2851 1794 2879 muri

1009 2891 1221 2920 Blacltcrnarum
1259 2894 1353 2922 urbem
1385 2897 1465 2930 crpit.
1499 2897 1545 2925 Ast
1573 2898 1658 2934 iniqui
1692 2897 1794 2928 Obsicii
