2052 3153
233 176 298 210 13ἐι1

811 168 1011 201 ANASTASII
1024 165 1340 197 BlBLIOTHECARli
1799 167 1868 199 ηδε

230 232 321 268 populi
342 238 394 258 una
413 237 474 257 cum
487 226 678 262 Gothogrrecis
698 230 782 252 noctu
805 231 853 259 per
868 225 963 251 domos
978 223 1018 249 ci-
1033 226 1054 253 Α
1071 221 1180 268 nomine
1194 219 1294 250 aner,
1311 219 1337 246 in
1356 219 1604 268 pereuntia-stetit
1627 218 1740 247 dicens:
1767 219 1868 248 Serum.-

233 277 306 304 vium
325 275 524 306 discurrentes,
551 272 699 299 niaximum
724 269 792 297 nulli
814 274 958 304 parcentes
972 275 1021 294 ex-
1045 294 1052 300 _

231 323 334 349 mdium
357 320 460 356 operati
487 322 561 346 sunt.
593 317 734 351 Principes
749 322 851 347 autent,
875 315 965 348 quiin
990 322 1021 339 ea

231 372 329 398 erant,
351 366 462 393 Artemii
504 371 557 391 una
588 370 650 390 cum
682 362 819 389 Germano
846 361 1022 387 sanctissimo

234 415 388 450 patriarcha
405 410 711 445 Constantinopolitano
736 408 955 443 comprehensos
971 407 1021 433 du-

232 463 331 486 xerunt
355 459 380 484 iu
405 464 498 484 casam
518 455 633 482 Artemii
662 459 688 481 ct
706 461 801 481 eorum
816 454 862 488 qui
882 460 943 479 cum
964 453 1023 486 ipso

232 509 321 530 erant.
352 503 437 529 Porro
455 501 596 528 Artemius
616 500 659 527 liis
677 499 755 531 visis,
773 498 963 533 desperatione
980 498 1024 524 sui

234 550 342 581 fessus,
358 553 444 577 seruet
464 549 554 583 ipsutu
582 546 717 578 tradidit,
741 545 879 580 verboque
904 543 1024 578 impuni-

234 596 297 622 tntis
318 594 436 629 expetito
452 593 606 620 monastico
624 592 736 619 indutus
750 595 793 618 est
808 590 913 617 habitu.
937 591 1024 622 Quem

233 641 405 668 Theodosius
432 640 546 666 illresum
559 645 704 666 reservans
717 637 787 672 apud
798 636 1023 664 Thessalonicam

233 688 330 714 exsilio
345 687 485 722 relegavit.
510 685 596 712 Porro
612 684 782 718 [’hilippicus
802 683 946 717 imperavit
962 682 1024 716 qui-

230 732 293 758 dem
311 733 392 758 annis
413 732 521 758 duobus
538 735 565 756 et
591 730 733 756 mensibus
757 737 866 760 novent,
885 729 1025 756 Artemius

233 784 298 803 vero
316 785 389 803 anno
407 783 460 802 uno
485 780 512 802 et
538 775 679 802 tnensibns
700 775 798 801 tribus.
825 773 879 801 Leo
894 779 1025 808 praeterea

233 830 295 848 cum
312 826 384 849 esset
402 825 502 856 prmtor
517 820 711 850 Orientalium.
730 820 859 855 quoniam
875 820 1027 847 attxiliaba-

232 872 277 893 tur
292 867 424 897 Artemio.
441 874 493 893 Iloll
507 871 549 893 est
564 866 692 893 subditus
707 865 874 892 Theodosio.
903 864 1026 891 Habebat

1073 265 1141 299 fugit
1165 265 1270 298 furatus
1296 264 1434 297 pecuniam
1460 263 1582 296 multum,
1607 269 1632 289 et
1657 268 1765 298 propter
1791 265 1866 290 illum

1073 310 1145 343 equis
1159 310 1315 336 imedimus.
1340 307 1425 336 Porro
1441 309 1563 343 ipsorum
1581 309 1672 344 agnita
1695 316 1795 344 prmtor
1820 312 1867 335 dv-

1073 356 1209 390 eo-ptione,
1226 355 1295 382 dixit
1308 355 1341 382 ad
1362 362 1429 382 eos:
1457 353 1498 382 Ne
1524 355 1688 382 turbemini:
1715 364 1777 382 nam
1802 365 1870 390 quo~

1074 410 1175 436 cunque
1203 402 1368 436 perrexerit,
1396 402 1423 428 in
1451 402 1548 428 castris
1575 402 1674 428 nostris
1708 403 1868 436 reperiemus

1074 457 1143 476 eum.
1173 449 1313 476 Trislatus
1330 454 1420 476 autent
1440 450 1529 485 potuit
1544 450 1651 477 occulte
1666 458 1714 485 per
1726 451 1868 478 hominem

1076 503 1156 522 smnn
1177 495 1350 523 innotescere
1377 496 1419 523 his
1442 496 1489 530 qui
1512 496 1615 522 Amorii
1630 500 1726 528 erant,
1749 496 1868 524 dicens:

1078 540 1178 568 Timete
1193 540 1287 574 Deum,
1308 550 1340 568 ne
1358 542 1528 573 vosmetipsos
1552 542 1685 576 prodam.
1716 541 1785 569 Ecce
1798 543 1868 569 enim

1074 591 1100 614 et
1119 586 1267 614 Moralium
1286 588 1491 623 appropinquat.
1520 587 1552 614 Et
1574 588 1641 614 exiit
1657 588 1740 615 etiam
1757 588 1869 623 episco-

1077 640 1128 668 pus
1146 633 1178 659 ad
1210 641 1285 664 eum,
1306 638 1333 660 et
1357 634 1452 661 eadem
1478 633 1537 668 ipsa
1565 633 1632 660 dicit
1656 633 1692 661 ei.
1718 632 1784 660 Cum
1801 641 1868 661 vero

1077 678 1235 706 thetimau
1263 679 1404 707 didicisset
1429 679 1501 713 quod
1529 678 1633 706 exisset
1655 679 1689 705 ad
1720 686 1783 705 eum
1809 678 1869 713 cpi-

1077 733 1198 760 scopus.
1227 725 1307 752 mittit
1329 725 1362 752 ad
1388 729 1552 759 praetorem:
1580 723 1621 750 Da
1645 724 1736 755 nobis,
1760 724 1870 756 dicens.

1076 772 1238 806 episcopum.
1269 771 1322 804 Qui
1356 777 1473 798 mlestus
1497 770 1588 797 lactus
1621 770 1765 798 abscondit
1793 778 1869 803 eum,

1077 818 1186 845 cuidam
1204 817 1344 844 hominum
1364 825 1476 844 suorunt
1495 816 1679 851 przecipiens:
1702 815 1802 848 Nobis,
1825 816 1872 844 in-

1078 863 1148 898 quit,
1166 862 1378 897 cotlaquentibus
1395 862 1476 889 indue
1490 870 1551 888 eum
1570 862 1632 889 aliis
1647 863 1735 894 stolis.
1752 867 1778 889 et
1793 862 1872 897 quasi

231 918 322 940 autem
341 913 542 947 causpirautem
560 913 613 940 sibi
629 916 655 939 et
668 916 878 939 conenrrenlem
893 911 1020 938 Artabas-
1039 907 1061 934 Β
1075 913 1181 944 propter
1194 908 1268 942 ligna
1291 908 1330 934 ret
1352 915 1449 942 equam
1475 908 1586 935 miuum
1613 907 1671 935 sine
1692 913 1721 934 ut
1746 907 1826 934 υαιίιη
1843 909 1870 935 in

233 959 298 986 dum
317 959 486 989 Armenium,
504 962 648 992 primorem
670 957 910 989 Artneniacorum,
938 957 981 984 cui
997 961 1025 983 et

234 1004 380 1039 spopondit
396 1004 478 1030 tiliam
493 1011 522 1030 se
538 1011 614 1031 suam
632 1003 658 1029 in
677 1011 788 1030 tuurem
808 1002 864 1030 fore
883 1003 1024 1036 daturum;

231 1050 306 1084 quod
320 1053 346 1076 et
363 1049 423 1076 fecit
431 1068 438 1076 .

270 1095 361 1122 Mundi
386 1101 458 1120 anno
490 1093 570 1125 69.08,
597 1093 696 1120 divina:
723 1092 924 1120 incarnationis
951 1100 1024 1119 anno

235 1141 297 1170 708.
313 1140 468 1167 Germanus
489 1139 813 1174 Constantinopolilatins
835 1138 950 1165 habetur
976 1146 1025 1165 an-

233 1185 312 1212 tistes
323 1203 331 1214 .
352 1184 398 1219 qui
417 1184 546 1211 Ecclesia:
562 1191 658 1211 novem
672 1183 780 1218 prmluit
793 1183 882 1209 annis.
899 1181 1026 1210 Theodo-

233 1230 291 1257 sius
309 1237 372 1256 vero
387 1230 502 1264 irruperat
516 1237 589 1256 anno
607 1237 679 1262 uno;
695 1228 775 1262 cujus
789 1232 912 1262 tempore
927 1227 1026 1254 Masal-

237 1284 296 1303 mas
316 1276 448 1303 adversus
472 1275 739 1310 Constantinopolim
764 1275 851 1302 aciem
868 1274 973 1308 dirigit,
999 1277 1026 1301 et

235 1322 366 1354 praemisit
397 1320 565 1348 Suhelimam
596 1328 659 1348 cum
687 1321 810 1348 exercitu
842 1328 890 1355 per
909 1321 1025 1352 siccam,

235 1369 384 1395 llumarum
400 1375 465 1394 vero
481 1374 527 1402 per
542 1375 626 1394 mare.
641 1367 727 1393 Porro
743 1367 800 1401 ipse
821 1370 882 1400 post
901 1373 949 1394 eos
962 1373 1025 1393 cum

235 1414 320 1440 multo
346 1418 478 1448 apparatu
504 1413 595 1441 hostili
623 1415 708 1440 venit.
741 1413 909 1440 Suhelimam
935 1416 1025 1440 autem

233 1465 260 1487 et
280 1460 432 1488 Barbarum
455 1461 595 1488 Amorium
621 1460 809 1495 pervenientes
837 1459 964 1487 scribunt
990 1458 1025 1485 ad

235 1505 354 1532 Leonem
379 1511 524 1540 praetorem
537 1506 714 1532 Orientalium
731 1506 768 1532 ita
782 1514 791 1531 ε
816 1504 945 1532 Nouimus
964 1503 1027 1539 quia

235 1552 374 1586 imperium
392 1552 570 1579 Romanarum
586 1557 611 1578 te
627 1554 710 1578 decet.
746 1551 808 1578 Veni
827 1560 888 1586 ergo
914 1551 950 1577 ad
968 1558 1026 1583 nos,

234 1604 259 1624 et
284 1599 424 1634 loqunmur
451 1606 510 1633 qua:
532 1598 566 1624 ad
596 1606 686 1632 pacem
714 1603 786 1625 sunt.
809 1598 921 1625 lntnens
936 1601 1027 1624 autem

235 1644 402 1670 .‘iuhelimam
428 1643 571 1670 Amoriunt
602 1642 754 1670 exercitum
775 1651 830 1670 non
858 1642 977 1674 habere,
1003 1645 1031 1668 et

235 1690 408 1717 inimicitiam
423 1697 507 1724 penes
521 1689 714 1723 magistratum
729 1690 820 1725 jacere
837 1689 872 1716 ob
898 1689 1029 1716 auxilium

237 1736 313 1770 quod
334 1736 457 1763 Artemio
483 1736 660 1768 conferebat,
688 1735 797 1762 obsedit
826 1735 910 1766 illud,
936 1734 1031 1762 volens

236 1782 291 1808 illic
305 1786 332 1808 et
347 1781 505 1808 Masalmam
520 1786 692 1816 exspectare.
707 1781 766 1808 Mox
783 1785 872 1808 autem
889 1784 918 1807 ut
934 1787 1031 1815 appro-

237 1826 378 1860 pinquavit
403 1826 507 1853 civitati
528 1847 535 1857 .
566 1831 711 1861 coeperunt
737 1826 870 1853 Saraceni
901 1826 1030 1853 laudibus

235 1870 375 1897 dillamare
392 1876 536 1906 praetorem
560 1871 679 1899 Leonem
701 1872 907 1906 imperatorem,
926 1879 1028 1905 rogan-

236 1921 278 1944 tes
309 1917 406 1944 ethos
433 1917 481 1952 qui
515 1918 589 1944 intus
612 1922 712 1950 erant,
741 1917 767 1944 id
798 1917 887 1952 ipsum
911 1916 1028 1944 efﬁcere.

238 1961 367 1989 Videntes
394 1970 486 1989 autent
509 1966 536 1989 et
564 1962 590 1989 hi
616 1963 663 1997 qni
691 1967 770 1989 erant
797 1963 922 1995 Amorii,
953 1962 1029 1998 quod

236 2007 368 2034 Saraceni
397 2007 471 2034 hunc
495 2015 590 2034 amore
617 2008 771 2040 laudarent,
800 2007 980 2035 laudat-erunt
999 2013 1028 2035 et

237 2051 300 2084 ipsi.
319 2051 493 2083 (lognoscens
510 2059 574 2078 vero
592 2055 692 2086 pra-tor
703 2052 776 2087 quod
790 2053 890 2080 laxatis
906 2060 938 2079 ac
952 2053 1029 2087 prin-

235 2097 343 2131 cipibns
354 2106 407 2124 non
419 2098 617 2125 exsistentibus
631 2099 782 2133 periturum
793 2098 864 2127 foret
875 2099 1027 2132 Amorium,

235 2143 371 2177 signilit-at
395 2143 575 2171 Suheliman:
600 2143 631 2171 Si
654 2147 704 2175 vis.
719 2145 859 2180 inquiens,
878 2151 906 2172 ut
926 2146 1028 2173 veniam

235 2189 269 2214 ad
283 2192 306 2214 te
319 2194 343 2214 et
356 2196 414 2223 qua:
429 2189 502 2222 pacis
518 2194 580 2215 sunt
598 2190 749 2224 loquamur,
774 2199 822 2218 cur
837 2191 941 2218 obsides
963 2192 1025 2219 cici-

1077 959 1187 981 monm.
1216 953 1409 980 lnsistentihus
1435 958 1526 980 autem
1551 961 1600 988 pro
1631 953 1763 989 episcopo
1788 954 1872 981 Sara-

1074 1004 1153 1030 cenis
1177 1002 1243 1030 dicit
1272 1002 1398 1037 praeter:
1433 1001 1496 1028 Non
1526 1007 1564 1028 est
1589 1002 1642 1029 hic.
1682 1002 1871 1030 Verumtamen

1074 1048 1174 1083 pergite
1184 1049 1218 1074 ad
1231 1055 1359 1077 amaram.
1375 1052 1400 1074 et
1413 1048 1488 1074 venio
1503 1048 1584 1074 etiam
1602 1049 1667 1081 ipse,
1686 1053 1710 1074 et
1724 1049 1755 1074 de
1768 1048 1871 1076 cunctis

1075 1094 1221 1128 loquemur.
1242 1092 1294 1128 Ipsi
1316 1098 1408 1120 autent
1426 1094 1579 1128 cogitantes
1593 1094 1664 1128 quod
1689 1101 1752 1120 eum
1773 1094 1871 1121 introi-

1077 1143 1117 1166 ret
1134 1140 1166 1165 ad
1182 1145 1314 1169 ameram,
1333 1139 1359 1165 in
1380 1138 1472 1166 medio
1490 1139 1612 1174 ipsorum
1629 1139 1780 1166 retinerent
1794 1148 1869 1173 enni,

1077 1183 1150 1211 linnc
1175 1183 1351 1211 (llllllSt‘I'lllll.
1387 1185 1421 1210 At
1448 1184 1494 1211 ille
1520 1191 1582 1211 eum
1610 1191 1682 1219 equo
1711 1185 1868 1220 insedisset,

1075 1230 1217 1265 prolectus
1234 1237 1296 1256 cum
1324 1230 1366 1257 bis
1388 1234 1497 1257 centum
1525 1230 1683 1257 hominibus
1698 1231 1775 1264 quasi
1791 1237 1873 1256 vena-

1078 1281 1167 1308 turus,
1180 1275 1256 1302 dedit
1280 1275 1307 1302 in
1331 1280 1435 1309 partem
1465 1275 1616 1302 sinistratn.
1643 1276 1772 1302 Saraceni
1791 1282 1869 1310 ergo.

1076 1324 1123 1359 qui
1151 1327 1230 1350 erant
1251 1329 1314 1349 eum
1335 1329 1380 1352 eo,
1407 1320 1504 1348 dicunt
1531 1321 1590 1348 illi:
1621 1321 1680 1354 Quo
1705 1321 1805 1348 radis?
1835 1320 1871 1348 In

1076 1370 1173 1402 pratis,
1186 1369 1233 1399 ait,
1249 1369 1307 1395 volo
1320 1375 1435 1394 manere.
1450 1367 1485 1394 At
1501 1367 1539 1394 illi
1555 1367 1683 1394 dixerunt
1697 1375 1703 1392 :
1720 1366 1869 1394 Consilium

1079 1421 1152 1443 tuum
1170 1423 1220 1442 non
1233 1420 1271 1442 εει
1290 1415 1397 1445 bonum,
1411 1418 1435 1440 et
1451 1421 1503 1440 non
1523 1414 1654 1441 veniemus
1670 1419 1766 1440 (enim.
1793 1413 1873 1440 Tunc

1077 1463 1145 1490 dicit
1160 1468 1260 1498 praetor
1275 1463 1332 1490 suis
1349 1470 1356 1488 :
1383 1462 1464 1489 Verbo
1486 1462 1559 1488 nobis
1576 1465 1640 1488 dato
1662 1466 1748 1488 tenere
1770 1469 1816 1488 nos
1831 1469 1874 1488 ro-

1078 1509 1194 1542 luerunt,
1211 1514 1236 1535 et
1253 1514 1361 1544 propter
1375 1517 1422 1535 nos
1440 1508 1608 1536 Christiano:
1626 1508 1744 1542 perdere.
1775 1507 1871 1533 Verum

1078 1563 1110 1582 ex
1127 1555 1276 1582 hominibus
1295 1554 1407 1582 nostris'
1420 1555 1460 1582 vel
1479 1554 1673 1585 animantibus,
1689 1561 1748 1588 qua?
1765 1561 1874 1580 reman-

1081 1606 1191 1634 serunt,
1218 1601 1320 1628 nullum
1350 1601 1473 1628 retinent.
1510 1601 1542 1627 lit
1567 1608 1630 1627 eum
1659 1601 1725 1627 isset
1751 1600 1875 1627 millibus

1081 1646 1186 1677 decem,
1213 1646 1324 1673 mansit.
1345 1645 1459 1673 Postera
1475 1653 1537 1672 vero
1559 1646 1604 1672 die
1619 1646 1701 1672 mittit
1721 1649 1874 1672 stratormn

1081 1699 1194 1720 suorum
1217 1691 1410 1722 domesticum.
1429 1695 1456 1718 et
1473 1691 1610 1726 signiﬁcat
1628 1692 1690 1718 eis:
1720 1692 1790 1724 Quia
1815 1699 1875 1718 ecr-

1081 1738 1141 1764 bum
1160 1737 1224 1764 mihi
1245 1736 1357 1764 dedistis
1371 1741 1395 1764 et
1409 1736 1472 1763 dolo
1487 1745 1527 1764 me
1548 1737 1661 1763 retinere
1677 1737 1809 1768 roluiuis,
1828 1737 1874 1764 ir!-

1080 1785 1151 1810 eirco
1175 1783 1280 1810 recessi.
1307 1783 1342 1808 At
1371 1789 1435 1809 vero
1449 1781 1595 1809 Masalutas
1616 1783 1754 1809 claustras
1778 1786 1875 1809 trans-

1080 1830 1161 1862 ierat,
1204 1828 1362 1856 theliman
1392 1833 1483 1855 autem
1514 1828 1565 1854 hoc
1594 1827 1748 1863 ignorabat.
1787 1827 1876 1855 Porro

1080 1874 1237 1902 tumultuati
1256 1879 1322 1902 sunt
1341 1875 1442 1901 amerei
1464 1879 1491 1901 et
1509 1874 1627 1909 populus
1650 1879 1746 1900 contra
1768 1873 1879 1900 Sidieli-

1081 1928 1155 1953 man,
1168 1920 1343 1955 perltibeutes
1359 1929 1365 1947 :
1385 1919 1418 1946 Ut
1436 1920 1499 1955 quid
1512 1919 1662 1946 obsidemtts
1675 1927 1774 1950 murra,
1795 1924 1821 1946 et
1836 1920 1876 1946 in-

1080 1967 1214 1994 cursiones
1235 1974 1285 1992 non
1309 1965 1446 1999 lat-imus!
1470 1965 1664 2001 Repositisque
1687 1966 1876 1993 tabernaculis

1079 2013 1277 2040 discesserunt.
1305 2012 1410 2039 Przctor
1432 2017 1523 2039 autem
1549 2012 1668 2039 Nicmam
1684 2013 1873 2039 turmarrham

1080 2066 1141 2085 cum
1155 2058 1322 2093 octingentis
1338 2058 1470 2085 militibus
1485 2057 1513 2084 in
1530 2058 1689 2084 Armorium
1707 2058 1874 2091 introduxit,

1079 2105 1187 2132 emissis
1203 2113 1236 2131 ex
1252 2112 1284 2132 eo
1307 2105 1400 2131 mttltis
1425 2105 1588 2132 mulieribus
1607 2111 1631 2131 et
1653 2105 1823 2136 infantibus.
1847 2111 1874 2132 et

1080 2151 1265 2185 proﬁciscitur
1282 2151 1341 2186 ipse
1363 2152 1391 2178 in
1408 2151 1549 2178 Pisidiam.
1577 2151 1749 2179 Cumautem
1771 2152 1875 2179 Masal-

1080 2205 1140 2225 mas
1160 2199 1283 2225 venisset
1299 2199 1325 2225 in
1345 2198 1558 2233 Cappadociam,
1579 2199 1717 2233 desperati
1739 2207 1823 2234 super
1844 2207 1876 2227 se

237 2239 318 2260 tutam
331 2235 344 2260 i’
363 2233 397 2281 lit
412 2234 474 2261 ille:
492 2234 567 2281 Veni,
590 2235 690 2271 inquit,
704 2241 729 2263 et
747 2237 848 2264 recedo.
865 2237 898 2264 Et
914 2242 1028 2273 accepto
1044 2251 1066 2279 ι)
1080 2243 1258 2278 Cappadoces
1272 2244 1398 2271 exierunt
1416 2245 1448 2270 ad
1463 2252 1538 2275 eum.
1555 2249 1585 2271 ut
1601 2253 1630 2272 se
1644 2245 1779 2278 reciperet
1793 2245 1875 2281 uagi-

237 2284 337 2313 praetor
358 2279 392 2306 ab
407 2287 440 2307 eo
459 2279 542 2307 verbo
563 2289 625 2307 cum
652 2282 783 2309 trecentis
802 2283 940 2317 equitibus
953 2284 1028 2311 venit

236 2325 269 2350 :ul
298 2325 385 2351 illum.
422 2325 551 2353 Videntes
580 2331 669 2353 autem
695 2335 757 2354 eum
786 2329 905 2363 Agareni
935 2329 1027 2356 vestiti

238 2370 331 2397 loricis
351 2371 408 2397 suis
429 2378 562 2399 venerunt
578 2373 602 2399 ei
620 2373 740 2406 obviam,
767 2374 814 2409 qui
836 2375 965 2402 manebat
987 2375 1028 2402 di-

237 2413 321 2440 midio
344 2415 439 2448 procul
465 2423 479 2442 a
502 2417 601 2443 castris
616 2424 710 2444 eorum
737 2418 877 2447 milliario.
905 2419 957 2447 Per
972 2425 1028 2448 tres

237 2467 303 2485 sane
315 2460 374 2487 dies
398 2468 431 2487 eo
446 2462 613 2495 procedente
628 2463 660 2490 ad
679 2463 782 2498 ipsum.
808 2473 868 2499 qua:
882 2465 916 2492 ad
934 2473 1027 2500 pacem

238 2510 313 2538 sntit,
342 2507 538 2541 loquebantur,
565 2512 591 2535 et
608 2513 663 2536 uta
678 2509 789 2537 civitate
806 2511 987 2539 recederent:
1001 2516 1030 2540 at

237 2550 275 2577 illi
299 2552 459 2579 asserebant
473 2561 479 2578 :
498 2551 602 2587 Sponde
614 2562 716 2587 pacem,
732 2559 757 2582 et
773 2556 927 2583 recedimus.
944 2556 1028 2584 Com-

237 2602 314 2631 perto
345 2606 409 2625 vero
445 2604 546 2634 praeter
575 2601 647 2635 quod
676 2608 738 2628 eum
766 2602 867 2630 vellent
898 2603 1028 2636 retinere,

237 2645 344 2671 vocavit
364 2646 466 2673 multos
481 2654 513 2673 ex
533 2646 686 2674 illustribus
700 2647 846 2677 Saracenis
859 2649 892 2676 ad
907 2657 1026 2683 caenam,

236 2696 264 2717 et
287 2692 463 2719 vescentibus
493 2694 534 2720 eis
570 2694 644 2721 misit
677 2693 837 2722 Snbeliman
866 2695 918 2722 tria
943 2696 1028 2723 millia

237 2737 414 2765 loricatormn
429 2739 462 2766 ad
477 2740 702 2768 circumdandum
721 2749 783 2768 eum
802 2751 836 2769 ne
859 2742 976 2778 fugeret,
999 2749 1028 2771 et

237 2786 411 2812 servandum.
436 2785 494 2819 Quo
507 2787 617 2822 cegnito
632 2788 758 2816 custodia
779 2789 916 2817 nuntiavit
928 2790 1027 2825 eiqnia

238 2831 426 2860 multitudines
449 2834 618 2868 equestrium
638 2833 838 2862 Saracenorum
861 2835 886 2862 in
909 2835 1027 2863 circuitu

238 2882 332 2904 nostra
355 2882 436 2906 stant.
468 2879 588 2908 Veniens
613 2886 702 2908 autem
726 2889 798 2910 unus
820 2889 852 2910 ex
877 2883 916 2910 eis
932 2890 1026 2917 eques,

928 2963 971 2967 ›-να
998 2962 1037 2969 μ-νι

1080 2293 1179 2316 tantes.
1219 2289 1320 2316 Audita
1348 2297 1416 2317 vero
1446 2289 1590 2316 Masaltnas
1618 2290 1759 2318 inimicitia
1789 2299 1873 2326 quam

1080 2333 1198 2360 habebat
1224 2333 1394 2361 Theodosius
1419 2334 1446 2360 in
1479 2337 1622 2367 przetoreru
1640 2354 1647 2365 .
1683 2335 1776 2361 volens
1801 2336 1874 2361 hunc

1079 2379 1256 2413 decipere‘et
1281 2379 1383 2414 pacisci
1406 2387 1469 2406 cum
1492 2387 1526 2406 eo
1543 2387 1573 2406 ae
1598 2387 1646 2414 per
1663 2380 1753 2415 ipsum
1770 2379 1875 2408 Ruina-

1081 2425 1151 2451 niam
1169 2425 1220 2452 sibi
1236 2425 1386 2459 subjicere.
1401 2425 1469 2453 dicit
1485 2426 1546 2452 eis:
1568 2425 1629 2452 Non
1648 2427 1713 2453 estis
1733 2429 1877 2460 proteris?

1079 2472 1127 2506 qui
1150 2471 1301 2499 dixerunt:
1319 2470 1420 2499 Etiam.
1448 2471 1552 2498 Facitis
1573 2473 1701 2507 quidquid
1725 2474 1816 2508 facit?
1841 2475 1876 2501 At

1080 2517 1119 2544 illi
1134 2525 1142 2544 :
1167 2517 1268 2544 Etiam.
1291 2516 1367 2544 Tunc
1379 2518 1445 2545 dicit
1459 2519 1519 2546 eis:
1544 2517 1586 2545 Ite
1602 2519 1635 2545 ad
1659 2525 1750 2546 castra
1772 2525 1873 2550 vestra.

1079 2568 1103 2590 et
1117 2571 1271 2598 quemquam
1288 2564 1369 2590 nolite
1383 2564 1484 2595 timere,
1498 2564 1636 2598 jussitqne
1652 2567 1753 2600 popqu
1772 2575 1824 2593 suo
1841 2574 1876 2593 ne

1082 2610 1270 2644 pra-darentur
1296 2609 1323 2635 in
1354 2610 1463 2636 cunctis
1483 2611 1610 2643 prtetoris
1633 2611 1793 2645 provinciis.
1824 2611 1874 2639 llis

1080 2656 1181 2687 pra-tor
1195 2653 1360 2688 compertis,
1382 2658 1408 2680 et
1437 2654 1593 2689 intelligens
1613 2656 1686 2690 quod
1709 2656 1873 2684 Suhcliman

1080 2698 1222 2726 nuntiaret
1239 2698 1378 2726 Masalma
1394 2699 1466 2734 quod
1486 2707 1516 2726 se
1538 2700 1675 2728 dimiserit
1689 2707 1715 2728 et
1732 2701 1872 2729 discesse-

1080 2744 1128 2776 rit,
1154 2744 1229 2771 misit
1253 2744 1362 2771 litteras
1393 2744 1426 2771 ad
1452 2743 1615 2777 Masalman.
1641 2745 1759 2774 dicens:
1783 2747 1825 2773 Ad
1850 2753 1874 2773 Ie

1080 2790 1196 2817 volebam
1208 2790 1303 2821 venire,
1328 2791 1374 2816 sed
1392 2790 1560 2823 Sulrelimau,
1578 2799 1637 2818 cum
1656 2793 1733 2819 issem
1754 2794 1789 2819 ad
1801 2801 1873 2825 ηυγ,

1080 2842 1166 2864 tenere
1180 2845 1220 2863 me
1234 2837 1326 2868 voluit,
1341 2842 1366 2864 et
1380 2837 1479 2863 idcirco
1494 2842 1581 2864 metuo
1600 2839 1687 2866 venire
1699 2839 1733 2865 ad
1748 2844 1782 2866 te.
1803 2839 1871 2865 Dir-t

1079 2891 1144 2918 ergo
1160 2883 1308 2912 Masalmas
1325 2883 1428 2911 homini
1445 2884 1572 2918 prastoris
1588 2893 1594 2910 :
1626 2884 1695 2912 Νυνὶ
1722 2885 1792 2920 quod
1806 2885 1872 2912 illu-
