2052 3153
160 172 225 205 I353

562 170 745 202 HISTORIA
765 170 1054 202 ECCLESIASTICA
1074 171 1126 202 EX
1145 171 1384 203 THEOPHANE.

1714 170 1781 204 135$

157 230 201 256 dat
225 228 289 256 milii
313 233 422 263 prwtor,
443 236 474 256 ne
497 228 601 263 penitus
621 228 763 263 deperdam
786 228 936 262 provincias
954 230 974 259 Α
989 229 1054 256 vulo
1069 229 1097 256 in
1114 229 1218 256 cacabo
1233 228 1304 256 hunc
1319 231 1465 260 coxerunt,
1482 231 1564 263 atque
1578 228 1606 255 in
1619 227 1781 262 hujusmodi

157 276 220 311 ejus.
234 274 304 302 Dicit
324 276 347 302 ei
362 275 444 302 homo
458 275 604 310 praetoris:
624 274 687 301 Non
711 278 750 301 est
771 275 811 301 ita
822 294 830 306 ,
844 274 888 301 sed
913 274 940 301 in

156 323 263 350 enitate
291 321 382 348 scribit
406 321 464 348 tibi.
501 320 580 348 Tunc
604 321 776 356 interrogat:
804 319 942 352 Quomodo

156 371 193 394 est
221 366 361 394 Amorium
381 374 444 402 erga
467 366 544 393 illam
557 367 570 394 7
592 366 658 394 Ait:
681 365 751 393 Bene
768 370 794 393 et
814 367 840 393 in
854 366 942 401 subje-

155 413 238 439 ctione
252 412 319 446 ejus.
338 410 426 445 iratus
446 416 537 438 autem
553 411 662 446 injuriis
687 411 777 438 aﬁ‘ecit
791 418 854 439 eum
866 431 874 444 ,
899 411 943 438 dia-

155 465 239 486 cens:
269 457 326 485 Car
351 457 497 485 mentiris?
520 457 557 484 At
576 457 640 485 ille:
659 457 704 485 Ita
717 461 756 485 est
775 461 805 484 at
819 457 886 485 dixi.
909 457 944 485 Et

155 508 262 532 tantos
277 504 361 531 mittit
389 510 443 531 una
465 510 528 531 cum
549 504 707 531 turmareha
732 503 760 530 in
781 503 872 539 ipsum
886 523 893 535 ,
916 506 944 530 et

156 550 248 577 eduxit
265 549 483 577 abundantiores
498 548 629 577 familias.
644 549 835 577 Tribnlatione
852 549 945 584 itaque

156 597 258 632 ingenti
274 595 420 624 Masalmas
429 603 514 631 super
526 596 578 623 hoc
594 599 718 631 accepta,
737 595 832 623 furore
845 595 945 630 plenus

155 643 261 678 expulit
275 649 348 670 eum.
362 641 514 670 Consilium
534 642 635 677 quippe
652 642 769 670 habebat
788 645 882 669 aestate
896 648 945 669 ca-

155 696 218 724 pere
236 687 315 719 illud,
330 692 357 714 et
374 687 551 724 exspectapdi
562 682 691 719 classem,
711 680 739 714 et
753 687 794 715 sic
811 687 839 714 in
852 686 944 714 Asiam

157 733 342 763 descendendi
357 738 440 768 atque
452 733 600 761 hiemandi.
629 732 729 760 Iterum
744 739 810 768 ergo
828 732 946 768 (ιυωείιο

155 780 281 817 praetoris
298 780 411 808 homine
428 780 587 808 sciscitatur
600 780 635 806 ab
650 786 693 806 eo.
720 779 767 807 llle
786 785 852 806 vero
869 779 946 813 jure-

152 826 270 861 jurando
285 825 355 853 dixit
371 825 405 852 ad
427 833 489 853 eum
506 834 513 853 :
532 824 629 853 Omnia
647 832 706 861 quin
726 825 772 852 aio
794 824 860 857 tibi,
881 832 943 852 aera

155 877 227 900 sunt.
263 871 315 899 Sed
328 876 353 898 et
372 871 446 898 mille
460 871 487 898 in
499 871 526 898 id
543 871 630 898 laxati
654 879 713 897 cum
731 869 885 897 turmarcha
901 870 945 897 in-

154 918 238 953 gressi
256 920 330 949 sunt,
351 920 526 951 cunctamque
542 916 725 943 substantiam
749 915 848 943 ibidem
866 916 944 943 habi-

157 963 273 990 tantium
288 966 313 989 et
328 962 418 995 inopes
434 961 556 996 familias
569 961 662 988 eduxit
678 961 764 988 illinc.
780 961 830 989 His
845 961 945 989 auditis

155 1009 255 1036 scribit
279 1007 392 1043 praetori
410 1015 418 1034 :
440 1006 506 1034 Veni
531 1009 565 1034 ad
590 1015 642 1040 me,
661 1007 801 1042 inquiens,
817 1011 842 1034 et
860 1011 946 1034 tecum

154 1054 287 1088 paciscor,
306 1058 331 1081 et
349 1054 472 1081 universa
489 1057 518 1080 ut
540 1054 578 1081 uis
598 1053 947 1089 patrabo.~Contemplatul

152 1101 241 1135 igitur
255 1104 355 1135 praetor
366 1100 440 1135 quod
455 1099 590 1127 Massaleo
601 1100 817 1135 propinquasset
831 1104 859 1127 et
873 1100 946 1135 quod

155 1145 183 1172 in
200 1145 263 1172 aliis
276 1145 399 1179 quinque
411 1144 510 1172 diebus
522 1144 681 1179 provincias
695 1151 761 1172 suas
776 1145 947 1172 transiturus

156 1193 243 1222 esset,
259 1189 352 1216 missis
369 1188 404 1215 ad
419 1195 484 1216 eum
498 1188 607 1216 duobus
621 1190 784 1217 consulibus
808 1190 947 1224 signiﬁcat

153 1234 180 1261 ei
196 1233 293 1260 dicens
306 1241 314 1260 :
334 1232 452 1260 Litteras
471 1237 530 1260 tuas
546 1234 635 1268 accepi
648 1237 674 1261 et
688 1234 850 1261 voluntatem
873 1239 947 1262 tuam

155 1277 270 1311 suscepi,
285 1282 311 1304 et
322 1285 356 1304 en
369 1277 403 1304 nd
415 1282 441 1304 te
454 1277 538 1304 venio.
552 1276 617 1310 Sed,
629 1283 657 1304 ut
669 1279 749 1311 nosti,
765 1284 865 1313 prtetor
875 1287 946 1312 sum,

155 1327 180 1350 et
196 1322 315 1357 pecunia:
338 1327 365 1349 et
394 1327 533 1358 argentum
559 1327 585 1350 et
603 1323 717 1358 populus
742 1331 783 1351 nte
808 1329 947 1352 secuturus

154 1373 206 1401 est,
221 1376 254 1395 ac
274 1375 320 1402 per
341 1368 389 1395 hoc
411 1376 452 1396 me
476 1369 597 1403 permitte
613 1370 676 1396 mihi
700 1377 781 1406 super
792 1378 948 1406 unoquoque

155 1414 276 1449 ipsorum
294 1414 412 1441 verbum.
429 1413 464 1440 Et
486 1415 511 1441 si
533 1414 638 1450 quidem
656 1416 881 1450 quemadmodum
903 1424 948 1444 re-

153 1460 233 1494 quiro
257 1467 290 1487 ea:
315 1459 386 1488 nobis
409 1468 494 1488 causa
514 1469 574 1488 mea
593 1461 675 1496 fuerit
705 1462 796 1496 facta,
826 1463 890 1490 bene
921 1467 947 1491 et

154 1506 256 1539 optime
268 1512 278 1532 ε
300 1506 342 1533 sin
362 1510 463 1539 autent,
479 1506 610 1534 indemnis
625 1507 721 1534 saltem
735 1512 760 1535 et
776 1508 949 1536 tribulatione

154 1551 317 1586 proﬁciscar
329 1556 448 1586 excepta.
465 1551 630 1581 Consulibus
648 1560 714 1590 ergo
724 1554 949 1588 pervenientibus

155 1597 191 1624 ad
218 1603 283 1624 eum
311 1596 339 1624 in
367 1596 586 1630 Tlteodosianis.
604 1598 674 1626 dicit
700 1599 755 1628 illis
776 1599 948 1628 Masalmas:

155 1642 283 1670 Sciebam
301 1643 372 1676 quod
388 1642 513 1670 illuderet
528 1644 594 1671 mihi
608 1648 706 1678 prclor
720 1650 814 1673 uester.
834 1646 870 1674 At
888 1646 927 1674 illi
938 1667 947 1680 ,

156 1688 246 1721 Absit,
259 1688 397 1722 inquiunt.
416 1688 494 1715 Tunc
510 1688 582 1716 facto
598 1690 670 1724 quod
686 1692 849 1725 quaesieram
866 1692 949 1719 verbo

154 1735 263 1763 dimisit
281 1742 341 1763 eos.
369 1735 461 1763 Donec
477 1736 570 1770 itaque
582 1737 711 1765 consules
730 1745 792 1764 cum
812 1739 950 1773 suscripto

155 1782 245 1809 verbo
269 1781 304 1809 ad
333 1786 478 1816 praetorem
507 1782 627 1810 fuissent
647 1784 772 1816 reversi,
803 1784 950 1813 Masalmas

154 1827 288 1861 copiosas
313 1828 504 1856 multitudines
528 1829 652 1862 habens,
681 1834 710 1858 et
731 1837 848 1865 usquam
875 1836 950 1859 stare

156 1879 213 1900 non
232 1873 340 1906 valens,
359 1874 556 1903 Acbrohenum
583 1875 653 1904 adit.
678 1876 815 1905 Praeterea
831 1885 896 1905 cum
908 1878 950 1906 vi-

156 1918 249 1946 disset
267 1922 368 1953 praetor
387 1920 460 1954 quod
475 1928 542 1949 suas
558 1922 761 1951 transmisisset
775 1923 820 1951 ille
836 1923 950 1959 provin-

154 1963 230 1995 cias.
250 1962 440 1992 Nicomediam
461 1966 548 1999 vadit,
572 1971 600 1994 et
614 1966 764 1996 Theodosii
784 1967 871 1995 ﬁlium
884 1975 952 1996 con-

155 2013 274 2037 secutus
285 2010 357 2044 capit
366 2011 440 2038 hunc
454 2018 517 2039 cum
526 2012 603 2040 omni
616 2018 749 2048 apparatu
758 2014 833 2049 regio
847 2018 877 2042 et
885 2014 953 2042 viris

156 2057 259 2091 primis
276 2057 381 2092 palatii.
410 2057 446 2085 At
467 2065 533 2086 vero
558 2058 705 2088 Masalmas
729 2060 902 2089 descendens
924 2061 952 2089 in

153 2102 254 2130 Asiam
278 2102 410 2130 hiemavit
430 2104 499 2136 illic,
525 2108 552 2132 et
567 2104 707 2134 Humarus
722 2107 750 2134 in
769 2107 877 2135 Cilicia.
903 2107 953 2135 Ast

154 2154 261 2184 praetor
281 2152 425 2184 assumpto
440 2149 496 2177 ﬁlio
510 2150 696 2186 imperatoris,
709 2156 736 2180 et
750 2153 820 2181 inito
836 2153 953 2181 consilio

153 2200 224 2222 cum
260 2193 302 2241 liis
327 2195 376 2230 qui
399 2202 491 2223 secum
522 2202 617 2231 erant,
649 2198 725 2225 venit
748 2196 952 2241 Chrysopolim.

993 273 1050 301 Deo
1061 273 1223 302 detestabile
1234 273 1402 302 sacriﬁcium
1414 279 1519 306 omnes,
1531 273 1577 308 qui
1591 273 1694 301 bellare
1707 274 1782 301 vole-

993 319 1072 352 bant,
1098 319 1220 347 dexterm
1243 326 1342 347 manus
1362 327 1420 347 suae
1442 318 1568 347 manicas
1589 319 1782 354 intingebant;

993 368 1021 393 et
1038 365 1141 393 idcirco
1157 365 1279 393 inimicis
1292 369 1358 393 sunt
1372 365 1475 392 traditi.

1029 409 1123 438 Mundi
1135 417 1208 438 anno
1217 410 1299 444 6209,
1310 410 1412 438 divinae
1425 409 1623 438 incarnationis
1634 417 1708 437 anno
1717 410 1781 442 709,

994 456 1050 484 Leo
1064 456 1216 491 imperator
1231 457 1419 484 Romanorum
1434 456 1605 491 provehitur.
1621 457 1667 492 qui
1681 455 1717 483 24
1729 454 1783 483 iiii-

994 502 1101 537 peravit
1114 502 1205 530 annis.
1219 502 1380 530 Suheliman
1394 509 1460 529 vero
1482 502 1537 529 dux
1553 502 1673 530 Arabum
1691 503 1784 530 nosci-

995 552 1051 581 tur,
1069 548 1115 584 qui
1141 549 1232 577 tribus
1257 548 1367 584 praefuit
1393 548 1484 576 annis.
1510 548 1567 576 Hoc
1591 548 1685 584 itaque
1710 556 1785 576 anno

995 594 1051 623 Leo
1071 595 1209 630 imperare
1228 595 1313 630 coepit
1327 601 1359 622 ex
1387 594 1652 623 Germanicensibus
1675 595 1785 622 deriva-

996 631 1168 676 tum-genere
1190 640 1289 677 Syrus,
1315 641 1362 676 qui
1385 649 1401 668 a
1425 640 1581 668 Iustiniano
1607 640 1784 676 imperatore.

995 693 1058 713 cum
1089 687 1167 722 prius
1193 693 1333 723 regnaret,
1355 687 1521 714 transfertur
1545 686 1573 713 in
1594 686 1784 714 Meseiubriam

996 732 1123 760 Thracae.
1151 733 1240 761 Porro
1265 733 1429 769 posterioris
1457 732 1565 768 imperii
1592 732 1636 760 sui
1662 737 1785 768 tempore

996 787 1058 808 cum
1074 779 1181 807 veniret
1201 787 1256 807 una
1273 787 1335 807 cum
1356 778 1533 814 Vulgaribus.
1549 779 1648 807 obvius
1670 779 1696 807 ei
1721 787 1784 806 cum

996 825 1159 854 muneribus
1191 824 1244 853 fuit
1280 825 1371 853 ovium
1404 826 1627 860 quingentarum.
1657 824 1786 852 Placatus

997 875 1089 898 autem
1099 869 1277 898 Justinianus
1291 870 1461 905 spatharium
1475 869 1602 904 protinus
1617 869 1693 896 illum
1707 868 1784 902 fecit,

997 919 1025 944 et
1037 916 1131 944 habuit
1146 916 1221 943 hunc
1234 916 1316 943 sicuti
1329 923 1490 951 germanum
1504 915 1634 943 amicum.
1650 915 1784 943 Prwterea

997 960 1101 988 invidia
1116 961 1193 989 ducti
1209 961 1322 997 quidam
1340 962 1519 989 detraxerunt
1542 961 1566 989 ei
1583 965 1714 996 tanquam
1732 961 1786 988 im-

996 1007 1103 1041 periutn
1128 1007 1280 1042 appetenti.
1304 1007 1371 1034 Cum
1396 1013 1463 1035 vero
1488 1014 1571 1041 super
1598 1007 1650 1034 hoc
1669 1007 1787 1042 qumstio

998 1051 1095 1084 ﬁeret,
1120 1052 1206 1079 veluti
1235 1052 1442 1080 inslmulatores
1470 1051 1580 1078 confusi
1614 1055 1687 1078 sunt.
1715 1050 1787 1078 Sane

999 1097 1191 1133 hujuscemodi
1215 1106 1306 1126 sermo
1331 1105 1365 1126 ex
1380 1101 1447 1125 tunc
1468 1098 1522 1126 diei
1540 1098 1625 1132 coepit
1647 1105 1662 1125 a
1679 1098 1784 1126 multis.

996 1143 1172 1172 Justinlanus
1186 1151 1253 1179 ergo
1268 1144 1333 1171 licet
1356 1143 1503 1172 manifeste
1520 1144 1619 1172 laedere
1639 1144 1714 1172 hunc
1733 1152 1785 1180 no-

997 1190 1107 1223 luisset,
1121 1190 1231 1217 ttedium
1247 1190 1358 1225 quidem
1376 1190 1428 1217 sibi
1449 1195 1547 1217 contra
1564 1197 1626 1217 eum
1647 1190 1785 1226 injicitur,

997 1240 1026 1265 et
1049 1236 1135 1263 mittit
1155 1244 1217 1264 eum
1236 1237 1263 1264 in
1288 1237 1412 1264 Alaniam
1430 1244 1492 1264 cum
1511 1238 1636 1273 pecuniis
1656 1238 1690 1265 ad
1712 1245 1788 1265 com-

998 1283 1149 1311 movendos
1170 1284 1275 1311 Alanos
1297 1284 1430 1313 adversus
1454 1285 1613 1321 Abasgiam,
1641 1284 1788 1313 Saracenis

997 1328 1184 1357 retinentibus
1200 1334 1256 1357 tam
1273 1330 1419 1365 Abasgiam
1439 1338 1520 1365 quam
1545 1331 1663 1358 Lazicen
1689 1335 1716 1359 et
1741 1331 1788 1357 lli-

998 1375 1115 1403 beriam.
1127 1376 1162 1402 At
1176 1375 1222 1403 ille
1235 1383 1298 1403 cum
1313 1381 1439 1411 pergeret
1455 1376 1482 1403 in
1499 1376 1638 1408 Lazicam,
1655 1376 1787 1411 pecunias

999 1421 1111 1457 quidem
1138 1422 1264 1456 reposuit
1290 1422 1360 1457 apud
1390 1422 1557 1456 Phasidem,
1582 1421 1788 1457 perpaucisque

999 1467 1151 1502 assumptis
1166 1466 1304 1502 indigenis
1321 1467 1390 1494 adiit
1403 1467 1550 1502 Apsiliam,
1567 1472 1594 1495 et
1610 1475 1673 1495 cum
1691 1471 1785 1495 trans-

1000 1512 1097 1540 ivisset
1111 1512 1266 1540 Caucaseos
1282 1516 1389 1540 montes
1401 1513 1477 1540 venit
1499 1513 1527 1540 in
1551 1513 1686 1540 Alaninm.
1702 1513 1789 1541 Justi-

1001 1559 1103 1586 nianus
1119 1563 1210 1586 autem
1223 1559 1320 1587 volens
1340 1565 1402 1586 eum
1429 1559 1555 1594 perdere,
1580 1559 1666 1592 misit,
1684 1563 1711 1587 ct
1728 1560 1790 1587 tulit

1001 1606 1133 1642 pecunias
1145 1613 1179 1634 ex
1192 1605 1321 1634 Phaside.
1337 1605 1416 1633 Alani
1432 1610 1523 1633 autem
1539 1606 1709 1641 spatharium
1725 1614 1788 1633 cum

1000 1652 1076 1680 omni
1105 1652 1212 1680 honore
1245 1652 1452 1687 suscipientes,
1480 1656 1562 1686 alque
1588 1652 1672 1679 verba
1702 1652 1789 1687 ipsius

1001 1697 1159 1729 audientes,
1183 1696 1351 1724 introierunt
1369 1700 1397 1723 et
1411 1697 1525 1731 praedati
1549 1701 1615 1724 sunt
1629 1697 1787 1731 Abasgiam.

1001 1742 1036 1768 At
1053 1749 1118 1769 vero
1142 1741 1272 1768 dominus
1295 1741 1468 1776 Abasgorum
1493 1742 1604 1768 intimat
1628 1741 1725 1769 Alanis
1749 1742 1790 1769 di-

1001 1795 1067 1816 cens
1080 1795 1088 1815 :
1106 1786 1140 1814 Ut
1159 1788 1274 1820 invenio,
1291 1787 1375 1814 alium
1390 1787 1470 1815 talem
1482 1788 1686 1815 mentionarium
1697 1788 1788 1816 Justi-

1002 1833 1098 1860 nianus
1115 1840 1168 1860 non
1182 1833 1286 1867 habuit,
1308 1841 1383 1868 quem
1404 1834 1508 1861 mittere
1527 1833 1658 1862 debuisset
1673 1840 1698 1862 et
1718 1843 1789 1862 com-

1002 1883 1116 1906 moveret
1135 1887 1180 1906 vos
1202 1884 1296 1906 contra
1319 1887 1365 1906 nos
1381 1880 1479 1907 vicinos
1496 1885 1607 1912 uestros,
1633 1881 1686 1908 nisi
1702 1881 1791 1908 ltomi-

1002 1932 1060 1952 nem
1070 1925 1151 1952 istum
1162 1932 1171 1952 :
1182 1925 1278 1960 fefellit
1291 1926 1361 1953 enim
1372 1933 1415 1953 vos
1432 1930 1458 1953 et
1468 1926 1540 1953 circa
1556 1927 1790 1960 repromissione»:

1002 1978 1106 2006 quoque
1125 1972 1298 2006 pecuniarum
1314 1979 1324 1998 :
1338 1972 1445 1999 mittens
1461 1972 1532 2000 enim
1548 1971 1720 2000 lustinianus
1742 1973 1790 2000 has

1003 2017 1125 2044 abstulit.
1152 2017 1205 2044 Sed
1224 2018 1284 2045 date
1303 2018 1378 2045 nobis
1402 2025 1472 2050 eam,
1496 2022 1519 2045 et
1542 2018 1690 2053 prmbemus
1717 2019 1790 2046 vobis

1004 2063 1195 2090 numismatum
1222 2063 1276 2090 tria
1291 2062 1387 2096 millia,
1402 2067 1427 2090 et
1444 2063 1533 2098 prisca
1551 2063 1670 2091 charitas
1697 2069 1791 2091 nostra

1004 2118 1057 2137 non
1084 2109 1211 2137 solvetur.
1245 2109 1345 2138 Verum
1373 2111 1452 2138 Alani
1485 2110 1711 2139 dixerunt:Nos
1737 2119 1791 2139 non

1004 2160 1110 2191 propter
1125 2156 1264 2191 pecuniam
1284 2156 1447 2184 obedivimus
1471 2158 1506 2189 ei,
1525 2159 1572 2184 sed
1590 2163 1697 2193 propter
1710 2158 1791 2193 impe-

1005 2202 1104 2230 ratoris
1124 2202 1306 2230 dilectionem.
1326 2202 1483 2238 lterumque
1499 2203 1600 2238 Abasgi
1622 2204 1734 2231 mittunt
1756 2204 1789 2231 ad

154 2241 249 2269 Porro
262 2239 435 2270 Theodosius
455 2244 605 2279 compertis
620 2251 681 2280 qua:
694 2248 770 2280 gesta
784 2239 861 2279 sunt.
882 2253 949 2274 con-
965 2243 988 2272 I‘
1002 2255 1051 2276 eos
1062 2248 1187 2276 dicentes
1202 2256 1210 2275 :
1229 2248 1296 2275 Date
1311 2248 1386 2275 nobis
1407 2256 1478 2280 eum,
1493 2253 1517 2276 et
1535 2249 1681 2276 tribuemus
1702 2250 1791 2276 numi-

154 2285 222 2313 silio
244 2292 260 2312 a
286 2284 425 2314 Germano
455 2288 611 2323 patriarcha
639 2293 667 2316 et
693 2294 789 2317 senatu
807 2297 946 2326 percepto,

155 2339 208 2367 per
226 2331 355 2360 eumdem
385 2333 572 2367 patriarcham
601 2336 709 2370 accepit
728 2343 742 2362 a
767 2336 859 2364 Leone
874 2337 950 2365 inde-

154 2377 288 2405 inuitatis
311 2377 425 2405 verbum
453 2382 481 2406 et
507 2379 635 2407 Ecclesiae
656 2381 716 2408 sine
742 2383 948 2416 perturbatione

153 2422 312 2454 servandae,
329 2426 356 2450 et
371 2423 413 2450 sic
432 2422 458 2450 ei
480 2426 657 2452 conuuittunt
682 2426 839 2460 imperium.
864 2427 950 2455 Porro

153 2468 334 2496 Theodosius
348 2476 401 2496 una
413 2476 476 2497 cum
493 2469 548 2497 ﬁlio
557 2477 608 2497 suo
622 2471 717 2498 clerici
730 2471 797 2500 facti
809 2473 949 2501 residuum

155 2515 222 2541 vita:
237 2521 295 2541 suae
320 2518 430 2549 tempus
453 2518 648 2551 transegerunt
672 2516 700 2544 in
723 2524 802 2552 pace.
831 2518 951 2547 Veniens

155 2559 267 2586 interea
283 2557 427 2587 Masalmos
446 2560 607 2595 Pergamum
629 2561 701 2589 hanc
724 2562 845 2596 obsedit,
866 2569 893 2592 ct
909 2564 951 2591 in-

155 2604 304 2640 dulgentia
319 2604 365 2632 Dei
382 2613 430 2640 per
445 2606 610 2634 diabolicam
631 2609 819 2643 operationem
834 2610 949 2645 accepit.

155 2650 199 2678 Ex
229 2650 391 2685 magisterio
415 2652 515 2687 quippe
540 2652 611 2688 magi
636 2654 780 2688 cujusdam
802 2654 948 2682 adductam

158 2696 211 2724 viri
238 2695 360 2724 civitatis
378 2697 453 2725 illius
477 2699 621 2726 mulierem
643 2700 792 2727 incinctum
815 2701 871 2737 (74)
892 2702 949 2737 jam

154 2742 272 2778 jamque
297 2743 449 2776 parituram
468 2744 646 2779 inciderunt,
669 2750 697 2773 et
724 2751 866 2782 assumpto
885 2755 950 2783 par-

1003 2299 1091 2322 smata
1118 2302 1165 2321 sea;
1191 2294 1288 2320 millia.
1316 2294 1401 2321 Porro
1425 2295 1504 2321 Alani
1534 2295 1658 2322 volentes
1683 2296 1791 2322 discere

1003 2341 1143 2375 regionem
1162 2340 1345 2374 Ahasgorum,
1373 2340 1591 2374 rcpromiserttnt
1614 2347 1644 2368 se
1666 2340 1791 2375 accipere

1004 2386 1049 2412 illa
1068 2385 1266 2412 numismatum
1292 2392 1340 2412 sex
1370 2385 1455 2411 millia
1473 2391 1499 2413 et
1521 2386 1587 2413 dare
1609 2386 1789 2421 spatharium.

1003 2430 1080 2457 Alani
1107 2436 1175 2456 vero
1199 2429 1321 2457 confessi
1339 2423 1419 2457 rsunt
1450 2430 1593 2464 spathario
1624 2435 1738 2465 cuncta,
1765 2437 1792 2458 et

1003 2474 1099 2502 dicunt
1113 2474 1138 2502 ei
1155 2483 1163 2502 :
1177 2475 1407 2508 Quemadmodum
1423 2476 1507 2506 vides.
1524 2476 1566 2503 via
1579 2484 1637 2512 quin
1655 2477 1682 2504 in
1695 2476 1791 2504 Roma—

1003 2521 1077 2547 niam
1099 2520 1173 2548 ducit
1197 2521 1292 2549 clausa
1314 2526 1362 2554 est,
1391 2525 1416 2550 et
1434 2522 1564 2557 quomodo
1594 2528 1713 2550 transeas
1738 2532 1791 2550 non

1003 2566 1093 2593 habes.
1108 2566 1162 2594 Sed
1173 2568 1261 2602 potius
1273 2567 1370 2595 callide
1383 2575 1504 2603 agamus,
1521 2572 1547 2595 et
1563 2569 1737 2603 polliceamur
1751 2569 1790 2596 eis

1003 2612 1073 2647 quod
1100 2614 1240 2640 tradamus
1266 2617 1301 2645 te,
1331 2620 1357 2641 et
1382 2614 1513 2641 mittimus
1540 2615 1658 2642 homines
1686 2619 1790 2642 nostros

1004 2668 1063 2686 cum
1080 2659 1129 2692 eis,
1143 2663 1168 2687 et
1185 2660 1312 2687 discimus
1328 2660 1471 2687 clausurus
1486 2669 1586 2693 eorum,
1604 2666 1629 2688 et
1647 2662 1789 2693 irruemus,

1003 2709 1029 2732 et
1043 2706 1278 2733 e1terminabimtts
1303 2707 1434 2742 regionem
1456 2708 1585 2741 ipsorum.
1609 2707 1790 2742 Apocrisiarii

1005 2759 1071 2779 vero
1091 2752 1242 2779 Alanorum
1267 2752 1402 2780 abeuntes
1428 2753 1455 2780 in
1471 2753 1629 2788 Abasgiam,
1649 2757 1676 2780 et
1697 2760 1792 2787 repro-

919 2806 1040 2837 NOTIE.

198 2850 258 2892 (τῷ)
287 2848 452 2892 Infindunt.
485 2851 684 2887 Pra-gnantem.
716 2853 814 2881 Festus
842 2854 1025 2891 propinquam
1066 2855 1159 2892 partui
1199 2855 1342 2885 mulierem
1370 2856 1517 2886 incientom
1544 2857 1639 2886 vocari
1666 2858 1722 2892 ait‘,
1764 2858 1792 2886 in

156 2886 285 2922 gravida.
306 2885 389 2914 lt‘ann.

323 2933 458 2963 PATROL.
479 2934 536 2964 Gn.
548 2934 657 2966 CVIII.

1579 2934 1617 2965 b3
