2052 3153
252 173 326 207 13ὗῦ

806 167 1007 198 ANASTASII
1026 159 1339 199 BlBLIOTHECARII

1818 167 1890 202 1356

252 234 393 261 mittentes
427 227 597 266 spatbarium
629 226 769 263 prodere.
805 226 923 262 plurima
956 227 1038 254 xenia
1055 227 1224 260 AArmeniis
1251 226 1344 258 habet,
1364 225 1498 261 pacisccre
1524 230 1549 254 ct
1570 233 1684 260 mecum,
1711 231 1736 254 et
1756 231 1812 254 esto
1842 226 1891 256 sub

253 281 436 315 perceperunt
456 276 491 303 ab
508 275 560 303 eis.
584 273 617 301 Et
632 274 726 308 plures
741 272 842 300 missos
860 273 953 301 denuo
976 273 1043 300 mit-

253 330 327 358 tunt,
347 323 429 352 simul
450 322 532 350 etiam
561 327 623 348 cum
649 319 803 354 quantitate
827 319 887 346 auri
911 318 946 346 ad
973 319 1045 347 reci-

254 371 385 407 piendum
408 368 592 404 spatharium.
609 366 689 393 Alani
703 373 768 394 vero
787 365 930 400 spathario
944 364 1021 392 aiunt
1037 374 1044 392 :

256 417 382 445 Homines
398 416 455 448 isti,
472 420 498 442 et
518 412 741 450 quemadmodum
762 412 947 445 pradimimus,
968 410 1002 438 ad
1021 415 1046 438 te

253 461 431 498 recipiendum
446 463 580 492 venerunt,
594 463 619 488 et
633 458 752 494 Abasgia
770 462 795 484 te
808 457 994 492 prrrstolatur.
1011 456 1045 484 Et

253 509 379 543 quoniam
392 507 508 543 proximi
521 514 613 534 sumus
631 506 680 537 eis,
703 505 881 540 negotiatores
905 508 996 532 euntes
1011 503 1046 530 ad

254 554 318 582 illos
343 562 396 582 non
419 553 556 587 deﬁciunt.
576 551 647 586 Ergo
668 559 699 577 ne
719 550 817 585 prodas
841 551 878 578 eis
904 550 1045 578 consilium

255 605 387 629 nostrum.
413 599 560 627 Trademus
572 602 596 625 te
614 597 766 632 manifeste.
789 601 813 624 et
835 605 895 624 cum
913 605 960 624 nos
982 597 1046 623 moti

255 645 454 676 recesserimus,
471 644 604 672 mittemus
617 642 719 670 occulte
738 646 796 677 post
814 646 926 677 tergum,
945 646 969 669 et
984 641 1046 668 illos

254 691 361 728 quidem
387 689 547 722 occidemus,
572 693 598 716 te
623 693 711 716 autem
741 688 934 715 occultabimus
965 687 1048 714 donec

255 741 422 766 eoas-eruetur
437 735 550 771 populus
571 739 660 762 noster
679 738 704 761 et
718 734 887 761 concorditer
910 733 1047 769 ingredia-

255 792 318 811 mur
332 787 432 811 terram
457 782 588 817 ipsorum.
616 780 694 814 Quod
717 785 746 808 et
771 780 874 808 factum
896 783 948 807 est.
964 779 1048 808 Com-

256 829 394 864 prehenso
410 828 529 863 denique
542 826 620 854 missi
634 826 807 861 Abasgorum
823 825 965 861 spathario
983 832 1046 853 cum

257 875 419 903 hominibus
450 874 511 909 ejus
541 873 696 901 vincientes
725 879 789 900 eum
825 871 949 900 abibant.
981 871 1047 899 Dein

257 921 477 949 retrovenientes
496 919 578 947 Alani
593 926 657 946 cum
674 917 783 947 liictaxi
798 918 913 946 domino
935 926 988 947 suo
1002 925 1048 946 oc-

257 967 353 994 cidunt
367 967 504 1002 Abasgos.
523 965 698 1001 spatharium
722 965 917 998 occultantes;
944 969 971 991 et
993 965 1049 992 ele-

257 1014 312 1041 etis
331 1013 466 1040 militibus
483 1016 576 1039 motus
589 1014 631 1038 est
647 1011 673 1038 in
693 1010 851 1045 Abasgiam,
867 1013 896 1037 et
909 1010 1049 1045 insperate

257 1059 404 1087 clausuras
434 1065 532 1086 eorum
555 1057 701 1092 ingressus
726 1056 842 1085 multaut
866 1056 894 1083 in
922 1056 1048 1091 Abasgos

258 1105 377 1140 praedam
391 1108 419 1132 et
437 1102 633 1132 exterminium
654 1106 788 1138 operatus
805 1105 858 1130 est.
875 1102 983 1135 Quibus
997 1109 1048 1130 au-

257 1150 325 1178 ditis
345 1149 532 1182 Justinianus,
560 1152 589 1176 et
612 1151 756 1183 comperto
781 1148 856 1183 quod
878 1148 961 1176 etiam
989 1148 1049 1177 sine

258 1197 384 1232 pecuniis
398 1200 534 1232 praecepta
550 1202 600 1223 sua
614 1199 680 1223 sunt
698 1199 771 1226 acta,
793 1194 877 1222 mittit
893 1195 999 1222 litteras
1013 1195 1048 1222 ad

258 1243 394 1276 Abasgos,
423 1241 488 1277 quia
514 1240 543 1268 Si
568 1240 685 1273 salvum,
712 1239 851 1274 inquiens,
878 1239 1047 1274 spatharium

229 1283 233 1286 ’
259 1292 385 1316 nostrum
402 1287 592 1316 custodieritis
613 1290 641 1314 et
658 1293 706 1321 per
718 1293 768 1313 vos
789 1285 906 1313 illassum
927 1285 1049 1314 transire

259 1333 455 1369 permiseritis.
479 1339 577 1360 omnes
597 1339 728 1360 excessus
747 1336 857 1359 vestros
872 1331 953 1359 vobis
968 1332 1049 1367 igno-

258 1380 375 1408 scimus.
392 1379 428 1406 At
448 1379 489 1406 illi
505 1386 568 1406 cum
590 1379 692 1414 gaudio
709 1378 753 1406 his
778 1378 898 1413 receptis
913 1378 1049 1411 miserunt

256 1426 351 1454 denuo
366 1426 393 1453 in
408 1425 535 1453 Alaniam
557 1425 735 1461 perhibentes
748 1433 755 1452 :
770 1424 899 1453 Dabimus
913 1425 986 1454 vobis
1000 1426 1048 1452 ob-

258 1473 328 1500 sides
349 1472 421 1507 ﬁlios
439 1477 557 1504 nostros,
580 1476 605 1499 et
631 1471 694 1499 dare
719 1471 792 1498 nobis
819 1471 996 1506 spatharium,
1020 1476 1048 1499 ut

258 1518 395 1545 mittamus
410 1525 469 1544 eum
489 1516 524 1544 ad
544 1516 742 1544 Justinianum.
766 1515 868 1544 Verum
890 1516 1048 1550 spatbarius

258 1563 313 1591 ltoc
335 1563 480 1590 admittere
504 1562 606 1593 noluit,
623 1568 753 1589 asserens
769 1569 776 1588 :
794 1560 870 1587 Valet
895 1560 961 1588 milii
978 1560 1049 1588 Deus

259 1610 363 1644 aperire
391 1608 489 1635 ostium
514 1606 648 1634 exeundi:
663 1614 725 1633 nam
752 1614 798 1641 per
827 1606 971 1642 Abasqiam
997 1615 1049 1635 non

258 1662 332 1682 exeo.
358 1653 424 1682 Post
452 1652 564 1688 aliquod
593 1659 658 1681 vero
686 1657 796 1688 tempus
820 1660 884 1680 cum
908 1653 1049 1682 exercitus

258 1700 451 1728 Romanorum
473 1703 503 1728 et
530 1698 724 1730 Armeniorum
754 1699 871 1734 ingressi
899 1702 994 1727 essent
1019 1700 1048 1728 in

258 1746 385 1774 Lazicam
405 1749 433 1773 et
455 1744 648 1780 Artbeopolim
672 1748 876 1779 expugnarent,
893 1744 1049 1774 Saraceno-

260 1800 320 1820 rum
336 1791 434 1820 audito
448 1791 566 1819 adventu
585 1794 772 1823 recesserunt.
787 1790 914 1826 Separati
929 1798 996 1819 vero
1014 1800 1049 1820 ex

259 1838 300 1866 eis
327 1845 416 1872 usque
451 1837 486 1864 ad
517 1837 653 1864 ducentos
681 1836 870 1864 ascenderunt
900 1837 929 1869 in
957 1841 1050 1872 partes

259 1885 371 1921 Apsilias
384 1890 467 1920 atque
477 1883 682 1913 Caucaseorum
694 1883 831 1911 montium
845 1883 1048 1919 deprmdantes.

260 1931 406 1959 Saracenis
422 1938 489 1960 sane
511 1931 546 1958 ad
575 1930 702 1958 Lazicam
719 1930 897 1958 venientibus
920 1930 985 1966 fuga
1009 1931 1050 1958 la-

259 1985 326 2013 psus
342 1977 530 2006 Romanorum
548 1976 798 2011 Armeniorumqne
813 1975 932 2011 populus
946 1976 1050 2005 Phasin

260 2031 387 2053 remeans
409 2024 488 2052 adiit.
517 2022 633 2051 Ducenti
659 2029 726 2051 vero
755 2022 796 2050 illi
823 2027 997 2052 remanente:
1021 2023 1049 2053 in

259 2070 403 2098 Caucasiis
430 2073 532 2098 stetere
556 2068 709 2102 montibus,
732 2068 932 2097 latrocinantes
954 2074 983 2098 et
1006 2069 1048 2101 sui

259 2115 482 2150 desperationem
503 2115 650 2150 patientes.
668 2113 730 2148 Quo
750 2119 894 2150 comperto
905 2115 986 2142 Alani
1005 2123 1050 2143 ar-

261 2161 355 2188 bitrati
365 2165 430 2189 sunt
442 2160 647 2188 multitudinem
658 2159 847 2188 Romanorum
859 2161 886 2188 in
899 2160 1050 2190 Caucaseis

260 2207 400 2234 montibus
431 2213 514 2240 esse,
538 2205 745 2241 “audentesque
778 2207 857 2234 aiunt
880 2207 1047 2242 spathario:

1097 282 1176 309 regno
1199 282 1266 306 meo,
1290 277 1315 300 et
1340 273 1375 300 da
1400 273 1475 300 nobis
1505 272 1639 300 auxilium
1658 272 1837 301 descendendi
1857 275 1893 301 ed

1097 324 1219 350 marcet
1245 318 1401 346 transeundi
1416 319 1453 346 ad
1484 318 1740 353 Tropezuntensium
1764 320 1836 347 loca.
1854 318 1909 348 Eo'

1097 372 1163 392 vero
1177 368 1289 400 patrare
1311 364 1364 392 hoc
1386 371 1442 392 non
1466 369 1652 399 proponente,
1677 364 1764 392 mittit
1779 365 1894 401 spatha-

1097 411 1157 439 rius
1178 418 1262 438 unum
1283 418 1318 439 ex
1342 410 1503 439 hominibus
1525 411 1585 439 suis
1603 416 1630 438 et
1647 410 1805 446 Armenios,
1822 419 1894 447 prte-

1097 456 1206 492 cipiens
1234 456 1276 484 eis
1301 460 1332 484 ut
1360 455 1486 484 facerent
1512 455 1741 485 occultationem.
1764 456 1801 485 Et
1832 466 1893 485 cum

1098 503 1223 536 exierint,
1239 502 1340 538 inquit,
1358 511 1372 530 e
1387 508 1477 530 castro
1493 502 1528 530 ad
1549 502 1681 536 laborem,
1705 504 1791 539 capite
1804 512 1840 532 ex
1854 505 1892 531 eis

1097 553 1224 585 quotquot
1238 550 1373 584 poteritis,
1383 553 1525 584 portasque
1541 553 1626 577 tenete
1642 549 1676 577 ab
1690 550 1733 577 his
1757 551 1803 586 qui
1822 550 1892 585 foris

1098 600 1171 629 sunt,
1185 595 1267 623 donec
1282 600 1307 623 et
1326 603 1373 622 nos
1387 595 1583 630 perveniamus.
1599 594 1709 629 Quibus
1724 596 1891 624 abeuntibus

1098 647 1126 670 et
1141 641 1311 670 facientibus
1334 641 1563 673 occultationem,
1587 649 1651 669 cum
1678 642 1797 678 populus
1814 647 1892 671 esset

1098 689 1133 716 ad
1149 689 1271 717 laborem
1293 695 1434 723 egressus,
1458 688 1552 737 subigi
1567 689 1707 717 irruentes
1732 693 1760 716 et
1783 693 1890 724 portam

1098 737 1250 762 tenuerunt
1264 737 1291 761 et
1309 733 1411 761 multos
1429 733 1573 769 cepertfnt.
1590 733 1659 761 Cum
1673 739 1766 762 autem
1785 734 1892 762 Phara-

1099 780 1224 808 smanius
1239 779 1267 806 in
1290 783 1385 807 castro
1400 787 1464 807 cum
1478 780 1576 815 paucis
1592 780 1756 812 mansisset.
1770 780 1894 815 pervenit

1099 826 1182 854 etiam
1198 825 1370 861 spatbarius,
1383 829 1410 854 et
1421 826 1590 861 praelocutus
1612 833 1676 854 cum
1692 826 1894 854 Pbarasmanio

1100 876 1130 900 ut
1159 872 1281 907 aperiret
1304 879 1368 899 cum
1392 879 1478 907 pace,
1503 872 1609 906 noluit,
1638 873 1686 900 sed
1717 873 1895 900 coacervavit

1101 919 1214 947 bellum.
1232 917 1335 946 Verum
1358 925 1421 945 cum
1440 922 1563 946 castrum
1590 918 1729 946 munitum
1753 922 1828 946 esset
1848 926 1895 946 ca-

1099 972 1166 999 pere
1182 964 1209 991 id
1229 964 1343 992 minime
1368 967 1530 998 potuerunt.
1555 963 1681 992 Marinus
1701 971 1767 992 vero
1788 964 1895 999 primus

1099 1010 1298 1038 Absiliensium
1319 1016 1382 1037 cum
1400 1009 1547 1037 didicisset
1566 1009 1640 1045 quod
1657 1013 1783 1037 castrum
1806 1018 1894 1045 eapu-

1099 1060 1244 1092 gnaretur,
1258 1055 1358 1083 timore
1373 1055 1504 1084 detentus
1524 1060 1578 1089 est,
1595 1055 1761 1084 existimans
1776 1057 1893 1084 multum

1100 1109 1161 1131 esse
1184 1109 1248 1130 cum
1273 1101 1418 1137 spathario
1441 1102 1587 1137 populum,
1614 1106 1641 1129 et
1655 1101 1775 1136 sumptis
1799 1109 1893 1129 secum

1100 1147 1231 1176 trecentis
1254 1147 1313 1175 abit
1332 1147 1367 1175 ad
1379 1148 1561 1183 ~spatbarium
1587 1148 1684 1176 dicens
1702 1157 1708 1175 :
1726 1147 1782 1184 Ego
1798 1153 1822 1176 te
1838 1149 1895 1176 sal-

1100 1202 1160 1221 vum
1177 1193 1275 1221 ducam
1289 1201 1370 1228 usque
1385 1193 1419 1220 ad
1433 1195 1583 1223 maritima.
1596 1194 1632 1221 At
1644 1201 1711 1222 vero
1729 1194 1894 1222 Pharasmap

1099 1240 1164 1268 nius
1184 1240 1245 1268 visa
1272 1240 1437 1268 necessitate
1462 1240 1496 1268 ad
1514 1240 1689 1275 spatharium
1704 1240 1774 1268 dixit
1789 1250 1796 1269 :
1813 1240 1894 1268 Same

1099 1286 1188 1322 ﬁlium
1212 1294 1299 1313 meum
1317 1285 1446 1318 obsidem,
1472 1290 1497 1314 et
1522 1287 1650 1321 proﬁteor
1669 1287 1779 1322 imperio
1799 1287 1894 1314 descr-

1099 1332 1164 1360 oire.
1182 1331 1234 1365 Qui
1257 1335 1368 1367 recepto
1390 1336 1455 1359 nato
1471 1332 1533 1367 ejus
1548 1332 1617 1360 dicit
1640 1333 1665 1360 ei
1680 1341 1686 1360 :
1701 1332 1815 1366 Qualem
1837 1341 1894 1361 ser-

1100 1386 1161 1406 uum
1183 1382 1207 1405 te
1228 1378 1316 1412 ipsum
1336 1372 1466 1412 perhibes.
1483 1378 1548 1413 quia
1570 1377 1690 1405 inclusus
1714 1386 1774 1405 cum
1793 1379 1830 1406 sis
1850 1377 1895 1406 lo-

1100 1424 1188 1459 queris
1209 1424 1306 1452 nobis!
1320 1424 1486 1459 impossibile
1499 1424 1574 1451 nobis
1589 1429 1629 1452 est
1649 1423 1797 1457 discedere,
1810 1424 1894 1452 donec
1918 1416 1921 1418 ’

1100 1475 1220 1499 castrum
1235 1470 1384 1504 capiamus.
1408 1469 1487 1498 Tunc
1504 1470 1577 1498 dixit
1597 1469 1837 1498 Pbarasmanins:
1852 1471 1896 1498 Do

1101 1516 1166 1544 mihi
1177 1516 1295 1544 verbum.
1312 1517 1348 1544 At
1363 1524 1430 1545 vero
1450 1516 1611 1552 spatharius
1634 1517 1711 1544 dedit
1732 1517 1757 1544 ei
1779 1516 1894 1545 verbum

1062 1573 1084 1605 ρ
1100 1562 1170 1590 nihil
1181 1562 1206 1591 ei
1224 1562 1355 1596 nocendi,
1376 1563 1425 1591 sed
1442 1570 1505 1591 cum
1523 1563 1649 1598 triginta.
1661 1563 1708 1597 qui
1721 1570 1778 1590 una
1795 1570 1894 1591 secum

1100 1608 1341 1644 ingrediebantur,
1366 1609 1462 1637 dicens
1477 1608 1562 1637 :Hoa;
1579 1613 1608 1636 at
1625 1610 1739 1645 ingressi
1751 1610 1894 1644 fuerimus,

1101 1658 1184 1682 tenete
1206 1659 1311 1688 portas,
1341 1659 1368 1682 et
1387 1655 1522 1682 introeant
1550 1662 1653 1682 omnes.
1681 1654 1716 1681 Et
1741 1654 1795 1682 hoc
1820 1654 1896 1682 facto

1101 1701 1182 1729 rediit
1204 1701 1342 1729 missurus
1356 1702 1447 1736 ignem
1470 1701 1499 1729 in
1525 1705 1631 1729 castro.
1650 1700 1720 1729 Cum
1741 1704 1836 1729 autem
1853 1701 1896 1728 fa-

1100 1751 1176 1775 ctum
1201 1748 1302 1776 fuisset
1327 1747 1486 1775 incendium
1511 1751 1634 1781 vastum,
1658 1747 1755 1775 exiere
1770 1747 1895 1781 familia.

1100 1793 1235 1829 qnidquid
1251 1797 1380 1829 poterant
1394 1798 1506 1828 gestare
1521 1793 1664 1828 rapientes
1678 1801 1711 1821 ea
1728 1794 1810 1822 bonis
1822 1794 1894 1822 suis.

1100 1838 1135 1867 Et
1151 1839 1302 1868 transactis
1321 1839 1385 1866 aliis
1398 1839 1513 1875 triginta
1529 1839 1629 1867 diebus
1645 1839 1785 1868 destruxit
1799 1847 1896 1868 muros

1100 1892 1191 1920 usque
1202 1884 1237 1912 ad
1252 1888 1366 1917 terram.
1382 1887 1411 1913 et
1425 1889 1521 1914 motus
1535 1884 1682 1913 descendit
1697 1885 1725 1912 in
1741 1885 1895 1921 Dapsiliam

1101 1938 1162 1959 cum
1176 1929 1285 1959 Marino
1302 1930 1393 1966 primo
1404 1937 1515 1964 eorum,
1537 1935 1668 1967 suscepto
1681 1938 1699 1958 a
1714 1930 1896 1967 Dapsiliensi-

1100 1978 1155 2006 bus
1167 1985 1229 2006 eum
1245 1977 1351 2013 ingenti
1367 1977 1486 2006 honore.
1505 1977 1628 2013 indeque
1646 1977 1744 2006 abiens
1758 1978 1793 2005 ad
1809 1979 1896 2005 mari-

1093 2023 1167 2052 tima
1182 2024 1326 2057 remeavit,
1341 2029 1370 2052 et
1389 2024 1467 2052 venit
1484 2023 1520 2052 ad
1536 2022 1734 2052 Justinianum.
1756 2023 1894 2051 Preterea

1100 2069 1260 2099 Iustiniano
1286 2070 1451 2106 interempto
1477 2074 1505 2098 et
1531 2069 1687 2106 Philippica
1709 2070 1770 2099 visa
1794 2071 1893 2099 oeulo-

1101 2124 1161 2144 rum
1177 2117 1278 2144 orbato
1294 2117 1411 2152 imperat
1422 2117 1574 2150 Artemius,
1587 2117 1635 2152 qni
1651 2121 1814 2152 provexerat
1828 2125 1893 2145 eum

1101 2167 1246 2198 praetorem
1265 2162 1463 2191 Orientalium.
1477 2163 1547 2190 Cum
1562 2170 1630 2190 vero
1642 2161 1818 2191 Theodosius
1839 2163 1894 2190 iun-

1103 2212 1235 2243 perasset,
1250 2213 1278 2236 et
1286 2208 1384 2243 pulsus
1400 2208 1542 2237 Artemius
1557 2208 1726 2241 exstitisset,
1747 2208 1893 2236 Romano-

260 2252 374 2280 Romani
396 2252 629 2287 appropinquant:
645 2259 722 2288 perge
748 2251 783 2280 ad
813 2260 867 2282 eos.
891 2252 1048 2289 Assumptis
1064 2257 1087 2285 ι)
1101 2261 1217 2289 rumque
1235 2261 1280 2282 res
1302 2254 1413 2290 publica
1430 2259 1505 2283 esset
1531 2254 1649 2282 confusa
1664 2259 1721 2282 tam
1737 2262 1771 2282 ex
1788 2254 1894 2283 Barba-

259 2307 325 2335 ergo
348 2299 507 2335 spatharius
532 2298 629 2326 Alanis
645 2298 680 2326 50
693 2298 822 2326 transivit
837 2306 899 2327 cum
922 2300 1048 2336 cyclope-

260 2346 341 2374 dibus
366 2345 440 2372 Maio
455 2352 551 2373 mense
574 2345 733 2372 Caucaseos
757 2343 877 2376 montes.
900 2349 928 2375 et
945 2346 1049 2374 invenit

258 2399 323 2421 eos:
341 2392 413 2419 unde
436 2392 555 2418 multum
578 2390 691 2425 gavisus
717 2391 912 2419 sciscitabatur
935 2392 1048 2420 ubinam

258 2441 333 2475 esset
346 2438 475 2474 populus.
491 2437 543 2470 Qui
558 2437 686 2465 dixerunt
702 2445 709 2463 :
726 2436 870 2466 Saracenis
886 2438 1048 2467 irruentibus

258 2484 286 2510 in
301 2483 460 2510 Romartiam
478 2483 577 2510 reversi
590 2487 663 2510 sunt.
683 2482 739 2510 Nos
755 2489 845 2511 autem
864 2492 916 2512 non
932 2485 1046 2512 valentes

258 2530 287 2556 in
303 2528 461 2556 Romaniam
475 2529 524 2560 ire.
541 2529 575 2556 ad
598 2529 724 2556 Alaniam
739 2530 867 2556 uenimus.
879 2528 913 2557 Et
928 2530 997 2558 dixit
1012 2530 1047 2558 ad

257 2583 328 2603 eos:
351 2574 424 2608 Quid
450 2575 578 2609 faciemus
605 2575 704 2604 modo?
728 2574 780 2609 Qui
810 2576 938 2603 dixerunt
963 2586 969 2605 :
994 2576 1047 2604 Per

257 2622 389 2657 regionem
403 2622 483 2648 istam
502 2620 664 2655 impossibile
678 2626 716 2648 est
733 2621 850 2650 transire
863 2630 921 2649 nos.
934 2623 969 2650 At
983 2630 1046 2650 vero

258 2667 419 2702 spatliarius
436 2667 475 2695 ait
491 2676 499 2694 :
516 2666 579 2695 Non
597 2672 635 2694 est
650 2667 774 2702 possibile
787 2676 833 2703 per
850 2669 934 2695 aliam
952 2669 1048 2696 exire?

257 2714 384 2741 Castrum
402 2721 468 2749 ergo
482 2718 542 2742 erat
567 2714 624 2741 illic
643 2715 867 2749 cognominatum
891 2715 1044 2749 Sindirum,

257 2761 286 2787 in
300 2767 355 2795 quo
372 2761 424 2788 loci
439 2765 565 2788 servator
582 2760 734 2788 lmbebatnr
749 2761 862 2796 quidam
882 2761 1045 2790 Pharasma-

258 2805 321 2832 nius
336 2806 458 2838 nomine,
477 2805 528 2833 sub
545 2805 647 2833 ditione
670 2805 870 2833 Saracenorum
889 2807 1044 2835 consistens

259 2851 284 2875 'et
296 2858 388 2884 pacem
397 2858 459 2878 cum
469 2850 606 2878 Armeniis
621 2851 735 2878 habens.
754 2850 864 2879 Mittens
876 2851 968 2886 itaque
981 2860 1044 2887 spa-

260 2893 366 2924 alterius
389 2896 524 2931 signiﬁcat
547 2897 571 2925 ei
593 2896 706 2924 dicens:
725 2896 849 2929 Quandiu
867 2905 955 2926 nucem
984 2906 1042 2925 cum

1101 2307 1197 2328 rosum
1216 2301 1331 2329 incursu
1345 2307 1429 2336 quam
1452 2308 1486 2328 ex
1504 2300 1657 2329 lustiniani
1680 2300 1839 2328 homicidiis
1863 2306 1893 2328 et

1099 2345 1249 2382 Philippici
1270 2346 1398 2375 scelestis
1422 2346 1542 2380 actibus,
1564 2346 1611 2374 hic
1631 2346 1688 2374 Leo
1704 2346 1893 2374 simulabatur

1097 2395 1126 2419 et
1140 2399 1192 2427 pro
1200 2391 1324 2422 Artemio
1340 2400 1371 2420 es
1377 2395 1528 2428 pugnabat,
1545 2391 1701 2420 Theodosio
1715 2391 1891 2425 adversatus.

1099 2437 1167 2472 quin
1196 2441 1227 2465 ut
1250 2445 1346 2466 verum
1369 2438 1480 2466 dicatur
1506 2438 1541 2464 ad
1564 2445 1596 2465 se
1626 2438 1716 2473 ipsum
1743 2437 1891 2472 imperium

1098 2483 1254 2512 transferre
1288 2483 1458 2516 decertans;
1496 2482 1571 2518 quod
1597 2487 1626 2510 et
1657 2482 1734 2510 fecit.
1764 2482 1893 2511 Habebat

1098 2535 1190 2558 autem
1214 2530 1429 2558 concordantem
1448 2534 1476 2558 et
1494 2533 1721 2558 eoneurrentcm-
1733 2529 1786 2557 sibi
1808 2529 1894 2557 Arta-

1097 2575 1227 2609 basdum,
1238 2576 1467 2604 Armeniacorum
1480 2581 1637 2611 praetorem,
1657 2582 1739 2610 quem
1759 2579 1788 2602 et
1803 2583 1893 2611 gene-

1097 2629 1158 2649 rum
1185 2622 1249 2655 sibi.
1280 2627 1429 2658 postquam
1458 2622 1595 2658 regnavit,
1622 2621 1709 2649 Anna:
1742 2620 1805 2649 an:
1832 2629 1894 2649 sua:

1097 2668 1276 2704 coniunctum
1301 2669 1409 2702 etteeit,
1439 2675 1606 2704 promovens
1631 2668 1710 2696 illum
1733 2671 1762 2696 et
1783 2670 1892 2697 consti-

1097 2718 1177 2742 tuens
1196 2715 1385 2750 curopalaten.

1133 2760 1237 2789 Interea
1252 2761 1404 2789 Masalmas
1420 2768 1482 2788 cum
1506 2761 1533 2788 in
1548 2761 1613 2789 Asia
1639 2760 1801 2793 liiemasset,
1817 2767 1891 2795 pra.

1095 2807 1252 2835 stolabatur
1278 2807 1379 2835 Leonis
1391 2808 1542 2842 promissa.
1566 2806 1689 2842 Cumque
1703 2806 1770 2833 nila
1795 2806 1890 2834 Leone

1096 2853 1258 2889 recepisset,
1276 2858 1304 2881 et
1319 2858 1461 2888 comperto
1473 2852 1548 2889 quod
1563 2853 1660 2880 illusus
1677 2857 1753 2880 esset
1764 2852 1799 2879 ab
1813 2851 1890 2886 ipso,

1096 2899 1190 2927 aliens
1204 2899 1328 2934 Abydum
1353 2907 1451 2928 rursus
1466 2899 1618 2928 transvexit
1635 2899 1766 2934 populum
1789 2898 1889 2933 capio-
