2052 3153
741 110 757 127 Ι

201 163 270 216 1357

605 170 791 216 HISTORIA
805 172 1096 216 ECCLESIASTlCA
1110 185 1164 216 EX
1183 180 1425 216 ΤΠΕῡΡΗΑΝΕ.

1766 179 1834 212 1358

191 250 252 270 sum
267 249 295 269 in
314 240 461 275 Thracem,
477 247 503 270 et
514 245 610 270 contra
626 244 729 278 regiam
750 243 847 271 urbem
860 250 983 271 commo-
996 245 1023 275 Α
1035 242 1139 271 habens
1156 246 1185 270 et
1198 243 1258 278 ipse
1272 249 1358 270 naves
1371 240 1430 269 360
1447 243 1475 267 et
1489 243 1692 268 armamentum
1704 241 1733 266 et
1748 245 1827 266 sum-

191 293 235 316 tus
249 291 302 320 est,
316 287 442 317 scribens
462 291 489 316 ct
510 288 545 316 ad
571 288 732 317 Suleltiman
747 288 985 325 protosymbolum

190 341 245 368 quo
259 334 367 362 veniret
381 342 435 362 una
459 342 521 363 cum
538 334 699 371 przeparatis
727 335 877 363 claSSibus.
899 329 987 363 Porro

193 378 227 406 £9
240 377 297 405 ltal.
311 378 501 415 Septembrias
515 379 644 408 obsidere
657 379 743 414 cmpit
768 379 867 407 urbem
883 377 986 407 Masal-

192 432 265 458 Inas,
284 424 467 461 depopulatus
479 425 606 454 Thracoa
633 433 745 462 quoque
775 425 898 454 castella.
927 425 987 454 Cir-

192 469 360 498 cumvailato
373 477 438 498 vero
453 476 563 499 terreno
578 479 658 499 muro
673 471 804 499 foderunt
818 471 848 499 in
864 471 985 498 circuitu

194 517 300 545 foveam
314 517 449 553 prolixam
473 522 501 546 ct
528 524 669 554 magnam,
686 522 714 545 et
731 524 815 553 super
826 524 887 545 eam
917 516 984 545 sicci

192 562 292 598 lapidis
305 562 451 590 materiam
466 570 594 598 posuere.
610 561 742 590 Kalendis
755 565 845 590 autem
859 560 985 596 Septem-

192 608 262 637 briis
274 608 370 644 prima:
383 609 544 637 indictionis
559 607 870 644 ascenditimpugnator
881 607 984 635 Christi

193 654 352 682 Sulehiman
369 662 431 682 eum
448 655 562 691 ειοιοβι
577 654 695 683 amereis
711 654 780 688 suis,
795 654 900 682 habens
908 655 985 682 mirae

194 701 396 738 magnitudinis
409 709 505 734 naves,
521 706 548 730 et
574 701 691 737 scaphas
710 705 838 737 sumptus
853 700 983 733 ferentes,

191 740 219 776 et
234 749 383 776 dromones
399 755 516 776 numero
537 748 612 776 mille
624 751 651 775 et
672 748 857 783 octingentos,
886 752 912 775 et
926 746 985 775 ﬁxit

192 794 340 822 stationem
368 801 383 821 a
398 793 548 828 Ilagnaura
567 801 656 829 usque
682 793 715 821 ad
730 793 902 829 Cyclobium.
918 792 984 821 Post

191 840 261 868 duos
277 848 345 868 sane
360 840 420 868 dies
441 845 536 868 austro
559 840 643 868 ﬂante
660 841 724 869 inde
739 839 856 876 profecti
873 839 984 875 navigio

189 890 324 916 venerunt
345 887 378 915 ad
395 887 502 919 urbem,
517 891 544 915 et
564 886 675 922 quidam
692 895 786 915 eorum
803 894 835 915 ea
852 887 910 915 loca
922 894 983 923 quae

1035 292 1115 324 plus.
1125 287 1261 317 Similiter
1273 292 1301 316 et
1312 288 1372 323 ipse
1390 293 1454 314 cum
1470 285 1567 314 eadem
1585 285 1620 313 de
1633 284 1750 312 humido
1766 284 1830 319 igne

1036 333 1193 368 didicisset,
1203 334 1334 369 applicuit
1347 338 1432 368 penes
1444 331 1565 360 Saturon
1574 335 1603 358 et
1613 329 1696 358 Brian
1707 334 1736 358 et
1744 336 1834 365 usque

1036 379 1073 407 ad
1086 379 1202 407 Cartam‘
1214 383 1336 415 portum.
1354 377 1477 415 (Egyptii
1505 384 1572 405 vero
1591 373 1690 404 harum
1711 377 1830 404 duarum

1037 422 1169 454 classium
1181 425 1296 461 spud‘se‘
1310 428 1394 452 noctu
1408 423 1559 456 consiliati,
1569 423 1682 451 navium
1694 423 1833 451 frumenta

1034 470 1183 499 ferentium
1214 470 1332 499 sublatis
1354 470 1486 498 lintribus
1502 468 1536 496 ad
1566 469 1665 496 urbem
1690 468 1831 504 fugerunt,

1037 516 1408 554 imperatorenr’laudantes,
1427 517 1466 544 ita
1480 520 1510 543 ut
1525 515 1560 543 ab
1579 515 1671 544 llieria
1685 523 1775 551 usque
1796 514 1831 542 ad

1037 563 1134 592 urbem
1150 564 1276 600 ligneum
1286 562 1433 591 videretur
1444 565 1531 590 mare.
1544 561 1725 597 Comperiens
1738 565 1831 589 autem

1035 617 1086 648 per
1108 618 1156 639 eos
1179 609 1336 646 imperator
1353 609 1388 637 de
1405 608 1575 637 absconditis
1588 608 1616 636 in
1633 609 1697 642 sinu
1720 608 1831 637 duellis

1036 656 1184 691 classibus,
1201 656 1366 692 siphonibus
1382 654 1510 691 igniferis
1528 654 1700 683 constructis
1717 655 1744 682 in
1762 654 1830 682 dro-

1037 709 1134 730 mones
1160 707 1246 738 atque
1273 702 1364 730 dieres
1396 701 1448 729 hos
1476 700 1630 728 imminens
1646 700 1833 728 contraduas

1036 748 1142 777 classes
1159 749 1270 777 direxit.
1292 748 1348 777 Deo
1365 749 1457 776 autem
1487 753 1657 782 cooperante
1673 755 1723 783 per
1743 747 1832 776 inter-

1036 794 1191 823 cessionem
1214 794 1387 822 intemerata.-
1405 793 1452 822 Dei
1476 793 1625 822 Genitricls
1638 793 1768 829 protinus
1779 793 1831 821 de-

1035 839 1119 868 mersi
1131 844 1196 869 sunt
1210 840 1325 873 inimici,
1344 844 1372 868 et
1383 840 1536 875 assumptis
1551 838 1648 876 spoliis
1662 844 1690 867 et
1701 839 1831 875 expensis

1036 893 1132 913 eorum
1148 885 1237 915 nostri
1249 893 1312 914 cum
1327 885 1429 922 gaudio
1442 890 1469 914 et
1484 885 1626 921 triumpho
1641 885 1744 913 reveni
1754 889 1830 913 sunt.

191 933 321 961 dicuntur
336 933 462 969 Eutropii
489 938 515 961 et
530 933 669 961 Anthemii
685 937 904 966 transmearunt,
921 933 984 969 qui-

1037 929 1135 958 Adhuc
1151 933 1242 958 autem
1253 929 1404 958 Mardasan
1418 930 1520 957 iterum
1534 936 1549 956 a
1563 929 1652 964 portis
1668 936 1732 956 cum
1746 935 1831 957 exer-

191 979 252 1006 dam
268 983 359 1007 autem
373 979 406 1007 ad
429 984 522 1015 partes
535 978 650 1008 Thr-acre
666 988 681 1007 a
708 980 821 1007 castello
837 979 926 1007 Galati
956 983 983 1007 et

193 1033 280 1060 usque
295 1025 329 1052 ad
344 1024 452 1053 Didium
477 1025 682 1061 applicuerunt.
703 1024 805 1054 Verum
831 1025 982 1061 grandibus

191 1068 246 1098 illis
264 1069 380 1098 navibus
396 1079 428 1099 ex
448 1079 533 1099 onere
556 1072 712 1107 aggravatis
728 1076 810 1106 atque
822 1071 980 1104 retardatis,

189 1115 264 1144 dorsi
279 1117 409 1145 custodes
421 1124 512 1153 usque
524 1118 558 1145 ad
576 1117 673 1152 viginti
692 1117 810 1152 scaphas
838 1125 982 1145 remanse-

189 1167 264 1194 runt,
279 1163 414 1191 habentes
423 1167 554 1191 centenos
567 1163 699 1193 loricatos
716 1163 750 1191 ad
762 1164 811 1191 has
822 1163 983 1191 custodien-

188 1209 250 1238 das.
268 1207 403 1236 Praeterea
425 1208 584 1241 serenitate,
597 1216 659 1244 quae
672 1208 722 1235 has
734 1208 761 1235 in
772 1212 895 1236 reumate
903 1215 982 1236 com-

189 1246 349 1289 prehendit,
367 1253 477 1288 eiIecta,
494 1259 521 1281 et
535 1259 652 1289 augusto
668 1253 724 1291 (75)
745 1254 884 1281 modicum
898 1253 981 1282 ﬂante

189 1300 223 1327 ad
236 1300 374 1328 exteriora
390 1301 514 1336 impulsa:
522 1304 597 1329 sunt.
611 1299 763 1336 imperator
775 1308 839 1328 vero
854 1300 980 1335 protinus

190 1344 316 1379 igniferis
340 1345 458 1373 navibus
478 1348 575 1372 contra
593 1352 641 1372 eas
665 1345 781 1373 directis
797 1345 831 1372 ab
850 1345 979 1380 Acropoli

190 1388 240 1416 has
255 1389 348 1416 divina
371 1397 423 1424 0pc
440 1390 502 1424 igne
517 1389 690 1423 consumpsit
711 1397 718 1416 :
737 1392 764 1416 et
792 1389 853 1416 aliae
867 1388 979 1424 quidem

190 1438 223 1460 ex
239 1433 282 1460 his
291 1434 324 1460 ad
336 1434 401 1467 ripa:
411 1441 505 1461 muros
523 1433 653 1468 proiecta:
672 1438 747 1466 sunt,
768 1433 830 1461 aliae
844 1441 909 1461 vero
924 1440 979 1460 una

190 1483 252 1505 cum
269 1478 427 1506 hominibus
441 1479 467 1505 in
481 1478 647 1513 profundum
659 1478 791 1507 demersas
806 1484 882 1511 sunt,
896 1485 980 1511 porro

191 1523 251 1551 alize
269 1531 356 1559 usque
368 1524 401 1551 ad
419 1529 528 1552 acutam
542 1528 569 1551 et
583 1523 666 1551 latam
681 1524 796 1552 insulam
809 1529 980 1561 consumpta

191 1573 306 1606 portatae
321 1574 396 1598 sunt.
411 1569 481 1598 Hinc
494 1577 560 1605 ergo
574 1570 620 1605 qui
632 1573 711 1597 erant
724 1577 755 1597 ex
771 1570 839 1598 urbe
852 1568 978 1599 liduciam

1037 975 1094 1002 ritu
1120 975 1240 1002 Arabum
1273 982 1363 1010 usque
1387 975 1420 1002 ad
1442 975 1563 1002 Nicaeam
1590 979 1618 1002 et
1640 974 1828 1002 Nicomediam

1036 1020 1222 1052 discurrente,
1235 1020 1376 1055 principes
1385 1019 1473 1055 regni,
1485 1019 1532 1054 qui
1544 1019 1572 1046 in
1584 1018 1652 1049 Libo
1662 1024 1690 1047 et
1697 1019 1830 1055 Sopiione

1036 1074 1114 1094 more
1129 1065 1326 1094 Mardaitarum
1345 1065 1501 1093 absconditi
1520 1070 1613 1099 erant,
1630 1065 1714 1093 simul
1730 1070 1758 1093 et
1782 1073 1830 1100 pe-

1036 1112 1117 1144 dites,
1142 1111 1171 1139 in
1189 1111 1241 1139 hos
1258 1111 1341 1139 simul
1365 1111 1504 1139 irruentes
1526 1115 1560 1138 .et
1577 1110 1703 1139 diversis
1720 1110 1829 1139 damnis

1035 1157 1188 1186 adicientes
1203 1157 1282 1184 illinc
1295 1156 1390 1192 fugere
1411 1156 1618 1192 compulerunt,
1634 1161 1662 1185 et
1673 1157 1715 1185 de-
1729 1160 1829 1187 cetero

1035 1203 1147 1231 modico
1160 1203 1287 1231 meabilis
1304 1203 1369 1231 freti
1385 1203 1462 1230 aditu
1480 1203 1596 1230 invento
1619 1203 1653 1230 ab
1678 1203 1748 1232 urbe
1763 1204 1831 1231 clie-

1036 1248 1128 1276 landia
1140 1249 1270 1277 exeuntia
1287 1249 1422 1284 plurimas
1437 1255 1577 1284 expensas
1591 1248 1731 1280 ferebant.
1748 1249 1830 1277 Simi-

1035 1295 1099 1322 liter
1118 1298 1209 1322 autem
1223 1294 1426 1330 etpiscatoriai
1441 1295 1588 1327 navicula,
1606 1298 1664 1323 tam
1685 1294 1712 1322 in
1730 1294 1830 1323 insulis

1035 1348 1117 1375 quam
1135 1340 1162 1367 in
1179 1340 1249 1368 locis
1268 1341 1375 1368 circum
1398 1348 1492 1369 muros
1519 1341 1643 1369 civitatis
1657 1341 1830 1375 positis,,ca-

1033 1391 1102 1421 pere
1114 1388 1204 1422 pisces
1216 1393 1271 1414 non
1284 1387 1514 1423 prohibebantur.
1530 1388 1666 1415 Praescia
1681 1387 1755 1415 fame
1770 1394 1829 1414 ma-

1033 1440 1085 1468 gna
1098 1432 1235 1461 Arabibus
1248 1433 1346 1461 innixa
1358 1435 1450 1461 omnia
1462 1434 1662 1466 moriebantur,
1684 1437 1714 1461 et
1722 1433 1830 1461 anima-

1034 1480 1070 1507 lia
1099 1486 1149 1507 sua
1184 1480 1378 1512 eomedebant,
1408 1487 1496 1516 equos
1519 1480 1657 1513 videlicet,
1681 1479 1777 1508 asinos
1801 1485 1830 1508 et

1033 1527 1165 1555 camelos.
1184 1527 1270 1554 Aiunt
1289 1533 1380 1555 autem
1407 1527 1521 1562 quidam
1548 1527 1626 1562 quod
1644 1531 1672 1554 et
1696 1526 1826 1555 homines

1033 1577 1171 1603 mortuos.
1182 1572 1250 1608 quin
1265 1576 1293 1600 et
1304 1577 1413 1601 stercus
1426 1580 1508 1600 suum
1521 1573 1549 1600 in
1561 1573 1702 1600 clibanunt
1711 1572 1828 1609 missu}:

191 1620 380 1654 perceperunt.
401 1617 450 1643 Ast
474 1616 568 1643 hostes
592 1619 694 1650 magno
722 1623 823 1651 pavore
848 1617 978 1645 concussi
992 1609 1014 1639 ο
1030 1623 1112 1654 atque
1126 1619 1440 1655 conspersumederent.
1451 1619 1578 1647 incubuit
1587 1623 1679 1648 autem
1690 1619 1719 1647 in
1733 1619 1826 1647 ltoset

190 1667 268 1696 sunt,
291 1662 396 1690 humidi
426 1663 627 1696 cognoscentes
654 1659 877 1689 efﬁcacissimam
909 1661 980 1697 ignis

190 1706 389 1744 operationem.
411 1706 547 1734 volebant
571 1705 652 1733 enim
683 1706 785 1734 eadem
805 1707 850 1735 die
873 1708 980 1743 vesperi

190 1755 303 1790 atrripae
317 1761 412 1782 muros
428 1753 568 1789 applicare
589 1752 738 1780 stationem
753 1757 781 1780 et
798 1756 921 1781 temones
933 1761 982 1782 su-

190 1810 237 1837 pra
248 1800 453 1837 propugnacuia
475 1799 626 1834 imponere.
646 1798 699 1827 Sed
717 1798 866 1827 consilium
885 1794 980 1827 eorum

191 1846 336 1881 dissipavit
364 1845 544 1880 omnipotens
570 1843 642 1872 Deus
673 1851 724 1880 per
753 1844 981 1874 intercessionem

190 1892 354 1921 castisﬁmm
366 1890 413 1919 Dei
427 1890 585 1919 Genitricisl
606 1890 707 1918 Eadem
721 1897 789 1918 vero
806 1894 886 1919 nocte
900 1891 984 1926 impe-

190 1944 264 1967 rator
279 1944 404 1966 catenam
421 1938 514 1965 alocis
529 1936 621 1964 Gaiati
649 1940 757 1965 secreto
783 1936 838 1972 (76)
855 1937 983 1965 removit.

192 1986 297 2013 Inimici
312 1989 403 2013 autem
415 1985 584 2012 aestimantes
598 1984 671 2019 quod
687 1984 782 2011 volens
795 1992 842 2012 eos
855 1984 984 2020 decipere

191 2032 262 2060 hanc
277 2030 427 2059 removerit
455 2030 616 2065 imperator,
635 2037 689 2057 non
710 2030 771 2057 ausi
786 2033 852 2057 sunt
877 2030 983 2058 intrare

191 2086 278 2114 usque
306 2077 339 2104 ad
357 2084 388 2104 ea
412 2083 473 2111 quae
490 2075 622 2103 dicuntur
633 2075 733 2109 Galati,
752 2075 797 2102 vel
825 2077 980 2111 applicare.

191 2124 237 2152 sed
255 2124 417 2159 navigantes
430 2122 465 2148 ad
478 2121 568 2149 sinum
587 2120 727 2149 Sosthenli
746 2122 803 2149 illic
822 2122 983 2151 munierunt

190 2169 330 2203 navigium
345 2175 436 2195 suum.
453 2165 526 2194 Sane
545 2170 644 2194 octavo
655 2166 717 2194 idus
736 2165 886 2195 Octobrias
897 2168 983 2195 mori-

191 2219 234 2242 tur
247 2213 406 2241 Sulehiman
418 2212 473 2240 dqu
490 2219 597 2244 eorum,
613 2215 640 2239 et
654 2218 753 2239 amerze
765 2212 850 2239 sumit
864 2212 981 2240 cilicium

189 2261 304 2287 Humar.
319 2259 386 2287 Cum
403 2262 495 2286 autem
513 2258 601 2285 hiems
617 2257 645 2285 in
663 2257 772 2286 Thrace
788 2258 866 2286 valde
889 2260 981 2294 gravis

190 2306 368 2336 accessisset.
388 2305 457 2331 adeo
471 2307 501 2331 ut
516 2307 589 2331 terra
602 2310 656 2331 non
673 2307 782 2337 pareret
801 2311 814 2330 a
832 2305 906 2337 nive,
922 2312 982 2340 quae

189 2350 216 2378 in
229 2348 387 2387 crystallum
397 2357 477 2377 versa
489 2356 551 2376 esse
564 2348 722 2382 videbatur,
737 2349 886 2376 multitudo
898 2357 982 2385 equo-

189 2404 249 2423 rum
265 2400 292 2423 et
304 2395 472 2423 camelorum
488 2399 706 2428 cmterorulnque
728 2394 909 2422 animantium
926 2395 980 2422 ini-

189 2435 324 2469 micoru‘m
344 2444 451 2468 mortua
476 2443 528 2467 est.
544 2438 632 2466 Porro
645 2439 751 2466 vernali
767 2444 892 2475 tempore
904 2439 980 2467 venit

190 2485 323 2521 Snphiam
337 2493 399 2513 eum
416 2485 497 2517 stolo,
508 2485 555 2519 qui
565 2483 654 2511 fuerat
667 2483 778 2519 Μειριὶ
791 2488 979 2517 constructus,

190 2533 294 2560 habens
307 2540 390 2559 naves
402 2531 569 2559 frumentum
585 2530 704 2557 ferentes
717 2529 770 2557 400
779 2533 806 2557 ct
819 2529 979 2559 dromones.

189 2575 341 2612 Camperta
369 2575 494 2603 Romaici
518 2574 638 2603 efﬁcacia
658 2575 731 2610 ignis
751 2577 920 2605 transcurrit
934 2577 981 2604 Bi-

191 2622 325 2658 thyniam,
354 2627 380 2650 et
411 2623 438 2650 in
456 2625 555 2650 contra
573 2621 715 2649 transiens
729 2622 763 2649 ad
789 2627 900 2657 portum
918 2623 980 2650 boni

192 2668 256 2703 Agri
270 2669 412 2704 applicuit.
426 2667 493 2696 Post
508 2668 650 2703 paululum
667 2672 757 2695 autem
773 2668 847 2696 venit
860 2672 888 2696 et
903 2668 981 2696 Hizid

192 2722 254 2742 cum
272 2715 326 2742 alio
342 2715 423 2746 stoio.
444 2716 490 2750 qui
513 2715 602 2742 fuerat
616 2718 795 2742 constructus
818 2715 846 2741 in
878 2714 980 2748 Africa,

185 2854 189 2856 .
229 2831 286 2866 (75)
300 2831 377 2859 Diae.
394 2838 502 2860 austro.

230 2866 287 2902 (76)
300 2866 585 2899 8ουτιιο.Μυπικῶς.
605 2866 651 2896 Sic
670 2866 757 2895 Graeci
774 2867 816 2896 lC.
835 2871 984 2896 testamen-

194 2901 251 2929 tum
270 2903 341 2937 quod
355 2903 505 2938 ex‘scripto
516 2907 625 2930 constat
639 2903 785 2939 mysticum
799 2907 829 2930 et
844 2907 983 2931 secretum

1031 1665 1166 1699 pestilens
1175 1665 1302 1700 lnguor,
1311 1668 1338 1692 et
1353 1664 1571 1693 innumerubiles
1581 1673 1614 1693 ex
1625 1665 1825 1700 ἀδικήει-νη.

1033 1710 1122 1738 Porro
1140 1712 1314 1738 coacervavit
1327 1710 1355 1738 in
1371 1718 1421 1739 eos
1440 1711 1544 1738 bellum
1567 1711 1649 1739 etiam
1671 1709 1823 1745 Vulcan-om

1032 1762 1110 1789 guns,
1142 1759 1170 1784 et
1186 1761 1216 1782 ut
1229 1755 1306 1783 aiunt
1319 1755 1367 1790 qui
1389 1756 1442 1784 hoc
1463 1756 1568 1784 certius
1589 1759 1702 1787 norunt.
1724 1756 1822 1791 viginti

1032 1800 1088 1828 duo
1106 1801 1197 1828 millia,
1207 1808 1240 1828 ex
1269 1801 1408 1829 Arabibus
1418 1801 1596 1835 occiderunt,
1611 1805 1639 1830 et
1653 1801 1738 1830 multa
1753 1805 1827 1830 tem-

1033 1853 1100 1881 pore
1111 1846 1163 1874 illo
1173 1846 1214 1874 eis
1229 1846 1392 1874 acciderunt
1407 1848 1525 1881 atrocia,
1541 1848 1578 1874 ita
1588 1851 1625 1875 ~nt
1642 1848 1830 1883 experimento

1033 1893 1176 1921 discerent
1197 1893 1261 1929 quia
1283 1892 1357 1922 Deus
1380 1898 1410 1922 et
1429 1894 1605 1922 sanctissima
1625 1893 1710 1929 Virgo
1727 1894 1830 1930 Deique

1035 1938 1124 1966 Mater
1138 1938 1210 1967 hanc
1224 1939 1356 1967 muniunt
1379 1938 1477 1967 urbem
1494 1943 1522 1967 et
1534 1940 1759 1968 Christianorum
1777 1940 1830 1968 im-

1032 1988 1201 2019 peratorem.
1221 1987 1250 2013 et
1268 1993 1324 2013 non
1352 1989 1396 2014 est
1421 1985 1581 2014 omnimoda
1596 1985 1722 2014 dimissiu
1737 1985 1786 2014 Dei
1801 1985 1829 2014 in

1033 2031 1078 2059 his
1089 2031 1137 2065 qui
1151 2031 1281 2059 invocant
1294 2039 1359 2058 eum
1374 2031 1401 2059 in
1418 2031 1544 2064 veritate,
1557 2031 1622 2059 licet
1642 2031 1677 2059 ad
1691 2031 1829 2061 modicus

1031 2077 1099 2113 quid
1118 2077 1287 2112 eaatigemur
1300 2082 1413 2112 propter
1431 2081 1546 2112 peccata
1560 2083 1667 2105 nostra.
1683 2099 1687 2102 .

1070 2124 1164 2151 Mundi
1177 2131 1249 2151 anno
1261 2124 1344 2156 62l0,
1358 2123 1460 2151 divina
1468 2123 1670 2152 incarnationis
1681 2131 1756 2152 anno
1765 2123 1828 2156 710.

1035 2178 1109 2198 anno
1126 2178 1192 2198 vero
1212 2171 1326 2206 imperii,
1346 2169 1447 2198 Leonis
1474 2171 1608 2202 secundo,
1623 2171 1680 2199 dux
1705 2170 1828 2198 Arabum

1036 2216 1156 2244 habetur
1175 2215 1288 2247 Humar,
1302 2215 1348 2250 qui
1358 2215 1400 2244 eis
1420 2215 1528 2243 duobus
1543 2215 1654 2250 praefuit
1667 2215 1759 2244 annis.
1775 2214 1830 2243 Eo-

1036 2262 1096 2289 dem
1114 2269 1225 2298 quoque
1238 2269 1310 2288 anno
1324 2260 1439 2296 Sergius
1452 2260 1697 2296 protospatharius
1712 2264 1741 2287 et
1756 2267 1828 2295 pra-

1035 2313 1077 2336 tor
1093 2307 1206 2340 Sicilire,
1229 2307 1325 2334 audito
1342 2306 1418 2342 quod
1439 2306 1573 2334 Saraceni
1604 2306 1767 2334 obsiderent
1784 2314 1828 2333 re-

1035 2353 1106 2387 giam
1121 2352 1227 2383 urbem,
1245 2351 1388 2379 coronavit
1403 2350 1459 2378 illic
1475 2350 1616 2386 proprium
1633 2350 1827 2384 imperatorem

1033 2399 1122 2425 virum
1148 2396 1503 2431 Constantinopolitanum,
1519 2403 1554 2424 ex
1578 2395 1740 2424 hominibus
1756 2395 1827 2427 suis,

1034 2443 1120 2470 lilium
1145 2441 1269 2477 Gregorii
1295 2441 1628 2477 0nomaguli,’l‘ibcrinm
1644 2445 1750 2471 mutan
1775 2449 1827 2469 no-

1031 2489 1105 2516 mine
1137 2488 1300 2520 vocitatum,
1320 2488 1367 2523 qui
1389 2487 1456 2516 fecit
1485 2487 1676 2523 promotiones
1699 2491 1732 2515 et
1760 2495 1827 2516 suos

1030 2535 1171 2571 principes
1187 2535 1311 2570 praedicti
1336 2535 1454 2563 consilio
1470 2534 1571 2571 Sergii.
1598 2534 1653 2562 Asti
1675 2534 1828 2570 imperator

1030 2581 1075 2609 his
1089 2581 1190 2609 auditis
1205 2581 1279 2609 misit
1297 2580 1412 2609 Paulum
1430 2581 1573 2617 proprium
1584 2587 1666 2608 suum
1680 2579 1826 2608 chartula-

1031 2627 1116 2660 rium,
1133 2627 1207 2654 hunc
1228 2627 1376 2662 patricium
1393 2624 1550 2654 ordinatum
1567 2630 1595 2654 et
1611 2631 1757 2662 prelorem
1781 2624 1826 2652 Si-

1036 2673 1118 2704 ciliae.
1141 2673 1212 2700 dalis
1241 2673 1269 2699 in
1289 2672 1423 2699 auxilium
1445 2672 1470 2700 ei
1497 2671 1646 2707 spathariis
1664 2670 1774 2699 duobus
1797 2674 1826 2695 et

1037 2720 1065 2747 in
1090 2719 1232 2747 servitium
1254 2720 1315 2755 ejus
1344 2719 1490 2755 perpaucis
1524 2717 1691 2751 hominibus,
1721 2715 1826 2752 iussio-

911 2777 914 2780 '
952 2776 1071 2822 noris.

1038 2837 1191 2877 appellant,
1209 2832 1508 2877 ξερδςηάντιδιαστολὴγ
1524 2831 1727 2877 ηηιλῃᾳξρθῑίνί,
1751 2832 1825 2869 quod

1038 2866 1155 2900 Iév'tibus
1170 2866 1347 2902 audientibus
1364 2866 1546 2905 nuncupatur.
1560 2866 1645 2896 Fara".
