2052 3153
237 213 375 246 nlbnsque
396 209 430 237 ad
453 209 593 246 principes
614 207 796 240 Occidentis,
822 212 850 235 et
878 215 956 236 sacra
977 215 1028 243 po-

234 257 300 292 pqu
323 256 476 285 recitanda.
501 255 554 289 Qui
578 263 642 282 cum
665 259 748 282 noctu
773 254 892 290 ingressi
912 253 1029 283 fuissem

230 305 263 331 'in
278 304 440 331 dromonem
458 303 593 335 velocem,
616 302 746 329 exierunt
763 301 792 328 in
810 305 904 337 partes
920 299 1027 336 Cyzici.

233 350 256 376 Α
271 350 331 378 loco
345 353 438 377 autem
460 348 495 376 ad
514 349 606 376 locum
625 355 674 383 per
689 352 792 375 terram
819 354 924 382 perque
951 352 1028 373 mare

232 395 333 424 ltinrre
343 395 416 423 facto
429 398 542 430 repente
552 394 580 421 in
590 393 712 421 Siciliam
728 397 923 428 pervenerunt.
938 391 1024 419 Cum-

230 448 288 476 que
304 439 470 477 Syracusam
487 439 663 471 introissent.
678 438 785 466 audivit
801 438 914 473 Sergius
933 440 962 465 et
977 436 1026 464 ob-

230 487 350 521 stupuit.
370 490 398 514 et
425 486 539 521 proprio
554 492 670 513 excessu
690 491 827 519 perpensa
849 483 975 519 confugit
991 482 1024 510 ad

230 533 406 568 propinquos
418 531 553 559 Calabriae
575 530 789 566 Longobardos.
814 529 937 565 Populus
959 535 1025 556 vero

228 583 428 614 congregatas.
439 583 468 606 et
487 584 566 606 sacra
583 577 683 605 reiecta
698 584 746 612 per
759 583 818 604 eam
831 580 924 603 certus
935 575 1024 602 factus

230 627 306 660 quod
325 631 351 653 el
381 625 527 660 imperium
545 628 631 652 staret
644 623 753 651 eturbs
771 622 929 657 promptior
949 625 1024 650 esset

227 673 363 701 adversus
371 676 478 707 gentes,
493 677 601 699 necnon
614 674 641 699 et
650 669 847 698 enarramibus
858 669 913 697 illis
923 675 955 697 ea
962 675 1024 703 quae

227 726 314 754 super
330 718 438 746 duobus
452 718 531 746 stolis
546 717 658 745 fuerant
672 720 761 752 gesta,
775 715 894 744 Leonem
910 715 1021 751 quidem

231 765 424 799 imperatorem
440 763 575 791 continuo
599 762 794 794 laudaverunt,
823 761 955 789 Basiliam
973 768 1023 787 au-

227 815 284 836 tem
301 807 502 844 Onomagnlum
518 811 545 836 et
561 807 713 844 principes.
729 807 775 842 qui
793 807 829 835 ab
841 807 887 834 illo
898 806 1021 842 provecti

231 856 352 888 fuerant,
379 855 488 882 vinctos
512 854 623 890 praetori
653 853 840 881 tradiderunt.
871 852 933 887 Ipse
957 859 1021 879 vero

230 901 361 928 Basilium
392 900 506 936 quidem
536 907 599 928 cutn
626 899 763 934 singulari
784 904 902 934 praetore
931 898 1019 934 ipsius

228 946 386 980 decollavit,
400 950 428 974 et
441 946 532 981 capita
549 953 646 973 eorum
667 945 743 973 fusca
758 945 869 973 condita
894 952 942 979 per
957 952 1021 979 spa-

229 992 336 1020 lharios
361 992 522 1028 imperatori
547 991 713 1023 transmisit;
729 990 901 1025 reliquorum
927 994 1019 1018 autem

228 1037 365 1072 quosdam
380 1038 539 1065 verberatos
566 1040 594 1064 et
617 1041 726 1070 tensos,
741 1037 876 1072 quosdam
894 1044 960 1065 vero
974 1037 1019 1064 ab-

226 1084 324 1112 scissis
337 1084 487 1112 naribusin
499 1084 628 1112 exsilium
635 1084 794 1112 destinavit.
805 1082 906 1118 Sicque
916 1083 1019 1111 factum

228 1135 271 1159 est
288 1134 318 1158 ut
333 1131 398 1158 hinc
411 1131 440 1158 in
468 1130 695 1158 Occidentalibus
710 1137 809 1166 magna
834 1129 1019 1165 correptionis

227 1175 390 1203 constitutio
403 1175 491 1204 ﬂeret.
511 1175 598 1203 Porro
613 1175 727 1211 Sergius
744 1175 829 1203 verbo
845 1175 1018 1210 impunitatis

228 1230 244 1249 ιι
256 1226 374 1257 prmtore
387 1221 474 1256 petito
486 1221 591 1256 pariter
605 1225 634 1249 et
664 1225 775 1255 accepto
788 1220 874 1248 exivit
897 1219 931 1247 ad
943 1228 1017 1254 eum,

225 1271 255 1296 et
285 1268 322 1296 ita
351 1275 448 1296 omnes
475 1275 543 1303 pace
571 1268 667 1303 potitae
695 1271 762 1296 sunt
787 1266 928 1303 Hesperiae
954 1273 1019 1302 par-

227 1317 281 1341 tes.

262 1359 368 1387 Interea
382 1359 521 1388 llumarus
531 1367 594 1388 cum
611 1359 781 1389 obtinuisset
799 1360 918 1393 Arabes.
945 1366 1015 1395 prse-

224 1405 300 1440 ccpit
314 1404 465 1434 Masaltuan
478 1406 578 1434 redire.
595 1406 727 1435 Saraceni
745 1414 811 1442 ergo
826 1407 892 1435 moti
909 1406 1017 1434 decimo

221 1457 322 1480 octavo
336 1453 474 1482 Kalendas
488 1454 628 1490 Augustas
652 1462 716 1482 cum
742 1454 831 1482 multa
850 1453 1018 1482 confusione

224 1500 329 1527 reversi
345 1505 427 1534 sunt;
441 1507 503 1528 cum
519 1501 594 1528 enim
607 1501 660 1528 iter
677 1505 771 1535 ageret
790 1500 890 1528 classis
907 1504 1016 1533 eorum,

222 1549 375 1580 tempestas
387 1553 402 1572 a
420 1544 476 1573 Deo
495 1553 543 1580 per
560 1546 775 1574 intercessiones
792 1546 839 1574 Del
857 1545 952 1574 Matris
973 1546 1016 1574 in-

225 1590 359 1618 cumbens
372 1591 400 1618 in
417 1591 481 1619 illos
495 1591 546 1619 hos
556 1591 699 1626 dispersit.
710 1596 738 1619 et
748 1592 818 1620 alios
840 1592 951 1627 quidem
965 1592 1017 1620 bo-

224 1644 288 1664 rum
303 1644 388 1672 penes
401 1636 588 1665 Proconesum
609 1640 638 1665 et
654 1637 777 1672 reliquas
801 1637 918 1670 insulas,
946 1637 1017 1665 alios

223 1691 290 1711 vero
314 1683 341 1711 in
360 1683 509 1719 vertigines
525 1687 553 1711 et
577 1687 676 1711 caetera
695 1683 830 1711 demersit
847 1683 875 1711 in
892 1690 1014 1719 aequora.

224 1729 337 1758 Residui
358 1736 471 1765 quoque
487 1737 549 1757 cum
576 1730 729 1758 transirent
743 1729 868 1765 Egaeum
889 1730 1015 1765 pelagus,

222 1775 361 1812 extemplo
373 1777 533 1811 supervenit
544 1776 572 1803 in
586 1775 628 1804 eis
641 1775 772 1804 terribilis
784 1776 936 1811 indignatio
947 1775 1014 1804 Dei:

219 1822 328 1856 grando
340 1829 458 1857 namque
473 1821 552 1856 ignea
565 1821 740 1850 descendens
756 1829 840 1857 super
867 1829 917 1850 eos
928 1829 1015 1857 aquas

221 1867 308 1895 maris
321 1868 436 1896 ebullire
450 1866 527 1900 fecit,
552 1872 581 1895 et
600 1868 663 1903 pice
678 1867 826 1903 liquefacta
842 1868 927 1896 simul
950 1876 1014 1896 cum

221 1914 382 1942 hominibus
397 1922 481 1942 navos
502 1914 530 1942 in
551 1914 718 1949 profundum
736 1914 859 1942 inducta
872 1919 950 1948 sunt,
965 1914 1014 1943 de-

219 1968 280 1989 cem
291 1961 362 1989 solis
371 1969 411 1989 ex
424 1961 466 1989 eis
480 1965 509 1988 et
524 1961 594 1996 ipsis
611 1960 782 1996 providentia
795 1960 844 1988 Dei
861 1960 1013 1989 Salvatoris

217 2007 402 2036 madentibus
421 2008 457 2034 ad
482 2007 705 2034 annuntiandum
731 2007 824 2040 nobis,
856 2014 965 2034 necnon
986 2012 1014 2035 et

221 2053 372 2086 Arabibus,
385 2053 522 2088 magnalia
538 2052 598 2086 Dei,
613 2061 675 2088 qum
698 2053 727 2080 in
748 2053 803 2082 illis
822 2053 918 2082 eﬂ'ecta
927 2055 1013 2088 lsunt.

221 2098 295 2132 Quas
308 2099 392 2126 etiam
407 2103 550 2126 nostrates
567 2099 753 2132 invenientes,
768 2099 893 2135 quinque
914 2099 1012 2128 harum

220 2143 455 2177 comprehendere
466 2146 618 2177 potuerunt
629 2152 637 2170 :
649 2143 710 2171 alia:
721 2151 786 2171 vero
797 2144 920 2180 quinque
930 2146 1013 2174 salvae

221 2190 250 2216 in
265 2188 374 2224 Syriam
392 2188 483 2216 ducta
501 2191 585 2222 sunt,
609 2188 659 2217 Dei
681 2189 888 2219 annuntiaturze
913 2195 1011 2227 poten-

218 2235 358 2300 ualltlnoiiem
373 2278 440 2300 vero
468 2278 543 2299 anno
562 2274 644 2299 terra
658 2275 733 2300 motu
751 2279 851 2308 magno
877 2272 905 2301 in
931 2273 1011 2309 Syria

215 2317 294 2347 Iacto
309 2316 414 2345 ﬂumar
427 2324 443 2345 a
460 2317 623 2346 civitatibus
634 2318 727 2346 vinum
745 2318 875 2353 inhibuit,
889 2324 916 2348 et
927 2319 1010 2348 Chri-

213 2363 326 2393 stianos
339 2367 497 2399 apostatare
509 2364 611 2398 coegit.
636 2368 665 2393 et
682 2368 872 2399 apostatantes
898 2365 1010 2400 quidem

160 2442 164 2445 _
218 2409 279 2437 sine
289 2409 393 2439 tributo
406 2416 468 2437 esse
490 2409 618 2443 faciebat,
638 2417 696 2437 non
712 2411 922 2439 consentientes
943 2418 1010 2439 vero

217 2455 406 2488 interimehat.
430 2463 464 2484 ac
484 2464 534 2491 per
545 2449 581 2484 'id
604 2457 707 2485 multos
723 2461 862 2494 martyres
880 2463 1010 2493 operatus

214 2507 272 2530 est.
291 2501 389 2530 Sanxit
406 2503 489 2531 etiam
507 2503 700 2531 testimonium
714 2503 863 2532 Christiani
876 2504 1010 2533 adversus

217 2545 388 2575 Saraceauta
408 2547 523 2576 minime
537 2547 738 2583 recipiendum.
755 2548 830 2577 Fecit
843 2552 935 2577 autem
949 2549 1010 2584 epi-

219 2594 317 2622 stolam
334 2593 518 2629 dogmaticam
542 2595 575 2622 ad
594 2593 713 2622 Leonem
739 2595 946 2631 imperatorem,
965 2603 1011 2623 ra-

217 2644 265 2668 tus
277 2640 378 2676 impius
394 2640 419 2668 ei
438 2640 605 2676 persuadere
621 2649 677 2677 quo
707 2648 723 2675 ᾳ
754 2641 807 2671 ﬁde
821 2649 872 2670 sua
897 2643 1010 2671 recede-

219 2688 273 2714 ret.

253 2731 334 2760 Anno
348 2731 455 2767 imperii
471 2733 515 2761 sui
531 2733 614 2761 tertio
634 2737 717 2761 natus
730 2737 771 2762 est
786 2733 868 2762 Leoni
892 2733 1010 2769 principi

219 2776 293 2805 ﬁlius
307 2779 419 2806 nomine
433 2777 646 2813 Constantinus,
672 2780 720 2815 qui
742 2780 830 2815 magis
845 2779 892 2807 illo
908 2780 1010 2816 impius

221 2822 273 2850 fuit
285 2827 313 2851 et
326 2824 488 2854 Antichristi
502 2833 669 2862 pracursor.
685 2826 822 2854 Ceterum
841 2831 940 2854 octavo
957 2826 1010 2855 Ka-

220 2869 315 2898 lendas
331 2869 478 2900 Ianuarias
497 2871 583 2901 Maria
608 2880 677 2902 uxor
703 2871 805 2902 Leonis
824 2878 954 2903 coronata
966 2878 1011 2903 est

792 149 995 195 ANAS'lfASII
1015 149 1053 181 BI
1057 149 1332 182 BLIOTHECARII

1803 148 1876 182 1360

1044 208 1066 238 Δ
1081 207 1110 235 in
1122 207 1245 235 triclinio
1252 208 1391 244 Augusta,
1408 210 1435 236 et
1451 206 1587 242 processit
1607 206 1665 236 sola
1680 214 1745 235 cum
1756 208 1874 237 solemni

1081 254 1217 290 obsequio
1231 256 1290 283 sine
1310 253 1370 281 viro
1386 253 1418 281 ad
1435 252 1560 289 “agnam
1574 252 1739 286 Ecclesiam,
1764 258 1792 282 et
1807 262 1873 282 ora-

1081 300 1157 328 tione
1171 305 1234 328 ante
1248 300 1406 334 ingressum
1422 299 1517 328 altaris
1541 298 1628 328 elfusa
1646 299 1758 327 transiit
1777 300 1814 327 ad
1826 301 1874 328 ba-

1081 346 1239 382 ptisterium
1262 354 1404 381 magnum,
1429 346 1490 374 viro
1503 345 1564 381 ejus
1573 345 1632 380 jam
1644 353 1706 373 cum
1723 347 1821 382 paucis
1834 346 1874 374 l'a-

1080 391 1234 420 miliaribus
1248 391 1307 420 suis
1321 392 1457 427 ingresso.
1473 391 1525 419 Ubi
1540 399 1603 419 cum
1617 391 1771 420 Germanus
1794 400 1874 420 sum-

1079 445 1141 465 mus
1158 437 1289 467 sacerdos
1303 438 1527 470 Constantinum.
1544 437 1673 474 nequitiae
1697 439 1819 474 ipsorum
1844 443 1873 467 et

1078 484 1186 520 imperii
1207 491 1411 518 successorem,
1435 484 1600 520 baptizaret,
1622 483 1714 512 dirum
1738 485 1870 520 quiddam

1077 535 1103 559 et
1116 531 1242 559 lostidum
1257 538 1273 559 a
1284 531 1480 568 parvulojidem
1491 530 1692 560 Constantinus
1700 533 1870 568 pmsignans

1077 578 1202 606 exhibuit
1224 583 1430 613 argumentum,
1446 585 1547 606 cacans
1572 578 1598 605 in
1619 583 1717 605 sancto
1746 578 1866 612 lavacro.

1077 625 1107 648 ut
1122 621 1200 649 aiunt
1224 621 1272 657 qui
1295 621 1443 657 diligenter
1457 622 1540 657 hujus
1556 622 1595 650 rei
1619 618 1682 650 facti
1698 629 1762 650 sunt
1775 623 1868 659 inspe-

1075 672 1177 701 ctores,
1205 667 1243 695 ita
1261 672 1291 695 ut
1305 667 1460 697 Germanus
1484 669 1679 697 sanctissimus
1710 670 1868 705 prophetico

1075 713 1199 741 diceret:
1218 714 1330 742 Constat
1356 714 1471 742 maximi
1496 714 1660 742 Christianis
1686 720 1711 743 et
1739 715 1868 744 Ecclesia:

1075 759 1140 786 mali
1162 767 1208 793 per
1224 768 1284 787 eum
1301 760 1429 795 efficiendi
1447 760 1496 788 hoc
1528 761 1633 796 signum
1655 769 1712 788 esse
1733 761 1867 794 futurum;

1075 804 1155 833 Hunc
1171 806 1262 841 itaque
1277 806 1449 842 baptizatqu
1469 807 1674 843 provinciarum
1686 812 1768 843 atque
1786 816 1867 836 sena-

1075 857 1121 881 tus
1135 853 1274 889 principes
1287 857 1482 889 susceperunt.
1499 854 1564 882 Post
1580 855 1672 882 divina
1696 863 1763 883 sane
1777 855 1867 883 cilicia

1070 907 1132 927 cum
1153 900 1271 928 solemni
1285 908 1384 929 rursus
1409 900 1545 936 obsequio
1560 901 1684 936 Augusta
1707 901 1794 929 Maria
1811 910 1866 929 una

1070 954 1134 975 cum
1148 947 1287 982 baptizato
1308 947 1365 975 lilio
1383 954 1496 975 reversa
1512 952 1555 975 est
1576 948 1715 976 donativis
1745 950 1868 983 erogatis

1070 992 1104 1019 ab
1117 993 1234 1020 ecclesia
1248 1000 1337 1028 usque
1349 992 1382 1020 ad
1393 992 1509 1020 Aineam
1527 997 1646 1028 portam.
1664 993 1764 1022 Eodem
1780 995 1866 1022 etiam

1069 1045 1142 1065 anno
1154 1036 1266 1066 Nicetas
1281 1038 1419 1073 Xylinitcs
1430 1038 1528 1066 scribit
1554 1038 1587 1067 ad
1613 1039 1764 1067 Artemium
1777 1039 1866 1068 Thes-

1068 1085 1198 1113 salonicae
1226 1090 1389 1118 morantem.
1421 1093 1477 1121 quo
1510 1090 1637 1122 pergeret
1657 1087 1690 1113 ad
1720 1086 1864 1120 Terbelin.

1068 1136 1206 1167 quatenus
1215 1138 1278 1160 cum
1291 1130 1395 1158 auxilio
1407 1129 1556 1166 Vulgarico
1571 1137 1669 1159 contra
1681 1131 1803 1160 Leonem
1816 1140 1863 1160 ve-

1068 1177 1150 1207 niret.
1173 1176 1226 1211 Qui
1243 1176 1396 1204 obaudicns
1411 1177 1446 1204 ad
1471 1176 1599 1205 Terbelin
1617 1177 1698 1210 abiit,
1726 1181 1754 1205 et
1774 1178 1821 1205 dat
1836 1177 1862 1205 ei

1067 1221 1230 1255 exercitum,
1247 1225 1275 1249 et
1289 1221 1336 1249 dat
1350 1222 1375 1249 ei
1390 1222 1593 1258 quinquaginta
1609 1223 1669 1250 auri
1683 1223 1862 1256 centenaria;

1067 1271 1095 1295 et
1105 1267 1148 1294 bis
1161 1267 1280 1301 receptis
1293 1266 1564 1302 Constantinopolim
1586 1267 1664 1294 venit
1675 1266 1742 1294 urbe
1753 1275 1820 1294 sane
1833 1267 1862 1294 id

1067 1312 1178 1340 minime
1194 1312 1369 1340 admittente.
1387 1310 1522 1347 Vulgares
1548 1311 1623 1340 hunc
1642 1312 1727 1340 Leoni
1741 1312 1863 1340 tradide~

1067 1363 1144 1391 runt,
1161 1362 1188 1387 et
1199 1358 1306 1386 liberali
1321 1358 1450 1386 honorati
1467 1358 1502 1385 ab
1516 1365 1550 1386 eo
1567 1358 1740 1393 benignitate
1757 1358 1861 1386 reversi

1067 1410 1145 1434 snnt.
1169 1405 1220 1433 Ast
1247 1405 1398 1439 imperator
1416 1404 1490 1432 hunc
1506 1411 1570 1432 cum
1587 1403 1715 1441 Xyliuite
1730 1404 1860 1440 peremit.

1067 1450 1178 1486 publico
1192 1457 1303 1485 quoque
1318 1449 1385 1478 ﬁsco
1403 1449 1588 1478 substantiam
1617 1449 1762 1485 applicans
1785 1449 1862 1486 Xyli-

1067 1497 1141 1530 nitis,
1157 1497 1204 1532 qui
1220 1504 1282 1524 cum
1294 1496 1426 1531 magister
1439 1499 1526 1528 esset,
1539 1495 1726 1524 substantiam
1742 1496 1858 1524 multam

1068 1542 1240 1578 possederat.
1260 1542 1413 1570 Sicinnium
1432 1542 1580 1578 patricium
1606 1547 1793 1578 cognomento
1806 1542 1861 1570 Re-

1068 1587 1189 1619 dacium.
1215 1594 1250 1615 eo
1269 1587 1343 1622 quod
1371 1587 1455 1615 fuerit
1477 1594 1541 1614 cum
1565 1587 1701 1620 Artemio.
1725 1587 1861 1623 Vulgare:

1066 1633 1157 1668 capite
1172 1632 1323 1668 punierunt
1335 1641 1344 1666 ;
1358 1637 1387 1661 et
1403 1633 1642 1670 archiepiscopum
1657 1633 1862 1662 Thessalonicae

1066 1676 1151 1707 Leoni
1165 1679 1282 1714 principi
1294 1679 1478 1714 tradiderunt,
1496 1680 1542 1715 qui
1560 1680 1714 1708 decollatus
1732 1683 1775 1707 est
1794 1687 1860 1707 cum

1065 1725 1199 1753 Artemio.
1217 1724 1352 1752 Similiter
1364 1729 1390 1752 et
1402 1724 1505 1753 Hisoen
1524 1725 1673 1760 patricium
1690 1729 1717 1752 et
1729 1725 1859 1753 comitem

1066 1771 1182 1804 Obsicii.
1193 1774 1221 1799 et
1237 1770 1429 1799 Theoctistum
1445 1771 1567 1806 primum
1594 1778 1610 1799 a
1627 1771 1751 1802 secretis.
1769 1775 1797 1798 et
1811 1769 1860 1797 Ni-

1066 1821 1154 1844 cetam
1182 1817 1349 1844 Anthracem
1365 1820 1393 1843 et
1409 1817 1542 1845 comitem
1557 1816 1684 1851 Titicbei,
1708 1821 1739 1845 ut
1753 1817 1859 1846 amicos

1065 1867 1093 1890 et
1108 1863 1262 1891 concordes
1282 1862 1346 1897 eius
1367 1863 1470 1890 occidit
1489 1863 1636 1899 :reliquos
1663 1867 1755 1891 autem
1773 1864 1860 1891 muti-

1065 1909 1128 1937 latis
1141 1909 1256 1937 naribus
1285 1909 1489 1945 proscriptione
1508 1908 1658 1937 damnatos
1672 1909 1701 1936 in
1727 1908 1858 1937 exsilium

1064 1955 1152 1984 misit.

1099 2000 1194 2030 Mundi
1204 2008 1276 2029 anno
1286 2000 1370 2041 sets,
1380 1999 1482 2030 divinae
1492 2000 1695 2030 incarnationis
1705 2008 1779 2029 anno
1793 1999 1858 2032 719..

1063 2055 1138 2076 anno
1150 2055 1216 2076 vero
1232 2046 1454 2083 itnperiiLeonis
1469 2051 1570 2083 quarto
1583 2046 1662 2075 Hisid
1671 2047 1792 2075 Arabum
1801 2046 1859 2074 dux

1064 2094 1190 2128 habetur,
1218 2094 1266 2130 qui
1292 2095 1334 2122 eis
1361 2099 1481 2130 quatuor
1504 2094 1614 2130 prefuit
1635 2094 1727 2122 annis.
1754 2093 1857 2122 Eodem

1063 2146 1173 2174 quoque
1191 2146 1265 2166 anno
1288 2138 1440 2167 indictione
1455 2139 1548 2171 tertia,
1568 2139 1613 2167 die
1635 2138 1758 2171 Pascha,
1776 2146 1859 2166 coro-

1063 2190 1148 2214 natus
1167 2190 1211 2214 est
1228 2185 1431 2214 Constantinus
1456 2193 1472 2213 a
1487 2185 1580 2213 Leone
1599 2188 1677 2220 patre
1700 2193 1752 2213 suo
1766 2184 1794 2212 in
1805 2185 1858 2212 tri-

1027 2238 1050 2267 ι)
1064 2230 1178 2258 bunalio
1194 2229 1289 2258 decem
1305 2234 1332 2258 et
1345 2237 1444 2258 novem
1457 2231 1647 2262 accubitunm,
1657 2228 1796 2258 Germano
1808 2238 1859 2265 pa—

1063 2275 1184 2304 triarcha
1200 2274 1319 2303 faciente
1339 2275 1480 2303 orationes
1497 2275 1649 2303 semiudum
1669 2282 1784 2303 morem.
1799 2274 1858 2304 [loc

1062 2321 1143 2349 etiam
1162 2328 1236 2349 anno
1247 2325 1374 2349 mortuus
1385 2325 1428 2349 est
1444 2320 1583 2349 Humarus
1599 2321 1654 2348 dus
1678 2321 1813 2354 Arabum,
1827 2326 1856 2349 et

1062 2367 1151 2395 oritur
1166 2367 1194 2395 in
1208 2367 1323 2396 Perside
1348 2372 1486 2404 tyrannus
1512 2371 1540 2396 et
1566 2367 1625 2403 ipse
1642 2368 1754 2395 nomine
1775 2366 1857 2395 ﬂiaid

1063 2413 1197 2447 Ioalabe,
1230 2418 1259 2443 et
1282 2414 1411 2443 abierunt
1424 2421 1489 2442 cum
1510 2421 1545 2446 eo
1566 2414 1602 2441 ex'
1625 2413 1736 2441 Perside
1762 2415 1856 2442 multi.

1031 1564 1052 1594 C

1063 2459 1149 2489 Misso
1160 2465 1253 2489 autem
1275 2460 1356 2488 Hisid
1372 2460 1505 2488 Masalma
1519 2459 1622 2488 occidit
1636 2467 1700 2487 eum
1715 2464 1743 2488 et
1767 2460 1857 2489 Persi-

1062 2507 1125 2536 dem
1139 2507 1273 2536 subdidit.

1060 2555 1076 2583 Ι
1097 2554 1178 2580 Anno
1193 2552 1299 2588 imperii
1319 2552 1420 2581 Leouis
1449 2552 1550 2588 quinto
1578 2552 1709 2588 apparuit
1738 2552 1854 2588 quidam

1062 2597 1161 2634 Syrius
1176 2598 1406 2633 pseudocbristus
1421 2602 1450 2626 et
1463 2598 1573 2627 seduxit
1585 2598 1716 2626 Hebraos
1727 2619 1737 2632 ,
1758 2598 1855 2627 dicens

1061 2653 1092 2674 se
1103 2645 1258 2674 Christum.

1097 2691 1178 2720 Anno
1195 2691 1304 2727 imperii
1319 2691 1363 2719 sui
1379 2694 1458 2719 sexto
1474 2689 1529 2718 Leo
1560 2691 1650 2726 coegit
1675 2689 1810 2719 Hebraeos
1827 2695 1855 2718 et

1061 2735 1206 2765 Montanos
1222 2736 1368 2772 baptizari.
1384 2736 1419 2764 At
1436 2743 1502 2765 vero
1525 2735 1613 2764 Judzi
1629 2740 1726 2764 contra
1749 2728 1853 2772 propo-

1061 2782 1145 2810 situm
1155 2782 1287 2818 baptizati
1302 2782 1447 2810 dilnebant
1458 2782 1638 2817 baptismum.
1662 2785 1690 2809 et
1705 2783 1854 2810 comeden-

1061 2832 1102 2856 tes
1117 2828 1206 2856 sancti
1218 2828 1343 2856 muneris
1354 2827 1605 2865 participabantur,
1634 2832 1663 2856 ct
1678 2827 1852 2855 contamina-

1061 2875 1128 2903 bant
1140 2873 1235 2904 ﬁdem.
1248 2873 1333 2904 Porro
1349 2874 1472 2904 Montani
1485 2874 1642 2904 divinantes
1658 2873 1723 2907 sibi.
1737 2876 1765 2902 et
1784 2872 1853 2902 an.
