2052 3153
182 192 249 226 1361

181 300 235 328 tas,
250 299 280 322 et
294 293 477 322 incenderunt
491 299 577 323 semet
592 294 677 328 ipsos.

216 342 297 368 Anno
321 340 429 376 imperii
452 339 553 369 Leonis
579 341 696 376 septimo
709 340 823 369 Judaeus
844 340 970 376 quidam,

180 386 318 415 oriundus
334 394 367 415 es
384 386 521 414 Laodicea
546 386 691 421 maritima
706 386 867 420 Pbanicia,
886 387 972 415 male-

181 433 262 466 ﬁcus,
289 432 403 461 veniens
423 431 458 460 ad
476 431 556 459 Hizid
579 433 746 467 repromittit
767 440 830 461 eum
852 432 973 468 quadra-

180 480 257 515 ginta
282 479 365 507 annis
390 481 562 507 retenturum
582 478 704 506 Arabum
726 478 923 514 principatum,
947 479 971 507 si

181 525 366 557 venerabiles,
377 532 439 561 quis
459 525 487 552 in
501 525 628 553 ecclesiis
639 524 861 553 Christianorum
875 525 902 552 in
914 529 972 553 toto

181 572 339 608 principatu
354 579 405 600 suo
422 571 557 606 imagines
572 571 793 603 houorabantur.
809 571 971 606 deponeret.

182 617 252 645 lluic
270 618 362 652 itaque
380 616 499 644 stolidus
517 615 634 644 credens
648 614 727 643 Hizid
752 615 873 643 edictum
888 622 973 651 gene-

181 661 240 689 rale
266 665 362 688 contra
388 664 501 689 sanctas
528 660 663 695 imagines
688 660 884 696 promulgavit.
917 659 971 688 Sed

181 707 269 743 gratia
287 707 396 735 Domini
414 706 503 735 nostri
523 705 590 735 Jesu
607 705 725 740 Christi,
747 710 775 735 et
790 706 971 735 intercessio-

181 754 265 781 nibus
284 753 450 787 incorrupta
462 752 559 781 Matris
575 752 636 788 ejus
654 752 837 787 omniumque
860 757 972 781 sancto-

182 807 255 831 rum.
280 798 377 827 eodem
407 805 480 827 anno
506 802 632 827 mortuus
655 804 700 827 est
729 798 817 831 Hiaid,
845 799 972 834 pluribus

180 846 273 874 adhuc
297 853 348 874 nec
379 845 477 873 audire
501 845 659 874 valentibus
688 845 849 873 Salanieum
882 845 971 881 ipsius

180 891 312 920 edictum.
328 890 459 926 Percepta
475 898 541 919 vero
564 897 659 918 amara
680 893 733 919 ista
753 894 781 919 et
802 890 900 919 illicita
922 898 972 918 ne-

180 945 264 972 quam
295 937 422 965 doctrina
449 937 505 965 Leo
534 937 685 973 imperator
708 937 856 965 multorum
889 937 970 965 nobis

180 992 263 1013 causa
284 985 417 1012 malorum
434 984 549 1013 eﬂ‘ectus
563 987 618 1012 est.
634 984 719 1012 Porro
731 991 796 1012 cum
818 984 970 1012 invenisset

181 1031 447 1067 lndisciplinationis
472 1031 555 1067 hujus
580 1034 798 1059 consentaneum
823 1030 970 1066 quemdam

182 1077 253 1106 Bisir
277 1078 401 1110 nomine,
428 1078 476 1113 qui
501 1082 585 1105 natus
605 1077 716 1113 quidem
742 1085 776 1105 ex
798 1077 970 1105 Christianis

180 1124 283 1157 fuerat,
298 1124 346 1152 sed
366 1124 492 1158 captivus
508 1124 536 1151 in
558 1123 665 1159 Syriam
686 1123 787 1151 ductus
801 1123 898 1158 refuga
913 1123 969 1159 (77)

180 1172 255 1206 ﬁdei,
273 1179 334 1207 quae
348 1174 391 1199 est
407 1170 603 1211 in’Cliristum,
619 1175 745 1206 repertus
761 1175 814 1203 est,
831 1171 969 1199 Arabum-

178 1225 235 1253 que
254 1217 384 1252 dogmata
407 1216 510 1244 sectari
530 1217 668 1251 apparuit.
686 1217 758 1245 Ante
776 1220 885 1252 tempus
906 1225 972 1245 vero

180 1270 236 1291 nou
256 1261 372 1289 multum
397 1261 432 1290 ab
458 1262 568 1289 illorum
596 1262 730 1290 servitute
752 1262 823 1290 liber
844 1262 970 1295 effectus.

179 1317 245 1337 cum
268 1309 390 1337 venisset
414 1308 449 1336 ad
473 1316 531 1335 rem
551 1308 691 1343 publicam
716 1308 915 1341 Romanorum,
935 1308 973 1337 ob

181 1356 266 1383 robur
281 1355 409 1391 corporis
431 1358 460 1383 et
475 1362 642 1383 consensum
658 1362 750 1390 pravae
765 1355 907 1391 opinionis
920 1355 974 1384 bo-

181 1405 297 1430 noratus
317 1405 361 1429 est
377 1401 413 1429 ab
435 1401 533 1429 eodem
559 1400 670 1435 Leone;
688 1401 735 1437 qui
759 1405 787 1429 et
811 1402 972 1437 imperatori

183 1446 276 1475 fautor
304 1448 332 1475 in
356 1455 458 1483 magno
483 1447 642 1482 huiusmodi
668 1448 779 1483 piaculo
798 1447 890 1476 factus
915 1452 971 1476 est.

181 1493 376 1522 Concordabat
398 1498 491 1522 autem
507 1493 532 1522 ei
557 1498 586 1522 et
607 1494 755 1529 episcopus
777 1493 908 1527 Nacolite,
923 1495 971 1530 qui

182 1540 431 1575 indisciplinationi
453 1540 516 1576 ejus
542 1548 654 1577 operam
671 1541 742 1570 dans
755 1541 893 1570 consimili
915 1542 971 1570 vita

181 1587 291 1615 vivebat
302 1594 363 1615 eum
373 1587 446 1622 ipso.

216 1633 309 1661 Mundi
319 1641 392 1661 anno
400 1633 481 1673 6216,
490 1632 588 1660 divinae
601 1633 802 1662 incarnationis
813 1640 886 1663 anno
907 1635 970 1667 πε.

181 1687 255 1707 anno
280 1687 348 1708 vero
375 1679 484 1716 imperii
511 1678 612 1707 Leonis
643 1683 742 1707 octavo
774 1684 901 1708 mortuus
928 1684 973 1708 est

181 1726 263 1754 llizid
280 1726 401 1753 Arabum
418 1725 486 1758 dux,
504 1725 551 1753 cui
568 1723 695 1753 succedit
716 1724 801 1753 Nisan
818 1725 902 1760 hujus
916 1724 974 1752 tm

182 1775 234 1804 ter,
258 1774 287 1798 et
308 1770 394 1806 cepit
413 1769 552 1798 adidcare
573 1777 621 1805 per
642 1768 770 1797 civitates
791 1773 819 1797 et
844 1769 972 1805 regiones

181 1816 294 1852 palatia,
314 1820 344 1845 et
369 1817 485 1844 novales
512 1815 604 1845 facere
618 1819 645 1843 et
657 1816 814 1851 paradisos,
838 1819 868 1864 e‘t
883 1823 972 1851 aquas

181 1863 325 1891 reducere.
348 1862 433 1896 Movit
454 1862 538 1890 etiam
563 1861 650 1890 aciem
672 1865 770 1890 contra
795 1861 970 1896 Ronianiam,

181 1909 332 1944 multisque
354 1916 461 1943 eorum,
487 1909 535 1945 qui
561 1916 659 1938 secum
675 1914 765 1943 erant,
786 1908 899 1938 amissis
927 1917 974 1937 re-

181 1962 279 1984 versus
292 1961 345 1983 est.

217 2002 296 2030 Anno
313 2001 420 2036 imperil
441 2000 544 2029 Lectus
565 2008 640 2029 nono
653 2000 807 2036 Gregorius
826 2008 896 2036 papa
913 2000 972 2029 lto-

180 2054 271 2074 mana
287 2050 386 2081 przeest
406 2045 546 2074 Ecclesiae.
563 2046 624 2079 Quo
644 2045 775 2074 videlicet
796 2053 871 2073 anno
888 2046 972 2081 erepit

179 2093 281 2128 impius
302 2093 454 2127 imperator
470 2091 526 2120 Leo
542 2091 726 2128 depositionis
738 2097 834 2121 contra
858 2097 972 2121 sanctas

181 2140 208 2165 et
228 2136 399 2164 universales
416 2136 551 2171 imagines
565 2135 656 2164 facere
670 2136 796 2164 verbum.
811 2136 891 2171 Quod
907 2144 979 2171 cum,

178 2183 325 2212 dldicisset
353 2183 505 2218 Gregorius
530 2190 600 2219 papa
626 2183 769 2212 Romanus
794 2184 897 2213 tributa
916 2184 973 2213 Ro-

179 2236 269 2256 mana:
290 2228 366 2256 urbis
383 2228 526 2264 prohibuit
542 2233 570 2256 et
590 2228 686 2262 Italiae,
703 2229 831 2258 scribens
850 2230 883 2258 ad
901 2229 972 2258 Leo-

574 193 760 224 HISTORIA
778 194 1067 226 ECCLESIASTICA
1085 195 1138 226 EX
1156 195 1402 227 THEOPHANE.

135 256 138 259 ‘
180 248 288 276 nientes
307 246 391 281 diem,
406 247 503 276 domos
517 247 681 276 introierunt
694 249 782 277 errori
796 256 848 277 suo
860 248 976 286 deputa-
991 251 1013 281 Δ
1029 254 1113 278 :estus
1128 250 1268 284 incendio,
1283 255 1358 278 totus
1373 251 1467 278 fumus
1484 250 1582 286 igneus
1597 252 1815 281 monstrabatur.

1743 195 1812 229 1‘302

1023 297 1112 325 Porro
1140 297 1326 325 crassitudine
1352 301 1467 325 terrenae
1495 298 1658 325 substantiae
1690 299 1815 333 petrinaa

1022 347 1146 381 pumices
1164 346 1283 381 grandes
1305 350 1335 372 ut
1351 346 1482 374 cumulos
1503 345 1637 379 quosdam
1659 347 1815 375 lransmisit

1023 399 1072 427 per
1085 396 1169 421 totam
1186 391 1320 419 minorem
1336 391 1430 419 Asiam
1450 395 1478 418 et
1495 391 1627 423 Lesbum,
1648 392 1772 428 Abydum
1789 397 1816 419 ct

1024 438 1163 465 maritima
1179 436 1357 468 Macedoniae.
1376 438 1414 464 ita
1431 441 1461 464 ut
1480 441 1537 464 tota
1552 437 1713 472 superﬁcies
1731 439 1815 466 maris

1023 484 1107 518 hujus
1121 483 1280 518 pumicibus
1294 483 1542 518 supernatantibus
1557 489 1631 511 esset
1649 485 1764 519 repleta.
1780 484 1810 512 In

1023 531 1114 558 medio
1132 534 1224 557 autem
1242 530 1310 557 tanti
1326 530 1398 566 ignis
1416 531 1504 558 insula
1529 538 1563 558 ex
1589 535 1670 558 terra:
1688 531 1817 566 congerie
1852 535 1856 540 '

1022 575 1094 604 facta
1124 576 1239 608 insulsa,
1262 584 1323 611 qua:
1352 584 1431 603 saera
1459 576 1573 609 dicitur,
1598 577 1726 611 copulata
1755 580 1815 608 est.

1022 622 1145 650 nondum
1169 622 1247 657 prius
1273 622 1431 654 exsistens,
1454 629 1551 649 verum
1578 622 1651 650 sicut
1676 621 1816 657 praedicta

1023 668 1118 696 Therae
1128 668 1259 695 videlicet
1273 671 1301 695 et
1314 667 1454 696 Therasiae
1469 667 1567 695 insulas
1582 667 1721 701 quondam
1735 667 1816 694 ebul-

1023 714 1134 746 lierunl,
1168 714 1207 741 ita
1230 719 1258 741 et
1286 713 1346 748 ipsa
1378 721 1464 747 nunc,
1492 713 1665 748 temporibus
1689 712 1816 740 videlicet

1022 760 1228 795 impugnatoris
1253 759 1302 787 Dei
1318 759 1431 792 Leonis,
1449 760 1497 795 qui
1515 759 1637 787 divinam
1663 759 1733 786 iram
1753 767 1816 786 con‘

1022 811 1064 835 tra
1089 815 1119 835 se
1135 814 1186 842 pro
1209 814 1240 835 se
1255 806 1314 834 fore
1339 807 1481 841 opinatus,
1506 806 1695 841 impudentius
1718 810 1815 834 contra

1021 857 1133 881 sanctas
1146 857 1174 881 et
1187 852 1362 881 venerabiles
1376 852 1511 887 imagines
1527 852 1652 887 praelium
1671 851 1814 884 excitavit,

1022 901 1155 936 collegam
1170 905 1197 928 et
1223 901 1417 929 auxiliatorem
1439 901 1543 927 habens
1559 900 1642 927 Beser
1660 900 1706 927 Dei
1727 900 1814 927 abne-

1022 951 1145 983 galorem
1159 951 1187 974 et
1199 947 1442 974 irrationabilitate
1456 946 1508 974 sibi
1525 946 1694 973 simillimum
1708 955 1715 973 :
1734 945 1814 973 ambo

1023 993 1126 1028 quippe
1141 993 1328 1021 ineruditione
1351 998 1431 1021 erant
1451 999 1480 1021 et
1501 992 1756 1028 indisciplinatione
1771 1000 1816 1019 re-

1024 1040 1108 1072 ferti,
1137 1047 1172 1067 ex
1201 1047 1255 1074 qua
1282 1039 1370 1067 multa
1400 1039 1537 1066 malorum
1564 1046 1665 1074 genera
1688 1038 1814 1065 Veniunt.

1023 1086 1122 1113 Turbae
1137 1092 1240 1119 autem,
1259 1094 1322 1120 qua:
1343 1087 1369 1112 in
1391 1085 1465 1120 regia
1490 1086 1558 1113 urbe
1577 1088 1655 1112 erant
1670 1085 1748 1112 valde
1763 1085 1815 1112 tri—

1024 1136 1080 1160 stes
1100 1139 1183 1166 super
1199 1133 1278 1159 novis
1293 1132 1429 1159 doctrinis
1442 1132 1555 1163 eﬂ‘ectaa,
1571 1131 1776 1159 meditabantur
1787 1131 1816 1158 in

1023 1186 1085 1206 eum
1101 1179 1258 1212 insurgere,
1271 1182 1298 1205 et
1311 1177 1447 1213 quosdam
1463 1178 1555 1212 regios
1571 1177 1698 1204 homines
1709 1176 1817 1204 occide—

1022 1228 1099 1254 runt.
1114 1223 1218 1250 domini
1243 1223 1413 1257 deponentes
1431 1222 1539 1250 iconam
1566 1229 1627 1256 quae
1644 1229 1727 1257 super
1755 1228 1815 1249 ma-

1022 1277 1102 1305 gnam
1118 1269 1232 1305 Eneam
1249 1274 1357 1303 portam
1376 1269 1467 1303 posita
1494 1269 1670 1299 cernebatur.
1694 1267 1763 1295 adeo
1785 1274 1817 1295 ut

1023 1314 1101 1342 multi
1117 1322 1213 1342 eorum
1231 1322 1282 1349 pro
1300 1315 1417 1342 veritate
1438 1315 1603 1352 punirentur
1626 1314 1814 1342 membrorum

1022 1362 1280 1389 dctruncationibus
1295 1362 1443 1397 “agrisque
1459 1366 1486 1390 et
1499 1361 1607 1389 exsiliis
1617 1359 1816 1395 rerumqueja-

1023 1409 1121 1440 cturis,
1132 1407 1305 1443 maximeque
1319 1409 1358 1435 illi
1374 1408 1422 1443 qui
1439 1408 1582 1435 nobilitate
1601 1415 1633 1434 ac
1646 1407 1729 1434 verbo
1745 1406 1815 1433 clari

1023 1461 1083 1481 esse
1098 1452 1273 1485 videbantur,
1289 1453 1325 1480 ita
1342 1457 1372 1480 ut
1402 1457 1429 1480 et
1450 1452 1637 1480 eruditionum
1659 1450 1771 1479 scholas
1788 1454 1817 1477 et

1023 1500 1094 1534 piam
1121 1500 1305 1527 eruditionem
1335 1507 1350 1526 a
1377 1502 1480 1527 sancue
1510 1497 1652 1526 memoriae
1678 1497 1817 1525 Constam

1024 1545 1083 1572 tino
1099 1551 1198 1579 magno
1212 1545 1357 1579 hucusque
1368 1547 1506 1572 servatam
1522 1543 1719 1578 exstingueret.
1729 1541 1817 1576 Cujus

1024 1590 1151 1618 videlicet
1165 1597 1227 1617 cum
1244 1589 1306 1617 aliis
1321 1596 1432 1624 quoque
1447 1589 1541 1617 multis
1554 1589 1635 1617 bonis
1659 1589 1817 1616 destructor

1024 1636 1079 1663 Leo
1095 1636 1183 1664 factus
1198 1640 1249 1669 est,
1263 1636 1334 1671 ejus.
1345 1636 1424 1671 cujus
1439 1640 1466 1663 et
1478 1635 1619 1669 Saraceni,
1634 1643 1732 1664 sensus
1744 1635 1818 1662 exsi-

1024 1686 1110 1710 stens.
1126 1682 1155 1710 In
1172 1682 1215 1710 his
1233 1689 1299 1717 ergo
1317 1683 1377 1709 zelo
1407 1681 1502 1709 divino
1520 1682 1586 1709 moti
1613 1681 1817 1709 tumultuantur

1023 1731 1119 1755 contra
1134 1735 1196 1755 eum
1214 1735 1312 1762 magna
1328 1727 1525 1762 congressione
1539 1727 1646 1754 navalis
1674 1726 1816 1754 exercitus

1023 1773 1198 1804 concinnata,
1215 1777 1271 1799 tam
1283 1771 1416 1800 Helladiei
1442 1780 1525 1807 quam
1539 1771 1568 1800 hi
1592 1771 1639 1807 qui
1665 1771 1815 1807 Cycladum

1024 1819 1133 1846 fuerant
1167 1818 1333 1846 insularum.
1357 1818 1517 1853 Agallianus
1533 1821 1624 1845 autem
1652 1817 1815 1845 turmareha

1024 1864 1227 1892 llclladicorum
1242 1869 1300 1892 erat
1313 1864 1417 1891 militiae
1430 1864 1497 1896 dus,
1509 1864 1593 1891 simul
1606 1867 1633 1891 et
1645 1863 1816 1899 Stephanus.

1022 1910 1068 1943 qui
1085 1914 1113 1937 et
1133 1910 1215 1945 regiae
1238 1910 1463 1946 approximantes
1492 1910 1554 1937 urbi
1581 1909 1690 1937 decimo
1716 1914 1817 1945 quarto

1022 1956 1158 1984 Kalendas
1189 1956 1279 1983 Maias
1311 1956 1425 1984 decimae
1464 1955 1624 1983 indictionis
1653 1959 1818 1990 superantur

1022 2002 1163 2036 congressi
1176 2009 1239 2029 cum
1254 2001 1406 2038 Byzantiis.
1421 2001 1473 2029 sibi
1486 2000 1617 2029 confecto
1628 2000 1690 2036 igne
1700 2000 1817 2027 navibus

1024 2048 1219 2076 concrematis.
1239 2047 1270 2075 Et
1286 2048 1332 2074 alii
1348 2047 1460 2083 quidem
1484 2047 1583 2074 horum
1604 2046 1829 2081 demerguntur,-

1023 2093 1172 2129 imerquos
1190 2098 1217 2121 et
1231 2093 1388 2128 Agallianus
1410 2097 1533 2121 armatus
1563 2100 1593 2120 sc
1609 2092 1700 2127 ipsum
1718 2092 1829 2127 βραδεῖ-ι
1879 2108 1883 2112 -

1022 2139 1118 2174 pilavit
1137 2150 1144 2168 τ
1162 2148 1245 2175 porro
1262 2140 1458 2175 superstitibus
1476 2140 1509 2167 ad
1530 2139 1725 2174 imperatorem
1750 2145 1818 2165 con-

1023 2184 1170 2223 ﬂuentibus
1184 2185 1301 2213 Cosmas
1315 2190 1341 2212 et
1356 2184 1515 2220 Stephanus
1534 2184 1666 2212 abscissis
1683 2183 1819 2218 capitibus

1023 2230 1187 2265 puniuntur.
1205 2229 1312 2257 Crescit
1332 2229 1425 2264 itaque
1453 2228 1557 2255 malitia
1586 2228 1688 2262 impius
1718 2226 1773 2253 Leo
1791 2230 1826 2253 cr

179 2283 242 2303 nem
257 2275 402 2311 epistolam
417 2275 611 2310 dogmaticam,
630 2283 687 2304 non
701 2280 830 2311 oportere
851 2276 970 2315 impera-
986 2275 1007 2302 D
1021 2275 1200 2303 consentanei
1214 2275 1298 2309 hujus
1315 2279 1414 2302 contra
1431 2273 1558 2308 pietatem
1572 2272 1744 2300 extendendo
1756 2279 1818 2305 pcr-

179 2326 267 2350 torem
294 2321 328 2349 de
352 2321 405 2349 (ide
424 2321 518 2349 facere
539 2321 654 2349 verbum
674 2326 703 2350 et
723 2322 846 2351 novitate
868 2322 973 2351 violare

180 2368 292 2404 antiqua
307 2368 433 2403 dogmata
447 2367 577 2396 Ecclesiae
590 2368 746 2402 catholim,
761 2376 823 2405 qua
834 2376 850 2396 a
866 2370 973 2398 sanctis

180 2414 307 2442 Palribus
322 2419 366 2442 est
378 2413 536 2449 praedicata.

214 2459 296 2487 Anno
315 2458 424 2494 imperii
448 2457 550 2486 Leonis
573 2458 683 2486 decimo
707 2458 793 2486 movit
817 2458 972 2487 exercitum

179 2506 331 2534 Masalmas
346 2509 444 2533 contra
463 2504 618 2532 Caesaream
644 2504 838 2539 Cappadocia,
855 2507 883 2532 et
897 2504 972 2540 cepit

179 2560 252 2581 eam.
268 2551 394 2580 Mauhias
406 2559 472 2580 vero
488 2550 560 2579 ﬁlius
577 2550 682 2578 ﬂisami
699 2551 786 2579 aciem
802 2551 888 2579 movit
900 2558 972 2579 con-

180 2604 223 2628 tra
249 2599 432 2630 Romanism.
458 2602 487 2626 et
509 2605 573 2625 cum
596 2597 818 2629 deambulasset,
842 2604 972 2626 reversus

179 2650 234 2674 est.
258 2645 289 2673 ln
314 2645 375 2680 ipso
400 2651 475 2672 anno
496 2644 591 2672 astivo
613 2648 737 2679 tempore
760 2650 858 2678 vapor,
884 2647 916 2671 ut
937 2651 970 2671 es

180 2690 292 2718 camino
314 2690 399 2727 ignis,
423 2690 502 2718 visus
525 2693 569 2718 est
588 2688 709 2717 ebullire
726 2688 799 2717 inter
822 2687 928 2717 Therae
943 2691 972 2717 et

181 2735 330 2765 Therasias
348 2736 456 2765 insulas
478 2743 512 2764 ex
532 2735 672 2771 profundo
694 2735 782 2763 maris
797 2742 847 2770 per
866 2734 973 2770 aliquot

181 2781 253 2811 dies.
276 2781 337 2815 Quo
360 2782 493 2818 paulatim
518 2781 676 2809 incrassato
697 2785 725 2809 et
751 2779 868 2808 dilatato
891 2778 970 2815 igniti

1023 2323 1205 2350 secutionem.
1218 2320 1270 2348 Per
1281 2320 1406 2347 aestivum
1414 2326 1481 2346 vero
1492 2318 1639 2346 solstitium
1652 2317 1735 2351 hujus
1744 2316 1818 2344 deci<

1023 2376 1074 2395 ma:
1089 2366 1260 2398 indictionis,
1278 2369 1343 2400 post
1367 2372 1486 2399 nequam
1502 2364 1536 2391 dc
1551 2363 1754 2391 contribulibus
1769 2370 1816 2390 ac-

1022 2417 1129 2447 ceptam
1147 2411 1306 2443 victoriam,
1329 2415 1426 2438 contra
1457 2409 1667 2445 Bithynensium
1697 2408 1816 2436 Nicaeam

1022 2458 1147 2494 praelium
1157 2460 1324 2484 construunt
1332 2456 1534 2484 Saracenorum
1544 2454 1646 2482 amerei
1658 2454 1723 2488 duo,
1735 2454 1826 2481 Amer

1023 2504 1128 2533 scilicet
1141 2504 1168 2531 in
1182 2503 1303 2531 millibus
1314 2502 1472 2538 quindecim
1490 2501 1682 2537 expeditorum
1698 2507 1818 2536 praecur-

1023 2557 1088 2578 rens
1109 2553 1136 2576 et
1156 2550 1321 2585 imparatam
1334 2547 1510 2576 oircumdans
1525 2547 1674 2577 civitatem,
1699 2549 1726 2572 et
1744 2543 1819 2570 Mau-

1025 2597 1087 2624 hias
1104 2596 1277 2630 subsequens
1293 2595 1318 2621 in
1337 2594 1397 2622 aliis
1418 2593 1579 2627 ocluaginta
1595 2591 1717 2626 quinque
1734 2590 1818 2617 milli-

1023 2641 1093 2674 bus-;
1109 2649 1171 2676 quaa
1186 2645 1249 2676 post
1264 2640 1377 2666 multam
1390 2638 1574 2671 obsidionem,
1586 2642 1614 2665 et
1623 2636 1816 2672 particularem

1024 2696 1167 2716 murorum
1183 2687 1358 2716 eversionem
1375 2686 1446 2713 hanc
1477 2684 1589 2721 quidem
1609 2692 1663 2711 non
1687 2683 1816 2710 obtinue-

1022 2739 1098 2768 runt,
1118 2735 1188 2762 bene
1199 2733 1320 2768 acceptis
1335 2737 1493 2761 sanctorum
1509 2731 1621 2758 Patrum
1636 2729 1766 2765 precibus
1782 2728 1818 2756 ad

1022 2782 1109 2811 Deum
1124 2780 1246 2814 directis,
1259 2783 1287 2808 et
1300 2778 1521 2808 sanctiﬁcatione
1536 2777 1652 2805 faciente
1669 2775 1815 2804 venerabi-

219 2885 276 2920 (77)
308 2883 420 2920 Rej'ugu.
454 2884 650 2913 Glossarium:
671 2883 831 2920 amatam;
862 2836 980 2920 wing}:J

1022 2837 1198 2920 lliiodoardus
1210 2882 1238 2915 5,
1250 2882 1302 2920 18)
1320 2890 1330 2907 ‹
1347 2880 1529 2920 puo_quoda_m
1540 2860 1646 2916 refuga,
1656 2879 1703 2920 qui
1715 2886 1818 2914 quae

184 2917 356 2951 Glossarium
377 2917 506 2950 'Dosithci
535 2921 659 2957 magistri
678 2927 685 2947 :
703 2917 828 2955 apo'stata
858 2917 965 2953 refuga.

1021 2918 1086 2947 dam
1099 2916 1338 2948 sanctimonialem
1358 2916 1411 2945 sibi
1427 2916 1616 2952 copulaverat.
1632 2924 1643 2942 υ
1658 2916 1743 2943 Γηι.
