  <div class='ocr_page' id='page_1' title='image "/cluster/home/n/w/nwhite01/storage/ocr_20150623/108/njp.32101077772919/721.png"; bbox 0 0 2052 3153; ppageno 0'>
   <div class='ocr_carea' id='block_1_1' title="bbox 232 202 302 235">
    <p class='ocr_par' dir='ltr' id='par_1_1' title="bbox 232 202 302 235">
     <span class='ocr_line' id='line_1_1' title="bbox 232 202 302 235; baseline 0 0"><span class='ocrx_word' id='word_1_1' title='bbox 232 202 302 235; x_wconf 76' lang='lat'><strong>1353</strong></span> 
     </span>
    </p>
   </div>
   <div class='ocr_carea' id='block_1_2' title="bbox 785 202 1321 235">
    <p class='ocr_par' dir='ltr' id='par_1_2' title="bbox 785 202 1321 235">
     <span class='ocr_line' id='line_1_2' title="bbox 785 202 1321 235; baseline 0 -1"><span class='ocrx_word' id='word_1_2' title='bbox 785 203 987 235; x_wconf 80' lang='lat' dir='ltr'><strong>ANASTASII</strong></span> <span class='ocrx_word' id='word_1_3' title='bbox 1002 202 1321 234; x_wconf 78' lang='lat' dir='ltr'><strong>BlBLIOTHECARlI</strong></span> 
     </span>
    </p>
   </div>
   <div class='ocr_carea' id='block_1_3' title="bbox 1801 196 1874 233">
    <p class='ocr_par' dir='ltr' id='par_1_3' title="bbox 1801 196 1874 233">
     <span class='ocr_line' id='line_1_3' title="bbox 1801 196 1874 233; baseline 0.027 -2"><span class='ocrx_word' id='word_1_4' title='bbox 1801 196 1874 233; x_wconf 62' lang='grc'><strong>1364</strong></span> 
     </span>
    </p>
   </div>
   <div class='ocr_carea' id='block_1_4' title="bbox 229 257 1873 295">
    <p class='ocr_par' dir='ltr' id='par_1_4' title="bbox 229 257 1873 295">
     <span class='ocr_line' id='line_1_4' title="bbox 229 257 1873 295; baseline 0.001 -11"><span class='ocrx_word' id='word_1_5' title='bbox 229 257 263 285; x_wconf 85' lang='lat' dir='ltr'><strong>lis</strong></span> <span class='ocrx_word' id='word_1_6' title='bbox 280 257 385 293; x_wconf 83' lang='lat' dir='ltr'><strong>templi,</strong></span> <span class='ocrx_word' id='word_1_7' title='bbox 402 257 449 285; x_wconf 88' lang='lat' dir='ltr'><strong>ubi</strong></span> <span class='ocrx_word' id='word_1_8' title='bbox 479 257 505 285; x_wconf 90' lang='lat' dir='ltr'><strong>in</strong></span> <span class='ocrx_word' id='word_1_9' title='bbox 523 257 648 286; x_wconf 83' lang='lat' dir='ltr'><strong>colendis</strong></span> <span class='ocrx_word' id='word_1_10' title='bbox 665 257 725 285; x_wconf 87' lang='lat' dir='ltr'><strong>suis</strong></span> <span class='ocrx_word' id='word_1_11' title='bbox 741 257 949 286; x_wconf 84' lang='lat' dir='ltr'><strong>characteribus</strong></span> <span class='ocrx_word' id='word_1_12' title='bbox 966 258 1021 286; x_wconf 91' lang='lat' dir='ltr'><strong>erl-</strong></span> <span class='ocrx_word' id='word_1_13' title='bbox 1035 262 1059 290; x_wconf 77' lang='grc' dir='ltr'><strong>Α</strong></span> <span class='ocrx_word' id='word_1_14' title='bbox 1074 267 1256 295; x_wconf 74' lang='lat' dir='ltr'><strong>sun-musque</strong></span> <span class='ocrx_word' id='word_1_15' title='bbox 1283 259 1414 287; x_wconf 75' lang='lat' dir='ltr'><strong>sacerdos</strong></span> <span class='ocrx_word' id='word_1_16' title='bbox 1435 258 1505 287; x_wconf 82' lang='lat' dir='ltr'><strong>dixit</strong></span> <span class='ocrx_word' id='word_1_17' title='bbox 1521 259 1555 286; x_wconf 83' lang='lat' dir='ltr'><strong>ad</strong></span> <span class='ocrx_word' id='word_1_18' title='bbox 1571 265 1633 286; x_wconf 87' lang='lat' dir='ltr'><strong>eum</strong></span> <span class='ocrx_word' id='word_1_19' title='bbox 1649 267 1657 285; x_wconf 88' lang='lat'><em>:</em></span> <span class='ocrx_word' id='word_1_20' title='bbox 1675 257 1873 292; x_wconf 83' lang='lat' dir='ltr'><strong>Depositionem</strong></span> 
     </span>
    </p>
   </div>
   <div class='ocr_carea' id='block_1_5' title="bbox 231 303 1026 340">
    <p class='ocr_par' dir='ltr' id='par_1_5' title="bbox 231 303 1026 340">
     <span class='ocr_line' id='line_1_5' title="bbox 231 303 1026 340; baseline 0.001 -9"><span class='ocrx_word' id='word_1_21' title='bbox 231 307 347 340; x_wconf 86' lang='lat' dir='ltr'><strong>guntur,</strong></span> <span class='ocrx_word' id='word_1_22' title='bbox 363 308 389 332; x_wconf 90' lang='lat' dir='ltr'><strong>et</strong></span> <span class='ocrx_word' id='word_1_23' title='bbox 406 311 493 338; x_wconf 87' lang='lat' dir='ltr'><strong>usque</strong></span> <span class='ocrx_word' id='word_1_24' title='bbox 508 311 580 330; x_wconf 86' lang='lat' dir='ltr'><strong>nunc</strong></span> <span class='ocrx_word' id='word_1_25' title='bbox 593 303 628 331; x_wconf 87' lang='lat' dir='ltr'><strong>ab</strong></span> <span class='ocrx_word' id='word_1_26' title='bbox 653 303 697 332; x_wconf 88' lang='lat' dir='ltr'><strong>his</strong></span> <span class='ocrx_word' id='word_1_27' title='bbox 715 304 762 339; x_wconf 90' lang='lat' dir='ltr'><strong>qui</strong></span> <span class='ocrx_word' id='word_1_28' title='bbox 775 304 816 332; x_wconf 89' lang='lat' dir='ltr'><strong>eis</strong></span> <span class='ocrx_word' id='word_1_29' title='bbox 832 304 939 332; x_wconf 81' lang='lat' dir='ltr'><strong>similes</strong></span> <span class='ocrx_word' id='word_1_30' title='bbox 958 309 1026 333; x_wconf 82' lang='lat' dir='ltr'><strong>sunt</strong></span> 
     </span>
    </p>
   </div>
   <div class='ocr_carea' id='block_1_6' title="bbox 234 349 1026 386">
    <p class='ocr_par' dir='ltr' id='par_1_6' title="bbox 234 349 1026 386">
     <span class='ocr_line' id='line_1_6' title="bbox 234 349 1026 386; baseline 0 -8"><span class='ocrx_word' id='word_1_31' title='bbox 234 351 419 378; x_wconf 77' lang='lat' dir='ltr'><strong>honorantur.</strong></span> <span class='ocrx_word' id='word_1_32' title='bbox 434 349 571 377; x_wconf 65' lang='lat' dir='ltr'><strong>Praeterea</strong></span> <span class='ocrx_word' id='word_1_33' title='bbox 582 349 785 378; x_wconf 87' lang='lat' dir='ltr'><strong>Constantinus</strong></span> <span class='ocrx_word' id='word_1_34' title='bbox 797 350 911 386; x_wconf 88' lang='lat' dir='ltr'><strong>quidam</strong></span> <span class='ocrx_word' id='word_1_35' title='bbox 923 354 1026 378; x_wconf 89' lang='lat' dir='ltr'><strong>strator</strong></span> 
     </span>
    </p>
   </div>
   <div class='ocr_carea' id='block_1_7' title="bbox 231 394 1024 432">
    <p class='ocr_par' dir='ltr' id='par_1_7' title="bbox 231 394 1024 432">
     <span class='ocr_line' id='line_1_7' title="bbox 231 394 1024 432; baseline 0 -9"><span class='ocrx_word' id='word_1_36' title='bbox 231 394 378 424; x_wconf 84' lang='lat' dir='ltr'><strong>Artabasdi</strong></span> <span class='ocrx_word' id='word_1_37' title='bbox 395 394 493 423; x_wconf 88' lang='lat' dir='ltr'><strong>videns</strong></span> <span class='ocrx_word' id='word_1_38' title='bbox 509 394 656 430; x_wconf 81' lang='lat' dir='ltr'><strong>imaginem</strong></span> <span class='ocrx_word' id='word_1_39' title='bbox 669 394 716 422; x_wconf 83' lang='lat' dir='ltr'><strong>Dei</strong></span> <span class='ocrx_word' id='word_1_40' title='bbox 731 394 881 423; x_wconf 78' lang='lat' dir='ltr'><strong>Genitn’cis</strong></span> <span class='ocrx_word' id='word_1_41' title='bbox 891 399 1024 432; x_wconf 86' lang='lat' dir='ltr'><strong>stantem,</strong></span> 
     </span>
    </p>
   </div>
   <div class='ocr_carea' id='block_1_8' title="bbox 231 440 1027 478">
    <p class='ocr_par' dir='ltr' id='par_1_8' title="bbox 231 440 1027 478">
     <span class='ocr_line' id='line_1_8' title="bbox 231 440 1027 478; baseline 0.001 -9"><span class='ocrx_word' id='word_1_42' title='bbox 231 441 434 478; x_wconf 78' lang='lat' dir='ltr'><strong>apprehensum</strong></span> <span class='ocrx_word' id='word_1_43' title='bbox 452 440 570 476; x_wconf 85' lang='lat' dir='ltr'><strong>lapidem</strong></span> <span class='ocrx_word' id='word_1_44' title='bbox 587 441 734 469; x_wconf 85' lang='lat' dir='ltr'><strong>adversum</strong></span> <span class='ocrx_word' id='word_1_45' title='bbox 754 449 814 469; x_wconf 82' lang='lat' dir='ltr'><strong>eam</strong></span> <span class='ocrx_word' id='word_1_46' title='bbox 843 442 974 478; x_wconf 79' lang='lat' dir='ltr'><strong>projecit,</strong></span> <span class='ocrx_word' id='word_1_47' title='bbox 998 447 1027 470; x_wconf 90' lang='lat' dir='ltr'><strong>et</strong></span> 
     </span>
    </p>
   </div>
   <div class='ocr_carea' id='block_1_9' title="bbox 231 486 1026 521">
    <p class='ocr_par' dir='ltr' id='par_1_9' title="bbox 231 486 1026 521">
     <span class='ocr_line' id='line_1_9' title="bbox 231 486 1026 521; baseline 0.003 -6"><span class='ocrx_word' id='word_1_48' title='bbox 231 488 372 521; x_wconf 77' lang='lat' dir='ltr'><strong>contrivit,</strong></span> <span class='ocrx_word' id='word_1_49' title='bbox 389 491 415 515; x_wconf 81' lang='lat' dir='ltr'><strong>et</strong></span> <span class='ocrx_word' id='word_1_50' title='bbox 432 495 494 515; x_wconf 89' lang='lat' dir='ltr'><strong>cum</strong></span> <span class='ocrx_word' id='word_1_51' title='bbox 526 486 673 515; x_wconf 80' lang='lat' dir='ltr'><strong>cecidisset</strong></span> <span class='ocrx_word' id='word_1_52' title='bbox 686 486 802 515; x_wconf 82' lang='lat' dir='ltr'><strong>calcavit</strong></span> <span class='ocrx_word' id='word_1_53' title='bbox 817 495 825 520; x_wconf 89' lang='lat'><strong>;</strong></span> <span class='ocrx_word' id='word_1_54' title='bbox 860 492 887 515; x_wconf 88' lang='lat' dir='ltr'><strong>et</strong></span> <span class='ocrx_word' id='word_1_55' title='bbox 908 487 982 516; x_wconf 84' lang='lat' dir='ltr'><strong>videt</strong></span> <span class='ocrx_word' id='word_1_56' title='bbox 999 488 1026 517; x_wconf 85' lang='lat' dir='ltr'><strong>in</strong></span> 
     </span>
    </p>
   </div>
   <div class='ocr_carea' id='block_1_10' title="bbox 231 532 1027 566">
    <p class='ocr_par' dir='ltr' id='par_1_10' title="bbox 231 532 1027 566">
     <span class='ocr_line' id='line_1_10' title="bbox 231 532 1027 566; baseline 0 -4"><span class='ocrx_word' id='word_1_57' title='bbox 231 534 337 565; x_wconf 86' lang='lat' dir='ltr'><strong>somnis</strong></span> <span class='ocrx_word' id='word_1_58' title='bbox 354 537 490 561; x_wconf 83' lang='lat' dir='ltr'><strong>astantem</strong></span> <span class='ocrx_word' id='word_1_59' title='bbox 509 533 561 561; x_wconf 86' lang='lat' dir='ltr'><strong>sibi</strong></span> <span class='ocrx_word' id='word_1_60' title='bbox 575 532 732 566; x_wconf 83' lang='lat' dir='ltr'><strong>Dominam,</strong></span> <span class='ocrx_word' id='word_1_61' title='bbox 745 537 773 561; x_wconf 91' lang='lat' dir='ltr'><strong>et</strong></span> <span class='ocrx_word' id='word_1_62' title='bbox 787 534 924 562; x_wconf 80' lang='lat' dir='ltr'><strong>dicentem</strong></span> <span class='ocrx_word' id='word_1_63' title='bbox 946 544 953 562; x_wconf 88' lang='lat'><strong>:</strong></span> <span class='ocrx_word' id='word_1_64' title='bbox 968 534 1027 562; x_wconf 76' lang='grc' dir='ltr'><strong>Νο-</strong></span> 
     </span>
    </p>
   </div>
   <div class='ocr_carea' id='block_1_11' title="bbox 231 579 1027 616">
    <p class='ocr_par' dir='ltr' id='par_1_11' title="bbox 231 579 1027 616">
     <span class='ocr_line' id='line_1_11' title="bbox 231 579 1027 616; baseline 0.001 -9"><span class='ocrx_word' id='word_1_65' title='bbox 231 581 268 607; x_wconf 86' lang='lat' dir='ltr'><strong>sti</strong></span> <span class='ocrx_word' id='word_1_66' title='bbox 282 587 364 616; x_wconf 82' lang='lat' dir='ltr'><strong>quam</strong></span> <span class='ocrx_word' id='word_1_67' title='bbox 383 584 484 607; x_wconf 81' lang='lat' dir='ltr'><strong>sontem</strong></span> <span class='ocrx_word' id='word_1_68' title='bbox 504 579 531 606; x_wconf 84' lang='lat' dir='ltr'><strong>iu</strong></span> <span class='ocrx_word' id='word_1_69' title='bbox 544 587 584 606; x_wconf 75' lang='lat' dir='ltr'><strong>me</strong></span> <span class='ocrx_word' id='word_1_70' title='bbox 593 587 702 606; x_wconf 83' lang='lat' dir='ltr'><strong>causam</strong></span> <span class='ocrx_word' id='word_1_71' title='bbox 714 579 797 614; x_wconf 78' lang='lat' dir='ltr'><strong>{ueris</strong></span> <span class='ocrx_word' id='word_1_72' title='bbox 809 585 936 614; x_wconf 74' lang='lat' dir='ltr'><strong>operatus</strong></span> <span class='ocrx_word' id='word_1_73' title='bbox 949 588 1027 609; x_wconf 78' lang='lat' dir='ltr'><strong>:oers</strong></span> 
     </span>
    </p>
   </div>
   <div class='ocr_carea' id='block_1_12' title="bbox 232 619 1028 662">
    <p class='ocr_par' dir='ltr' id='par_1_12' title="bbox 232 619 1028 662">
     <span class='ocr_line' id='line_1_12' title="bbox 232 619 1028 662; baseline 0.004 -8"><span class='ocrx_word' id='word_1_74' title='bbox 232 619 328 655; x_wconf 60' lang='lat' dir='ltr'><strong>contra</strong></span> <span class='ocrx_word' id='word_1_75' title='bbox 353 632 430 662; x_wconf 80' lang='lat' dir='ltr'><strong>caput</strong></span> <span class='ocrx_word' id='word_1_76' title='bbox 457 632 533 654; x_wconf 83' lang='lat' dir='ltr'><strong>tuum</strong></span> <span class='ocrx_word' id='word_1_77' title='bbox 562 627 611 654; x_wconf 81' lang='lat' dir='ltr'><strong>hoc</strong></span> <span class='ocrx_word' id='word_1_78' title='bbox 631 626 727 661; x_wconf 77' lang='lat' dir='ltr'><strong>fecisti.</strong></span> <span class='ocrx_word' id='word_1_79' title='bbox 749 627 863 656; x_wconf 88' lang='lat' dir='ltr'><strong>Postera</strong></span> <span class='ocrx_word' id='word_1_80' title='bbox 899 635 965 656; x_wconf 89' lang='lat' dir='ltr'><strong>vero</strong></span> <span class='ocrx_word' id='word_1_81' title='bbox 984 628 1028 657; x_wconf 85' lang='lat' dir='ltr'><strong>die</strong></span> 
     </span>
    </p>
   </div>
   <div class='ocr_carea' id='block_1_13' title="bbox 233 673 1028 712">
    <p class='ocr_par' dir='ltr' id='par_1_13' title="bbox 233 673 1028 712">
     <span class='ocr_line' id='line_1_13' title="bbox 233 673 1028 712; baseline 0 -10"><span class='ocrx_word' id='word_1_82' title='bbox 233 681 296 712; x_wconf 78' lang='lat' dir='ltr'><strong>cum</strong></span> <span class='ocrx_word' id='word_1_83' title='bbox 314 673 445 701; x_wconf 82' lang='lat' dir='ltr'><strong>Saraceni</strong></span> <span class='ocrx_word' id='word_1_84' title='bbox 466 673 600 702; x_wconf 85' lang='lat' dir='ltr'><strong>adversus</strong></span> <span class='ocrx_word' id='word_1_85' title='bbox 615 681 726 702; x_wconf 88' lang='lat' dir='ltr'><strong>murum</strong></span> <span class='ocrx_word' id='word_1_86' title='bbox 752 674 940 703; x_wconf 88' lang='lat' dir='ltr'><strong>incursionem</strong></span> <span class='ocrx_word' id='word_1_87' title='bbox 954 674 1028 703; x_wconf 87' lang='lat' dir='ltr'><strong>face-</strong></span> 
     </span>
    </p>
   </div>
   <div class='ocr_carea' id='block_1_14' title="bbox 232 719 1028 756">
    <p class='ocr_par' dir='ltr' id='par_1_14' title="bbox 232 719 1028 756">
     <span class='ocr_line' id='line_1_14' title="bbox 232 719 1028 756; baseline 0 -8"><span class='ocrx_word' id='word_1_88' title='bbox 232 723 295 748; x_wconf 88' lang='lat' dir='ltr'><strong>rent</strong></span> <span class='ocrx_word' id='word_1_89' title='bbox 319 724 348 748; x_wconf 84' lang='lat' dir='ltr'><strong>et</strong></span> <span class='ocrx_word' id='word_1_90' title='bbox 365 723 494 756; x_wconf 73' lang='lat' dir='ltr'><strong>ageretur</strong></span> <span class='ocrx_word' id='word_1_91' title='bbox 515 719 628 751; x_wconf 86' lang='lat' dir='ltr'><strong>bellum.</strong></span> <span class='ocrx_word' id='word_1_92' title='bbox 661 727 777 749; x_wconf 83' lang='lat' dir='ltr'><strong>currens</strong></span> <span class='ocrx_word' id='word_1_93' title='bbox 796 720 831 748; x_wconf 84' lang='lat' dir='ltr'><strong>ad</strong></span> <span class='ocrx_word' id='word_1_94' title='bbox 858 728 968 748; x_wconf 87' lang='lat' dir='ltr'><strong>murum</strong></span> <span class='ocrx_word' id='word_1_95' title='bbox 998 725 1028 748; x_wconf 93' lang='lat' dir='ltr'><strong>ut</strong></span> 
     </span>
    </p>
   </div>
   <div class='ocr_carea' id='block_1_15' title="bbox 233 765 1028 802">
    <p class='ocr_par' dir='ltr' id='par_1_15' title="bbox 233 765 1028 802">
     <span class='ocr_line' id='line_1_15' title="bbox 233 765 1028 802; baseline 0.001 -8"><span class='ocrx_word' id='word_1_96' title='bbox 233 765 316 794; x_wconf 87' lang='lat' dir='ltr'><strong>fortis</strong></span> <span class='ocrx_word' id='word_1_97' title='bbox 333 766 412 793; x_wconf 86' lang='lat' dir='ltr'><strong>miles</strong></span> <span class='ocrx_word' id='word_1_98' title='bbox 427 765 523 794; x_wconf 77' lang='lat' dir='ltr'><strong>infelix</strong></span> <span class='ocrx_word' id='word_1_99' title='bbox 535 765 581 794; x_wconf 85' lang='lat' dir='ltr'><strong>ille</strong></span> <span class='ocrx_word' id='word_1_100' title='bbox 595 766 707 800; x_wconf 73' lang='lat' dir='ltr'><strong>eiicitur</strong></span> <span class='ocrx_word' id='word_1_101' title='bbox 726 773 741 794; x_wconf 87' lang='lat' dir='ltr'><strong>a</strong></span> <span class='ocrx_word' id='word_1_102' title='bbox 754 766 845 802; x_wconf 86' lang='lat' dir='ltr'><strong>lapide</strong></span> <span class='ocrx_word' id='word_1_103' title='bbox 860 766 1028 795; x_wconf 76' lang='lat' dir='ltr'><strong>transmisso</strong></span> 
     </span>
    </p>
   </div>
   <div class='ocr_carea' id='block_1_16' title="bbox 232 812 1028 848">
    <p class='ocr_par' dir='ltr' id='par_1_16' title="bbox 232 812 1028 848">
     <span class='ocr_line' id='line_1_16' title="bbox 232 812 1028 848; baseline -0.003 -6"><span class='ocrx_word' id='word_1_104' title='bbox 232 819 266 842; x_wconf 76' lang='lat' dir='ltr'><strong>ex</strong></span> <span class='ocrx_word' id='word_1_105' title='bbox 286 819 434 847; x_wconf 84' lang='lat' dir='ltr'><strong>mangano,</strong></span> <span class='ocrx_word' id='word_1_106' title='bbox 454 816 482 840; x_wconf 91' lang='lat' dir='ltr'><strong>et</strong></span> <span class='ocrx_word' id='word_1_107' title='bbox 495 812 644 842; x_wconf 86' lang='lat' dir='ltr'><strong>contritum</strong></span> <span class='ocrx_word' id='word_1_108' title='bbox 660 817 705 840; x_wconf 86' lang='lat' dir='ltr'><strong>est</strong></span> <span class='ocrx_word' id='word_1_109' title='bbox 719 817 802 848; x_wconf 86' lang='lat' dir='ltr'><strong>caput</strong></span> <span class='ocrx_word' id='word_1_110' title='bbox 818 812 880 848; x_wconf 83' lang='lat' dir='ltr'><strong>ejus</strong></span> <span class='ocrx_word' id='word_1_111' title='bbox 893 817 921 841; x_wconf 89' lang='lat' dir='ltr'><strong>et</strong></span> <span class='ocrx_word' id='word_1_112' title='bbox 932 813 1028 846; x_wconf 69' lang='lat' dir='ltr'><strong>facies,</strong></span> 
     </span>
    </p>
   </div>
   <div class='ocr_carea' id='block_1_17' title="bbox 235 857 1029 899">
    <p class='ocr_par' dir='ltr' id='par_1_17' title="bbox 235 857 1029 899">
     <span class='ocr_line' id='line_1_17' title="bbox 235 857 1029 899; baseline 0 -13"><span class='ocrx_word' id='word_1_113' title='bbox 235 858 344 899; x_wconf 75' lang='lat' dir='ltr'><strong>dignam</strong></span> <span class='ocrx_word' id='word_1_114' title='bbox 360 857 510 893; x_wconf 81' lang='lat' dir='ltr'><strong>impietatis</strong></span> <span class='ocrx_word' id='word_1_115' title='bbox 536 865 594 887; x_wconf 70' lang='lat' dir='ltr'><strong>sua:</strong></span> <span class='ocrx_word' id='word_1_116' title='bbox 613 858 825 886; x_wconf 88' lang='lat' dir='ltr'><strong>retributionem</strong></span> <span class='ocrx_word' id='word_1_117' title='bbox 853 858 1029 894; x_wconf 77' lang='lat' dir='ltr'><strong>percipiens;</strong></span> 
     </span>
    </p>
   </div>
   <div class='ocr_carea' id='block_1_18' title="bbox 233 903 1030 940">
    <p class='ocr_par' dir='ltr' id='par_1_18' title="bbox 233 903 1030 940">
     <span class='ocr_line' id='line_1_18' title="bbox 233 903 1030 940; baseline 0.001 -8"><span class='ocrx_word' id='word_1_118' title='bbox 233 903 478 940; x_wconf 81' lang='lat' dir='ltr'><strong>praedaquemulta</strong></span> <span class='ocrx_word' id='word_1_119' title='bbox 486 908 514 931; x_wconf 88' lang='lat' dir='ltr'><strong>et</strong></span> <span class='ocrx_word' id='word_1_120' title='bbox 524 904 631 932; x_wconf 78' lang='lat' dir='ltr'><strong>exuviis</strong></span> <span class='ocrx_word' id='word_1_121' title='bbox 642 903 774 932; x_wconf 83' lang='lat' dir='ltr'><strong>Saraceni</strong></span> <span class='ocrx_word' id='word_1_122' title='bbox 787 905 914 933; x_wconf 82' lang='lat' dir='ltr'><strong>collectis</strong></span> <span class='ocrx_word' id='word_1_123' title='bbox 921 905 1030 933; x_wconf 81' lang='lat' dir='ltr'><strong>reversi</strong></span> 
     </span>
    </p>
   </div>
   <div class='ocr_carea' id='block_1_19' title="bbox 234 939 1066 986">
    <p class='ocr_par' dir='ltr' id='par_1_19' title="bbox 234 939 1066 986">
     <span class='ocr_line' id='line_1_19' title="bbox 234 939 1066 986; baseline 0 -8"><span class='ocrx_word' id='word_1_124' title='bbox 234 939 310 983; x_wconf 75' lang='lat' dir='ltr'><strong>sunt,</strong></span> <span class='ocrx_word' id='word_1_125' title='bbox 321 939 484 978; x_wconf 70' lang='lat' dir='ltr'><strong>ostendente</strong></span> <span class='ocrx_word' id='word_1_126' title='bbox 498 951 555 977; x_wconf 90' lang='lat' dir='ltr'><strong>Deo</strong></span> <span class='ocrx_word' id='word_1_127' title='bbox 570 950 598 978; x_wconf 90' lang='lat' dir='ltr'><strong>in</strong></span> <span class='ocrx_word' id='word_1_128' title='bbox 618 949 670 978; x_wconf 86' lang='lat' dir='ltr'><strong>hoc</strong></span> <span class='ocrx_word' id='word_1_129' title='bbox 688 950 771 978; x_wconf 87' lang='lat' dir='ltr'><strong>etiam</strong></span> <span class='ocrx_word' id='word_1_130' title='bbox 785 950 872 985; x_wconf 89' lang='lat' dir='ltr'><strong>impio</strong></span> <span class='ocrx_word' id='word_1_131' title='bbox 886 950 936 983; x_wconf 86' lang='lat' dir='ltr'><strong>illi,</strong></span> <span class='ocrx_word' id='word_1_132' title='bbox 953 951 1026 986; x_wconf 86' lang='lat' dir='ltr'><strong>quod</strong></span> <span class='ocrx_word' id='word_1_133' title='bbox 1045 939 1066 966; x_wconf 71' lang='grc' dir='ltr'><strong><em>Β</em></strong></span> 
     </span>
    </p>
   </div>
   <div class='ocr_carea' id='block_1_20' title="bbox 233 996 1029 1032">
    <p class='ocr_par' dir='ltr' id='par_1_20' title="bbox 233 996 1029 1032">
     <span class='ocr_line' id='line_1_20' title="bbox 233 996 1029 1032; baseline 0.001 -9"><span class='ocrx_word' id='word_1_134' title='bbox 233 1005 288 1024; x_wconf 84' lang='lat' dir='ltr'><strong>non</strong></span> <span class='ocrx_word' id='word_1_135' title='bbox 309 1000 420 1032; x_wconf 79' lang='lat' dir='ltr'><strong>propter</strong></span> <span class='ocrx_word' id='word_1_136' title='bbox 437 996 580 1032; x_wconf 83' lang='lat' dir='ltr'><strong>pietatem,</strong></span> <span class='ocrx_word' id='word_1_137' title='bbox 590 1001 619 1024; x_wconf 90' lang='lat' dir='ltr'><strong>ut</strong></span> <span class='ocrx_word' id='word_1_138' title='bbox 633 996 678 1024; x_wconf 89' lang='lat' dir='ltr'><strong>ille</strong></span> <span class='ocrx_word' id='word_1_139' title='bbox 691 996 864 1030; x_wconf 79' lang='lat' dir='ltr'><strong>dilfamabat,</strong></span> <span class='ocrx_word' id='word_1_140' title='bbox 876 997 911 1024; x_wconf 91' lang='lat' dir='ltr'><strong>de</strong></span> <span class='ocrx_word' id='word_1_141' title='bbox 923 997 1029 1025; x_wconf 88' lang='lat' dir='ltr'><strong>contri-</strong></span> 
     </span>
    </p>
   </div>
   <div class='ocr_carea' id='block_1_21' title="bbox 235 1040 1029 1076">
    <p class='ocr_par' dir='ltr' id='par_1_21' title="bbox 235 1040 1029 1076">
     <span class='ocr_line' id='line_1_21' title="bbox 235 1040 1029 1076; baseline 0 -8"><span class='ocrx_word' id='word_1_142' title='bbox 235 1042 347 1069; x_wconf 85' lang='lat' dir='ltr'><strong>bulibns</strong></span> <span class='ocrx_word' id='word_1_143' title='bbox 360 1041 586 1076; x_wconf 81' lang='lat' dir='ltr'><strong>triumphaverit,</strong></span> <span class='ocrx_word' id='word_1_144' title='bbox 597 1041 644 1069; x_wconf 77' lang='lat' dir='ltr'><strong>sed</strong></span> <span class='ocrx_word' id='word_1_145' title='bbox 656 1045 767 1076; x_wconf 90' lang='lat' dir='ltr'><strong>propter</strong></span> <span class='ocrx_word' id='word_1_146' title='bbox 782 1040 907 1069; x_wconf 87' lang='lat' dir='ltr'><strong>divinum</strong></span> <span class='ocrx_word' id='word_1_147' title='bbox 918 1046 945 1068; x_wconf 83' lang='lat' dir='ltr'><strong>et</strong></span> <span class='ocrx_word' id='word_1_148' title='bbox 959 1040 1029 1068; x_wconf 86' lang='lat' dir='ltr'><strong>inef-</strong></span> 
     </span>
    </p>
   </div>
   <div class='ocr_carea' id='block_1_22' title="bbox 236 1086 1029 1123">
    <p class='ocr_par' dir='ltr' id='par_1_22' title="bbox 236 1086 1029 1123">
     <span class='ocr_line' id='line_1_22' title="bbox 236 1086 1029 1123; baseline 0 -9"><span class='ocrx_word' id='word_1_149' title='bbox 236 1087 318 1114; x_wconf 82' lang='lat' dir='ltr'><strong>fabile</strong></span> <span class='ocrx_word' id='word_1_150' title='bbox 334 1086 472 1123; x_wconf 85' lang='lat' dir='ltr'><strong>quoddam</strong></span> <span class='ocrx_word' id='word_1_151' title='bbox 489 1086 639 1121; x_wconf 81' lang='lat' dir='ltr'><strong>judicium,</strong></span> <span class='ocrx_word' id='word_1_152' title='bbox 656 1086 808 1115; x_wconf 82' lang='lat' dir='ltr'><strong>retundens</strong></span> <span class='ocrx_word' id='word_1_153' title='bbox 824 1094 857 1115; x_wconf 83' lang='lat' dir='ltr'><strong>ac</strong></span> <span class='ocrx_word' id='word_1_154' title='bbox 884 1094 1029 1115; x_wconf 77' lang='lat' dir='ltr'><strong>removens</strong></span> 
     </span>
    </p>
   </div>
   <div class='ocr_carea' id='block_1_23' title="bbox 236 1131 1030 1167">
    <p class='ocr_par' dir='ltr' id='par_1_23' title="bbox 236 1131 1030 1167">
     <span class='ocr_line' id='line_1_23' title="bbox 236 1131 1030 1167; baseline 0 -7"><span class='ocrx_word' id='word_1_155' title='bbox 236 1133 397 1167; x_wconf 74' lang='lat' dir='ltr'><strong>huiusmodi</strong></span> <span class='ocrx_word' id='word_1_156' title='bbox 422 1132 572 1161; x_wconf 79' lang='lat' dir='ltr'><strong>Arabicam</strong></span> <span class='ocrx_word' id='word_1_157' title='bbox 600 1131 790 1161; x_wconf 80' lang='lat' dir='ltr'><strong>fortitudinem</strong></span> <span class='ocrx_word' id='word_1_158' title='bbox 823 1139 839 1160; x_wconf 89' lang='lat' dir='ltr'><strong>a</strong></span> <span class='ocrx_word' id='word_1_159' title='bbox 868 1137 1030 1160; x_wconf 86' lang='lat' dir='ltr'><strong>sanctorum</strong></span> 
     </span>
    </p>
   </div>
   <div class='ocr_carea' id='block_1_24' title="bbox 234 1177 1030 1213">
    <p class='ocr_par' dir='ltr' id='par_1_24' title="bbox 234 1177 1030 1213">
     <span class='ocr_line' id='line_1_24' title="bbox 234 1177 1030 1213; baseline 0 -7"><span class='ocrx_word' id='word_1_160' title='bbox 234 1179 348 1206; x_wconf 66' lang='lat' dir='ltr'><strong>Patrum</strong></span> <span class='ocrx_word' id='word_1_161' title='bbox 362 1178 476 1206; x_wconf 79' lang='lat' dir='ltr'><strong>civitate</strong></span> <span class='ocrx_word' id='word_1_162' title='bbox 500 1177 749 1206; x_wconf 83' lang='lat' dir='ltr'><strong>intercessionibus</strong></span> <span class='ocrx_word' id='word_1_163' title='bbox 771 1177 895 1210; x_wconf 81' lang='lat' dir='ltr'><strong>illorum.</strong></span> <span class='ocrx_word' id='word_1_164' title='bbox 918 1182 1030 1213; x_wconf 88' lang='lat' dir='ltr'><strong>propter</strong></span> 
     </span>
    </p>
   </div>
   <div class='ocr_carea' id='block_1_25' title="bbox 235 1223 1031 1260">
    <p class='ocr_par' dir='ltr' id='par_1_25' title="bbox 235 1223 1031 1260">
     <span class='ocr_line' id='line_1_25' title="bbox 235 1223 1031 1260; baseline 0.003 -11"><span class='ocrx_word' id='word_1_165' title='bbox 235 1224 464 1260; x_wconf 77' lang='lat' dir='ltr'><strong>diligentissimus</strong></span> <span class='ocrx_word' id='word_1_166' title='bbox 483 1223 658 1252; x_wconf 86' lang='lat' dir='ltr'><strong>characteres</strong></span> <span class='ocrx_word' id='word_1_167' title='bbox 672 1223 810 1259; x_wconf 86' lang='lat' dir='ltr'><strong>ipsorum,</strong></span> <span class='ocrx_word' id='word_1_168' title='bbox 825 1223 873 1260; x_wconf 89' lang='lat' dir='ltr'><strong>qui</strong></span> <span class='ocrx_word' id='word_1_169' title='bbox 888 1223 1031 1251; x_wconf 88' lang='lat' dir='ltr'><strong>honoran-</strong></span> 
     </span>
    </p>
   </div>
   <div class='ocr_carea' id='block_1_26' title="bbox 235 1269 1030 1307">
    <p class='ocr_par' dir='ltr' id='par_1_26' title="bbox 235 1269 1030 1307">
     <span class='ocr_line' id='line_1_26' title="bbox 235 1269 1030 1307; baseline 0 -9"><span class='ocrx_word' id='word_1_170' title='bbox 235 1275 281 1298; x_wconf 89' lang='lat' dir='ltr'><strong>tur</strong></span> <span class='ocrx_word' id='word_1_171' title='bbox 295 1270 324 1298; x_wconf 94' lang='lat' dir='ltr'><strong>in</strong></span> <span class='ocrx_word' id='word_1_172' title='bbox 339 1277 382 1303; x_wconf 85' lang='lat' dir='ltr'><strong>ea,</strong></span> <span class='ocrx_word' id='word_1_173' title='bbox 399 1270 428 1298; x_wconf 90' lang='lat' dir='ltr'><strong>in</strong></span> <span class='ocrx_word' id='word_1_174' title='bbox 443 1269 667 1306; x_wconf 78' lang='lat' dir='ltr'><strong>redargutionem</strong></span> <span class='ocrx_word' id='word_1_175' title='bbox 678 1278 789 1306; x_wconf 87' lang='lat' dir='ltr'><strong>quoque</strong></span> <span class='ocrx_word' id='word_1_176' title='bbox 804 1278 838 1298; x_wconf 89' lang='lat' dir='ltr'><strong>ac</strong></span> <span class='ocrx_word' id='word_1_177' title='bbox 862 1271 1030 1307; x_wconf 74' lang='lat' dir='ltr'><strong>inexpugna-</strong></span> 
     </span>
    </p>
   </div>
   <div class='ocr_carea' id='block_1_27' title="bbox 234 1315 1030 1352">
    <p class='ocr_par' dir='ltr' id='par_1_27' title="bbox 234 1315 1030 1352">
     <span class='ocr_line' id='line_1_27' title="bbox 234 1315 1030 1352; baseline 0.001 -9"><span class='ocrx_word' id='word_1_178' title='bbox 234 1316 291 1344; x_wconf 87' lang='lat' dir='ltr'><strong>bile</strong></span> <span class='ocrx_word' id='word_1_179' title='bbox 304 1316 413 1351; x_wconf 84' lang='lat' dir='ltr'><strong>tyranni</strong></span> <span class='ocrx_word' id='word_1_180' title='bbox 427 1316 563 1351; x_wconf 85' lang='lat' dir='ltr'><strong>judicium</strong></span> <span class='ocrx_word' id='word_1_181' title='bbox 574 1321 602 1343; x_wconf 88' lang='lat' dir='ltr'><strong>et</strong></span> <span class='ocrx_word' id='word_1_182' title='bbox 611 1315 655 1352; x_wconf 86' lang='lat' dir='ltr'><strong>pie</strong></span> <span class='ocrx_word' id='word_1_183' title='bbox 666 1316 805 1352; x_wconf 73' lang='lat' dir='ltr'><strong>agentium</strong></span> <span class='ocrx_word' id='word_1_184' title='bbox 824 1316 1030 1345; x_wconf 83' lang='lat' dir='ltr'><strong>certituditrem.</strong></span> 
     </span>
    </p>
   </div>
   <div class='ocr_carea' id='block_1_28' title="bbox 234 1360 1031 1390">
    <p class='ocr_par' dir='ltr' id='par_1_28' title="bbox 234 1360 1031 1390">
     <span class='ocr_line' id='line_1_28' title="bbox 234 1360 1031 1390; baseline 0.001 -1"><span class='ocrx_word' id='word_1_185' title='bbox 234 1361 295 1390; x_wconf 82' lang='lat' dir='ltr'><strong>Non</strong></span> <span class='ocrx_word' id='word_1_186' title='bbox 304 1362 379 1390; x_wconf 87' lang='lat' dir='ltr'><strong>enim</strong></span> <span class='ocrx_word' id='word_1_187' title='bbox 394 1362 484 1390; x_wconf 87' lang='lat' dir='ltr'><strong>solum</strong></span> <span class='ocrx_word' id='word_1_188' title='bbox 497 1362 572 1390; x_wconf 88' lang='lat' dir='ltr'><strong>circa</strong></span> <span class='ocrx_word' id='word_1_189' title='bbox 582 1362 781 1390; x_wconf 87' lang='lat' dir='ltr'><strong>venerabilium</strong></span> <span class='ocrx_word' id='word_1_190' title='bbox 795 1360 949 1390; x_wconf 75' lang='lat' dir='ltr'><strong>ali‘ectivam</strong></span> <span class='ocrx_word' id='word_1_191' title='bbox 961 1363 1031 1390; x_wconf 82' lang='lat' dir='ltr'><strong>ima-</strong></span> 
     </span>
    </p>
   </div>
   <div class='ocr_carea' id='block_1_29' title="bbox 233 1406 1031 1444">
    <p class='ocr_par' dir='ltr' id='par_1_29' title="bbox 233 1406 1031 1444">
     <span class='ocr_line' id='line_1_29' title="bbox 233 1406 1031 1444; baseline 0.001 -10"><span class='ocrx_word' id='word_1_192' title='bbox 233 1407 328 1444; x_wconf 74' lang='lat' dir='ltr'><strong>ginum</strong></span> <span class='ocrx_word' id='word_1_193' title='bbox 351 1406 541 1435; x_wconf 84' lang='lat' dir='ltr'><strong>adorationcm</strong></span> <span class='ocrx_word' id='word_1_194' title='bbox 566 1407 677 1435; x_wconf 89' lang='lat' dir='ltr'><strong>errabat</strong></span> <span class='ocrx_word' id='word_1_195' title='bbox 696 1406 811 1442; x_wconf 90' lang='lat' dir='ltr'><strong>impius,</strong></span> <span class='ocrx_word' id='word_1_196' title='bbox 828 1407 878 1436; x_wconf 87' lang='lat' dir='ltr'><strong>sed</strong></span> <span class='ocrx_word' id='word_1_197' title='bbox 898 1412 926 1436; x_wconf 86' lang='lat' dir='ltr'><strong>et</strong></span> <span class='ocrx_word' id='word_1_198' title='bbox 955 1407 1031 1436; x_wconf 86' lang='lat' dir='ltr'><strong>circa</strong></span> 
     </span>
    </p>
   </div>
   <div class='ocr_carea' id='block_1_30' title="bbox 235 1453 1030 1484">
    <p class='ocr_par' dir='ltr' id='par_1_30' title="bbox 235 1453 1030 1484">
     <span class='ocr_line' id='line_1_30' title="bbox 235 1453 1030 1484; baseline 0 -2"><span class='ocrx_word' id='word_1_199' title='bbox 235 1455 451 1483; x_wconf 85' lang='lat' dir='ltr'><strong>intercessiones</strong></span> <span class='ocrx_word' id='word_1_200' title='bbox 463 1454 629 1483; x_wconf 69' lang='lat' dir='ltr'><strong>castissima:</strong></span> <span class='ocrx_word' id='word_1_201' title='bbox 644 1454 692 1482; x_wconf 87' lang='lat' dir='ltr'><strong>Dei</strong></span> <span class='ocrx_word' id='word_1_202' title='bbox 721 1453 872 1484; x_wconf 85' lang='lat' dir='ltr'><strong>Genitricis</strong></span> <span class='ocrx_word' id='word_1_203' title='bbox 890 1455 1030 1483; x_wconf 86' lang='lat' dir='ltr'><strong>omnium-</strong></span> 
     </span>
    </p>
   </div>
   <div class='ocr_carea' id='block_1_31' title="bbox 235 1500 1029 1536">
    <p class='ocr_par' dir='ltr' id='par_1_31' title="bbox 235 1500 1029 1536">
     <span class='ocr_line' id='line_1_31' title="bbox 235 1500 1029 1536; baseline -0.001 -7"><span class='ocrx_word' id='word_1_204' title='bbox 235 1508 291 1536; x_wconf 81' lang='lat' dir='ltr'><strong>que</strong></span> <span class='ocrx_word' id='word_1_205' title='bbox 300 1504 473 1534; x_wconf 84' lang='lat' dir='ltr'><strong>sanctorum,</strong></span> <span class='ocrx_word' id='word_1_206' title='bbox 488 1508 610 1536; x_wconf 84' lang='lat' dir='ltr'><strong>quorum</strong></span> <span class='ocrx_word' id='word_1_207' title='bbox 618 1504 646 1529; x_wconf 91' lang='lat' dir='ltr'><strong>et</strong></span> <span class='ocrx_word' id='word_1_208' title='bbox 658 1500 792 1535; x_wconf 84' lang='lat' dir='ltr'><strong>reliquias</strong></span> <span class='ocrx_word' id='word_1_209' title='bbox 799 1501 1029 1533; x_wconf 82' lang='lat' dir='ltr'><strong>scelestissimus,</strong></span> 
     </span>
    </p>
   </div>
   <div class='ocr_carea' id='block_1_32' title="bbox 236 1545 1031 1582">
    <p class='ocr_par' dir='ltr' id='par_1_32' title="bbox 236 1545 1031 1582">
     <span class='ocr_line' id='line_1_32' title="bbox 236 1545 1031 1582; baseline 0.003 -8"><span class='ocrx_word' id='word_1_210' title='bbox 236 1552 268 1574; x_wconf 95' lang='lat' dir='ltr'><strong>ut</strong></span> <span class='ocrx_word' id='word_1_211' title='bbox 296 1546 424 1582; x_wconf 83' lang='lat' dir='ltr'><strong>magistri</strong></span> <span class='ocrx_word' id='word_1_212' title='bbox 445 1545 505 1580; x_wconf 86' lang='lat' dir='ltr'><strong>ejus</strong></span> <span class='ocrx_word' id='word_1_213' title='bbox 519 1547 637 1579; x_wconf 79' lang='lat' dir='ltr'><strong>Arabes,</strong></span> <span class='ocrx_word' id='word_1_214' title='bbox 663 1547 888 1576; x_wconf 82' lang='lat' dir='ltr'><strong>abominabatur.</strong></span> <span class='ocrx_word' id='word_1_215' title='bbox 917 1546 957 1576; x_wconf 80' lang='lat' dir='ltr'><strong>Ex</strong></span> <span class='ocrx_word' id='word_1_216' title='bbox 977 1547 1031 1576; x_wconf 91' lang='lat' dir='ltr'><strong>hoc</strong></span> 
     </span>
    </p>
   </div>
   <div class='ocr_carea' id='block_1_33' title="bbox 1077 305 1874 341">
    <p class='ocr_par' dir='ltr' id='par_1_33' title="bbox 1077 305 1874 341">
     <span class='ocr_line' id='line_1_33' title="bbox 1077 305 1874 341; baseline 0 -8"><span class='ocrx_word' id='word_1_217' title='bbox 1077 311 1232 334; x_wconf 83' lang='lat' dir='ltr'><strong>sanctarum</strong></span> <span class='ocrx_word' id='word_1_218' title='bbox 1243 306 1389 341; x_wconf 80' lang='lat' dir='ltr'><strong>imaginum</strong></span> <span class='ocrx_word' id='word_1_219' title='bbox 1400 305 1551 333; x_wconf 74' lang='lat' dir='ltr'><strong>audivimus</strong></span> <span class='ocrx_word' id='word_1_220' title='bbox 1565 306 1670 341; x_wconf 79' lang='lat' dir='ltr'><strong>quidem</strong></span> <span class='ocrx_word' id='word_1_221' title='bbox 1681 305 1814 340; x_wconf 79' lang='lat' dir='ltr'><strong>futuram,</strong></span> <span class='ocrx_word' id='word_1_222' title='bbox 1827 307 1874 333; x_wconf 76' lang='lat' dir='ltr'><strong>sed</strong></span> 
     </span>
    </p>
   </div>
   <div class='ocr_carea' id='block_1_34' title="bbox 1076 351 1874 388">
    <p class='ocr_par' dir='ltr' id='par_1_34' title="bbox 1076 351 1874 388">
     <span class='ocr_line' id='line_1_34' title="bbox 1076 351 1874 388; baseline -0.003 -8"><span class='ocrx_word' id='word_1_223' title='bbox 1076 360 1131 380; x_wconf 78' lang='lat' dir='ltr'><strong>non</strong></span> <span class='ocrx_word' id='word_1_224' title='bbox 1155 357 1272 388; x_wconf 77' lang='lat' dir='ltr'><strong>tmpore</strong></span> <span class='ocrx_word' id='word_1_225' title='bbox 1296 352 1402 387; x_wconf 75' lang='grc' dir='ltr'><strong>ίοηρετίἰ</strong></span> <span class='ocrx_word' id='word_1_226' title='bbox 1417 353 1467 379; x_wconf 83' lang='lat' dir='ltr'><strong>tm&#39;.</strong></span> <span class='ocrx_word' id='word_1_227' title='bbox 1486 351 1555 380; x_wconf 86' lang='lat' dir='ltr'><strong>Cum</strong></span> <span class='ocrx_word' id='word_1_228' title='bbox 1573 357 1668 380; x_wconf 84' lang='lat' dir='ltr'><strong>autem</strong></span> <span class='ocrx_word' id='word_1_229' title='bbox 1700 351 1747 379; x_wconf 88' lang='lat' dir='ltr'><strong>ille</strong></span> <span class='ocrx_word' id='word_1_230' title='bbox 1761 356 1874 387; x_wconf 75' lang='lat' dir='ltr'><strong>cogeret</strong></span> 
     </span>
    </p>
   </div>
   <div class='ocr_carea' id='block_1_35' title="bbox 1077 397 1870 433">
    <p class='ocr_par' dir='ltr' id='par_1_35' title="bbox 1077 397 1870 433">
     <span class='ocr_line' id='line_1_35' title="bbox 1077 397 1870 433; baseline -0.004 -7"><span class='ocrx_word' id='word_1_231' title='bbox 1077 406 1140 427; x_wconf 84' lang='lat' dir='ltr'><strong>eum</strong></span> <span class='ocrx_word' id='word_1_232' title='bbox 1161 398 1252 426; x_wconf 81' lang='lat' dir='ltr'><strong>dicere</strong></span> <span class='ocrx_word' id='word_1_233' title='bbox 1275 398 1327 426; x_wconf 85' lang='lat' dir='ltr'><strong>sub</strong></span> <span class='ocrx_word' id='word_1_234' title='bbox 1352 398 1433 433; x_wconf 87' lang='lat' dir='ltr'><strong>cujus</strong></span> <span class='ocrx_word' id='word_1_235' title='bbox 1451 398 1578 433; x_wconf 87' lang='lat' dir='ltr'><strong>imperio,</strong></span> <span class='ocrx_word' id='word_1_236' title='bbox 1595 397 1634 424; x_wconf 79' lang='lat' dir='ltr'><strong>ait</strong></span> <span class='ocrx_word' id='word_1_237' title='bbox 1660 397 1714 425; x_wconf 90' lang='lat' dir='ltr'><strong>sub</strong></span> <span class='ocrx_word' id='word_1_238' title='bbox 1733 397 1870 425; x_wconf 83' lang='lat' dir='ltr'><strong>Cononis.</strong></span> 
     </span>
    </p>
   </div>
   <div class='ocr_carea' id='block_1_36' title="bbox 1077 443 1875 480">
    <p class='ocr_par' dir='ltr' id='par_1_36' title="bbox 1077 443 1875 480">
     <span class='ocr_line' id='line_1_36' title="bbox 1077 443 1875 480; baseline -0.004 -7"><span class='ocrx_word' id='word_1_239' title='bbox 1077 446 1113 473; x_wconf 86' lang='lat' dir='ltr'><strong>At</strong></span> <span class='ocrx_word' id='word_1_240' title='bbox 1128 445 1196 473; x_wconf 83' lang='lat' dir='ltr'><strong>ille:</strong></span> <span class='ocrx_word' id='word_1_241' title='bbox 1216 444 1262 478; x_wconf 77' lang='lat' dir='ltr'><strong>Re,</strong></span> <span class='ocrx_word' id='word_1_242' title='bbox 1288 445 1391 480; x_wconf 85' lang='lat' dir='ltr'><strong>inquit.</strong></span> <span class='ocrx_word' id='word_1_243' title='bbox 1405 452 1468 472; x_wconf 71' lang='lat' dir='ltr'><strong>ocra</strong></span> <span class='ocrx_word' id='word_1_244' title='bbox 1484 452 1518 472; x_wconf 74' lang='lat' dir='ltr'><strong>ea:</strong></span> <span class='ocrx_word' id='word_1_245' title='bbox 1538 444 1671 478; x_wconf 80' lang='lat' dir='ltr'><strong>baptismo</strong></span> <span class='ocrx_word' id='word_1_246' title='bbox 1697 443 1770 472; x_wconf 79' lang='lat' dir='ltr'><strong>Cone</strong></span> <span class='ocrx_word' id='word_1_247' title='bbox 1805 444 1875 470; x_wconf 74' lang='lat' dir='ltr'><strong>milii</strong></span> 
     </span>
    </p>
   </div>
   <div class='ocr_carea' id='block_1_37' title="bbox 1078 490 1876 525">
    <p class='ocr_par' dir='ltr' id='par_1_37' title="bbox 1078 490 1876 525">
     <span class='ocr_line' id='line_1_37' title="bbox 1078 490 1876 525; baseline -0.003 -6"><span class='ocrx_word' id='word_1_248' title='bbox 1078 499 1173 519; x_wconf 78' lang='lat' dir='ltr'><strong>nomen</strong></span> <span class='ocrx_word' id='word_1_249' title='bbox 1186 495 1234 519; x_wconf 83' lang='lat' dir='ltr'><strong>est.</strong></span> <span class='ocrx_word' id='word_1_250' title='bbox 1249 493 1284 519; x_wconf 85' lang='lat' dir='ltr'><strong>At</strong></span> <span class='ocrx_word' id='word_1_251' title='bbox 1294 490 1418 518; x_wconf 75' lang='lat' dir='ltr'><strong>illedixit</strong></span> <span class='ocrx_word' id='word_1_252' title='bbox 1438 498 1446 517; x_wconf 91' lang='lat'>:</span> <span class='ocrx_word' id='word_1_253' title='bbox 1467 490 1556 522; x_wconf 81' lang='lat' dir='ltr'><strong>Absit,</strong></span> <span class='ocrx_word' id='word_1_254' title='bbox 1577 490 1694 523; x_wconf 70' lang='lat' dir='ltr'><strong>domine,</strong></span> <span class='ocrx_word' id='word_1_255' title='bbox 1712 495 1739 517; x_wconf 82' lang='lat' dir='ltr'><strong>ut</strong></span> <span class='ocrx_word' id='word_1_256' title='bbox 1754 497 1802 525; x_wconf 80' lang='lat' dir='ltr'><strong>per</strong></span> <span class='ocrx_word' id='word_1_257' title='bbox 1823 490 1876 517; x_wconf 80' lang='lat' dir='ltr'><strong>im-</strong></span> 
     </span>
    </p>
   </div>
   <div class='ocr_carea' id='block_1_38' title="bbox 1077 534 1874 571">
    <p class='ocr_par' dir='ltr' id='par_1_38' title="bbox 1077 534 1874 571">
     <span class='ocr_line' id='line_1_38' title="bbox 1077 534 1874 571; baseline 0 -9"><span class='ocrx_word' id='word_1_258' title='bbox 1077 536 1180 571; x_wconf 81' lang='lat' dir='ltr'><strong>perium</strong></span> <span class='ocrx_word' id='word_1_259' title='bbox 1208 540 1281 562; x_wconf 86' lang='lat' dir='ltr'><strong>tuum</strong></span> <span class='ocrx_word' id='word_1_260' title='bbox 1304 535 1407 562; x_wconf 84' lang='lat' dir='ltr'><strong>malum</strong></span> <span class='ocrx_word' id='word_1_261' title='bbox 1421 534 1493 562; x_wconf 79' lang='lat' dir='ltr'><strong>istud</strong></span> <span class='ocrx_word' id='word_1_262' title='bbox 1519 535 1675 569; x_wconf 71' lang='lat' dir='ltr'><strong>perﬁciatur</strong></span> <span class='ocrx_word' id='word_1_263' title='bbox 1688 542 1698 562; x_wconf 86' lang='lat'><strong><em>:</em></strong></span> <span class='ocrx_word' id='word_1_264' title='bbox 1714 534 1874 562; x_wconf 83' lang='lat' dir='ltr'><strong>Antichristi</strong></span> 
     </span>
    </p>
   </div>
   <div class='ocr_carea' id='block_1_39' title="bbox 1078 579 1874 616">
    <p class='ocr_par' dir='ltr' id='par_1_39' title="bbox 1078 579 1874 616">
     <span class='ocr_line' id='line_1_39' title="bbox 1078 579 1874 616; baseline -0.003 -7"><span class='ocrx_word' id='word_1_265' title='bbox 1078 582 1148 609; x_wconf 83' lang='lat' dir='ltr'><strong>enim</strong></span> <span class='ocrx_word' id='word_1_266' title='bbox 1167 589 1319 616; x_wconf 75' lang='lat' dir='ltr'><strong>pracursor</strong></span> <span class='ocrx_word' id='word_1_267' title='bbox 1330 585 1380 613; x_wconf 79' lang='lat' dir='ltr'><strong>est,</strong></span> <span class='ocrx_word' id='word_1_268' title='bbox 1394 580 1440 616; x_wconf 79' lang='lat' dir='ltr'><strong>qui</strong></span> <span class='ocrx_word' id='word_1_269' title='bbox 1456 580 1503 607; x_wconf 75' lang='lat' dir='ltr'><strong>hoc</strong></span> <span class='ocrx_word' id='word_1_270' title='bbox 1520 579 1716 615; x_wconf 79' lang='lat' dir='ltr'><strong>adimpleturls</strong></span> <span class='ocrx_word' id='word_1_271' title='bbox 1733 584 1781 612; x_wconf 82' lang='lat' dir='ltr'><strong>est,</strong></span> <span class='ocrx_word' id='word_1_272' title='bbox 1791 585 1817 607; x_wconf 81' lang='grc' dir='ltr'><strong><em>ιι</em></strong></span> <span class='ocrx_word' id='word_1_273' title='bbox 1829 581 1874 608; x_wconf 80' lang='grc' dir='ltr'><strong>ἰη-</strong></span> 
     </span>
    </p>
   </div>
   <div class='ocr_carea' id='block_1_40' title="bbox 1078 625 1873 662">
    <p class='ocr_par' dir='ltr' id='par_1_40' title="bbox 1078 625 1873 662">
     <span class='ocr_line' id='line_1_40' title="bbox 1078 625 1873 662; baseline -0.003 -6"><span class='ocrx_word' id='word_1_274' title='bbox 1078 633 1200 656; x_wconf 71' lang='lat' dir='ltr'><strong>earnatw</strong></span> <span class='ocrx_word' id='word_1_275' title='bbox 1224 628 1321 655; x_wconf 68' lang='lat' dir='ltr'><strong>divinae</strong></span> <span class='ocrx_word' id='word_1_276' title='bbox 1337 626 1548 662; x_wconf 78' lang='lat' dir='ltr'><strong>dispensationis</strong></span> <span class='ocrx_word' id='word_1_277' title='bbox 1567 633 1684 654; x_wconf 77' lang='lat' dir='ltr'><strong>eversor.</strong></span> <span class='ocrx_word' id='word_1_278' title='bbox 1708 625 1739 653; x_wconf 90' lang='lat' dir='ltr'><strong>In</strong></span> <span class='ocrx_word' id='word_1_279' title='bbox 1753 626 1794 654; x_wconf 87' lang='lat' dir='ltr'><strong>his</strong></span> <span class='ocrx_word' id='word_1_280' title='bbox 1805 633 1873 662; x_wconf 87' lang='lat' dir='ltr'><strong>ergo</strong></span> 
     </span>
    </p>
   </div>
   <div class='ocr_carea' id='block_1_41' title="bbox 1080 671 1875 711">
    <p class='ocr_par' dir='ltr' id='par_1_41' title="bbox 1080 671 1875 711">
     <span class='ocr_line' id='line_1_41' title="bbox 1080 671 1875 711; baseline -0.005 -8"><span class='ocrx_word' id='word_1_281' title='bbox 1080 683 1170 704; x_wconf 73' lang='lat' dir='ltr'><strong>saevus</strong></span> <span class='ocrx_word' id='word_1_282' title='bbox 1200 679 1337 711; x_wconf 85' lang='lat' dir='ltr'><strong>tyrannus</strong></span> <span class='ocrx_word' id='word_1_283' title='bbox 1365 673 1509 701; x_wconf 77' lang='lat' dir='ltr'><strong>insaniens</strong></span> <span class='ocrx_word' id='word_1_284' title='bbox 1528 673 1609 700; x_wconf 82' lang='lat' dir='ltr'><strong>beato</strong></span> <span class='ocrx_word' id='word_1_285' title='bbox 1625 671 1765 700; x_wconf 81' lang='lat' dir='ltr'><strong>Germano</strong></span> <span class='ocrx_word' id='word_1_286' title='bbox 1785 672 1875 700; x_wconf 82' lang='lat' dir='ltr'><strong>minas</strong></span> 
     </span>
    </p>
   </div>
   <div class='ocr_carea' id='block_1_42' title="bbox 1079 719 1875 756">
    <p class='ocr_par' dir='ltr' id='par_1_42' title="bbox 1079 719 1875 756">
     <span class='ocr_line' id='line_1_42' title="bbox 1079 719 1875 756; baseline -0.004 -8"><span class='ocrx_word' id='word_1_287' title='bbox 1079 719 1368 756; x_wconf 64' lang='lat' dir='ltr'><strong>praetendebatinstar</strong></span> <span class='ocrx_word' id='word_1_288' title='bbox 1387 719 1504 747; x_wconf 85' lang='lat' dir='ltr'><strong>Herodis</strong></span> <span class='ocrx_word' id='word_1_289' title='bbox 1528 720 1668 754; x_wconf 85' lang='lat' dir='ltr'><strong>quondam</strong></span> <span class='ocrx_word' id='word_1_290' title='bbox 1697 719 1875 754; x_wconf 65' lang='lat' dir='ltr'><strong>prccursori.</strong></span> 
     </span>
    </p>
   </div>
   <div class='ocr_carea' id='block_1_43' title="bbox 1080 763 1878 799">
    <p class='ocr_par' dir='ltr' id='par_1_43' title="bbox 1080 763 1878 799">
     <span class='ocr_line' id='line_1_43' title="bbox 1080 763 1878 799; baseline -0.005 -5"><span class='ocrx_word' id='word_1_291' title='bbox 1080 766 1240 794; x_wconf 64' lang='lat' dir='ltr'><strong>“educebat</strong></span> <span class='ocrx_word' id='word_1_292' title='bbox 1257 770 1348 793; x_wconf 83' lang='lat' dir='ltr'><strong>autem</strong></span> <span class='ocrx_word' id='word_1_293' title='bbox 1364 764 1398 792; x_wconf 88' lang='lat' dir='ltr'><strong>ad</strong></span> <span class='ocrx_word' id='word_1_294' title='bbox 1414 764 1574 792; x_wconf 82' lang='lat' dir='ltr'><strong>memoriam</strong></span> <span class='ocrx_word' id='word_1_295' title='bbox 1598 764 1658 798; x_wconf 85' lang='lat' dir='ltr'><strong>ejus</strong></span> <span class='ocrx_word' id='word_1_296' title='bbox 1676 763 1832 799; x_wconf 78' lang='lat' dir='ltr'><strong>patriarcha</strong></span> <span class='ocrx_word' id='word_1_297' title='bbox 1848 767 1878 791; x_wconf 82' lang='lat' dir='ltr'><strong>et</strong></span> 
     </span>
    </p>
   </div>
   <div class='ocr_carea' id='block_1_44' title="bbox 1080 808 1878 848">
    <p class='ocr_par' dir='ltr' id='par_1_44' title="bbox 1080 808 1878 848">
     <span class='ocr_line' id='line_1_44' title="bbox 1080 808 1878 848; baseline -0.004 -8"><span class='ocrx_word' id='word_1_298' title='bbox 1080 813 1246 848; x_wconf 83' lang='lat' dir='ltr'><strong>sponsiones</strong></span> <span class='ocrx_word' id='word_1_299' title='bbox 1256 812 1317 847; x_wconf 85' lang='lat' dir='ltr'><strong>ejus</strong></span> <span class='ocrx_word' id='word_1_300' title='bbox 1335 815 1399 839; x_wconf 85' lang='lat' dir='ltr'><strong>ante</strong></span> <span class='ocrx_word' id='word_1_301' title='bbox 1413 811 1559 846; x_wconf 84' lang='lat' dir='ltr'><strong>imperium</strong></span> <span class='ocrx_word' id='word_1_302' title='bbox 1576 808 1677 844; x_wconf 80' lang='lat' dir='ltr'><strong>factas,</strong></span> <span class='ocrx_word' id='word_1_303' title='bbox 1696 810 1878 846; x_wconf 83' lang='lat' dir='ltr'><strong>qualitersibi</strong></span> 
     </span>
    </p>
   </div>
   <div class='ocr_carea' id='block_1_45' title="bbox 1081 856 1879 890">
    <p class='ocr_par' dir='ltr' id='par_1_45' title="bbox 1081 856 1879 890">
     <span class='ocr_line' id='line_1_45' title="bbox 1081 856 1879 890; baseline -0.004 -4"><span class='ocrx_word' id='word_1_304' title='bbox 1081 859 1166 886; x_wconf 85' lang='lat' dir='ltr'><strong>Deum</strong></span> <span class='ocrx_word' id='word_1_305' title='bbox 1179 857 1286 886; x_wconf 75' lang='lat' dir='ltr'><strong>dederit</strong></span> <span class='ocrx_word' id='word_1_306' title='bbox 1305 856 1414 890; x_wconf 87' lang='lat' dir='ltr'><strong>vadem,</strong></span> <span class='ocrx_word' id='word_1_307' title='bbox 1428 857 1455 884; x_wconf 95' lang='lat' dir='ltr'><strong>in</strong></span> <span class='ocrx_word' id='word_1_308' title='bbox 1471 856 1547 884; x_wconf 87' lang='lat' dir='ltr'><strong>nullo</strong></span> <span class='ocrx_word' id='word_1_309' title='bbox 1559 864 1590 884; x_wconf 81' lang='lat' dir='ltr'><strong>se</strong></span> <span class='ocrx_word' id='word_1_310' title='bbox 1605 860 1810 884; x_wconf 87' lang='lat' dir='ltr'><strong>commoturum</strong></span> <span class='ocrx_word' id='word_1_311' title='bbox 1827 856 1879 883; x_wconf 86' lang='lat' dir='ltr'><strong>Ec-</strong></span> 
     </span>
    </p>
   </div>
   <div class='ocr_carea' id='block_1_46' title="bbox 1080 901 1877 938">
    <p class='ocr_par' dir='ltr' id='par_1_46' title="bbox 1080 901 1877 938">
     <span class='ocr_line' id='line_1_46' title="bbox 1080 901 1877 938; baseline -0.003 -6"><span class='ocrx_word' id='word_1_312' title='bbox 1080 905 1194 932; x_wconf 77' lang='lat' dir='ltr'><strong>clesium</strong></span> <span class='ocrx_word' id='word_1_313' title='bbox 1210 903 1256 931; x_wconf 91' lang='lat' dir='ltr'><strong>Dei</strong></span> <span class='ocrx_word' id='word_1_314' title='bbox 1284 910 1300 930; x_wconf 84' lang='lat' dir='ltr'><strong>a</strong></span> <span class='ocrx_word' id='word_1_315' title='bbox 1318 903 1377 931; x_wconf 83' lang='lat' dir='ltr'><strong>suis</strong></span> <span class='ocrx_word' id='word_1_316' title='bbox 1394 902 1555 938; x_wconf 82' lang='lat' dir='ltr'><strong>apostolicis</strong></span> <span class='ocrx_word' id='word_1_317' title='bbox 1570 907 1597 930; x_wconf 92' lang='lat' dir='ltr'><strong>et</strong></span> <span class='ocrx_word' id='word_1_318' title='bbox 1612 901 1749 930; x_wconf 73' lang='lat' dir='ltr'><strong>divinitus</strong></span> <span class='ocrx_word' id='word_1_319' title='bbox 1762 901 1877 930; x_wconf 77' lang='lat' dir='ltr'><strong>traditis</strong></span> 
     </span>
    </p>
   </div>
   <div class='ocr_carea' id='block_1_47' title="bbox 1080 947 1879 977">
    <p class='ocr_par' dir='ltr' id='par_1_47' title="bbox 1080 947 1879 977">
     <span class='ocr_line' id='line_1_47' title="bbox 1080 947 1879 977; baseline 0 -1"><span class='ocrx_word' id='word_1_320' title='bbox 1080 949 1194 977; x_wconf 87' lang='lat' dir='ltr'><strong>ritibus.</strong></span> <span class='ocrx_word' id='word_1_321' title='bbox 1212 948 1267 976; x_wconf 86' lang='lat' dir='ltr'><strong>Sed</strong></span> <span class='ocrx_word' id='word_1_322' title='bbox 1283 955 1333 976; x_wconf 87' lang='lat' dir='ltr'><strong>nec</strong></span> <span class='ocrx_word' id='word_1_323' title='bbox 1345 948 1386 975; x_wconf 88' lang='lat' dir='ltr'><strong>sic</strong></span> <span class='ocrx_word' id='word_1_324' title='bbox 1402 948 1536 975; x_wconf 83' lang='lat' dir='ltr'><strong>confusus</strong></span> <span class='ocrx_word' id='word_1_325' title='bbox 1547 951 1591 975; x_wconf 88' lang='lat' dir='ltr'><strong>est</strong></span> <span class='ocrx_word' id='word_1_326' title='bbox 1605 947 1701 975; x_wconf 84' lang='lat' dir='ltr'><strong>miser.</strong></span> <span class='ocrx_word' id='word_1_327' title='bbox 1717 947 1879 976; x_wconf 85' lang='lat' dir='ltr'><strong>Observans</strong></span> 
     </span>
    </p>
   </div>
   <div class='ocr_carea' id='block_1_48' title="bbox 1081 993 1878 1031">
    <p class='ocr_par' dir='ltr' id='par_1_48' title="bbox 1081 993 1878 1031">
     <span class='ocr_line' id='line_1_48' title="bbox 1081 993 1878 1031; baseline -0.004 -8"><span class='ocrx_word' id='word_1_328' title='bbox 1081 1000 1173 1024; x_wconf 85' lang='lat' dir='ltr'><strong>autem</strong></span> <span class='ocrx_word' id='word_1_329' title='bbox 1194 1000 1277 1031; x_wconf 85' lang='lat' dir='ltr'><strong>atque</strong></span> <span class='ocrx_word' id='word_1_330' title='bbox 1296 994 1464 1022; x_wconf 81' lang='lat' dir='ltr'><strong>submittens</strong></span> <span class='ocrx_word' id='word_1_331' title='bbox 1480 993 1614 1028; x_wconf 83' lang='lat' dir='ltr'><strong>quosdam</strong></span> <span class='ocrx_word' id='word_1_332' title='bbox 1629 1001 1784 1026; x_wconf 84' lang='lat' dir='ltr'><strong>sermones,</strong></span> <span class='ocrx_word' id='word_1_333' title='bbox 1799 997 1878 1021; x_wconf 83' lang='lat' dir='ltr'><strong>sata-</strong></span> 
     </span>
    </p>
   </div>
   <div class='ocr_carea' id='block_1_49' title="bbox 1081 1039 1876 1077">
    <p class='ocr_par' dir='ltr' id='par_1_49' title="bbox 1081 1039 1876 1077">
     <span class='ocr_line' id='line_1_49' title="bbox 1081 1039 1876 1077; baseline -0.004 -8"><span class='ocrx_word' id='word_1_334' title='bbox 1081 1042 1163 1077; x_wconf 87' lang='lat' dir='ltr'><strong>gebat</strong></span> <span class='ocrx_word' id='word_1_335' title='bbox 1178 1041 1268 1068; x_wconf 89' lang='lat' dir='ltr'><strong>sicubi</strong></span> <span class='ocrx_word' id='word_1_336' title='bbox 1282 1041 1356 1068; x_wconf 86' lang='lat' dir='ltr'><strong>hunc</strong></span> <span class='ocrx_word' id='word_1_337' title='bbox 1371 1039 1508 1067; x_wconf 82' lang='lat' dir='ltr'><strong>inveniret</strong></span> <span class='ocrx_word' id='word_1_338' title='bbox 1520 1044 1616 1067; x_wconf 87' lang='lat' dir='ltr'><strong>contra</strong></span> <span class='ocrx_word' id='word_1_339' title='bbox 1629 1039 1778 1074; x_wconf 89' lang='lat' dir='ltr'><strong>imperium</strong></span> <span class='ocrx_word' id='word_1_340' title='bbox 1793 1047 1876 1067; x_wconf 89' lang='lat' dir='ltr'><strong>suum</strong></span> 
     </span>
    </p>
   </div>
   <div class='ocr_carea' id='block_1_50' title="bbox 1082 1085 1880 1122">
    <p class='ocr_par' dir='ltr' id='par_1_50' title="bbox 1082 1085 1880 1122">
     <span class='ocr_line' id='line_1_50' title="bbox 1082 1085 1880 1122; baseline -0.003 -8"><span class='ocrx_word' id='word_1_341' title='bbox 1082 1091 1221 1122; x_wconf 82' lang='lat' dir='ltr'><strong>agentem,</strong></span> <span class='ocrx_word' id='word_1_342' title='bbox 1234 1089 1373 1121; x_wconf 84' lang='lat' dir='ltr'><strong>quatenus</strong></span> <span class='ocrx_word' id='word_1_343' title='bbox 1389 1089 1421 1113; x_wconf 87' lang='lat' dir='ltr'><strong>ut</strong></span> <span class='ocrx_word' id='word_1_344' title='bbox 1446 1085 1650 1120; x_wconf 82' lang='lat' dir='ltr'><strong>conjuratorem</strong></span> <span class='ocrx_word' id='word_1_345' title='bbox 1664 1090 1691 1112; x_wconf 88' lang='lat' dir='ltr'><strong>et</strong></span> <span class='ocrx_word' id='word_1_346' title='bbox 1708 1091 1765 1112; x_wconf 84' lang='lat' dir='ltr'><strong>non</strong></span> <span class='ocrx_word' id='word_1_347' title='bbox 1792 1085 1880 1112; x_wconf 77' lang='lat' dir='ltr'><strong>veluti</strong></span> 
     </span>
    </p>
   </div>
   <div class='ocr_carea' id='block_1_51' title="bbox 1080 1131 1878 1168">
    <p class='ocr_par' dir='ltr' id='par_1_51' title="bbox 1080 1131 1878 1168">
     <span class='ocr_line' id='line_1_51' title="bbox 1080 1131 1878 1168; baseline -0.004 -7"><span class='ocrx_word' id='word_1_348' title='bbox 1080 1132 1268 1162; x_wconf 78' lang='lat' dir='ltr'><strong>confessorem</strong></span> <span class='ocrx_word' id='word_1_349' title='bbox 1293 1140 1308 1159; x_wconf 88' lang='lat' dir='ltr'><strong>a</strong></span> <span class='ocrx_word' id='word_1_350' title='bbox 1335 1132 1435 1160; x_wconf 89' lang='lat' dir='ltr'><strong>throno</strong></span> <span class='ocrx_word' id='word_1_351' title='bbox 1451 1131 1612 1168; x_wconf 84' lang='lat' dir='ltr'><strong>deponeret,</strong></span> <span class='ocrx_word' id='word_1_352' title='bbox 1643 1131 1749 1160; x_wconf 85' lang='lat' dir='ltr'><strong>habens</strong></span> <span class='ocrx_word' id='word_1_353' title='bbox 1771 1131 1799 1158; x_wconf 92' lang='lat' dir='ltr'><strong>in</strong></span> <span class='ocrx_word' id='word_1_354' title='bbox 1822 1132 1878 1159; x_wconf 83' lang='lat' dir='ltr'><strong>hoe</strong></span> 
     </span>
    </p>
   </div>
   <div class='ocr_carea' id='block_1_52' title="bbox 1080 1177 1878 1214">
    <p class='ocr_par' dir='ltr' id='par_1_52' title="bbox 1080 1177 1878 1214">
     <span class='ocr_line' id='line_1_52' title="bbox 1080 1177 1878 1214; baseline -0.005 -6"><span class='ocrx_word' id='word_1_355' title='bbox 1080 1179 1239 1214; x_wconf 87' lang='lat' dir='ltr'><strong>oompartici</strong></span> <span class='ocrx_word' id='word_1_356' title='bbox 1243 1186 1304 1214; x_wconf 85' lang='lat' dir='ltr'><strong>pem</strong></span> <span class='ocrx_word' id='word_1_357' title='bbox 1315 1178 1491 1207; x_wconf 83' lang='lat' dir='ltr'><strong>Anastasium</strong></span> <span class='ocrx_word' id='word_1_358' title='bbox 1510 1177 1677 1213; x_wconf 84' lang='lat' dir='ltr'><strong>discipulum</strong></span> <span class='ocrx_word' id='word_1_359' title='bbox 1687 1181 1715 1205; x_wconf 83' lang='lat' dir='ltr'><strong>et</strong></span> <span class='ocrx_word' id='word_1_360' title='bbox 1725 1177 1878 1213; x_wconf 81' lang='lat' dir='ltr'><strong>syncellum</strong></span> 
     </span>
    </p>
   </div>
   <div class='ocr_carea' id='block_1_53' title="bbox 1079 1224 1878 1260">
    <p class='ocr_par' dir='ltr' id='par_1_53' title="bbox 1079 1224 1878 1260">
     <span class='ocr_line' id='line_1_53' title="bbox 1079 1224 1878 1260; baseline -0.003 -7"><span class='ocrx_word' id='word_1_361' title='bbox 1079 1225 1150 1260; x_wconf 79' lang='lat' dir='ltr'><strong>ejus,</strong></span> <span class='ocrx_word' id='word_1_362' title='bbox 1164 1225 1210 1252; x_wconf 91' lang='lat' dir='ltr'><strong>cui</strong></span> <span class='ocrx_word' id='word_1_363' title='bbox 1230 1224 1382 1260; x_wconf 86' lang='lat' dir='ltr'><strong>spopondit</strong></span> <span class='ocrx_word' id='word_1_364' title='bbox 1397 1228 1492 1260; x_wconf 84' lang='lat' dir='ltr'><strong>utpote</strong></span> <span class='ocrx_word' id='word_1_365' title='bbox 1505 1224 1656 1260; x_wconf 82' lang='lat' dir='ltr'><strong>impietatis</strong></span> <span class='ocrx_word' id='word_1_366' title='bbox 1671 1231 1728 1252; x_wconf 66' lang='lat' dir='ltr'><strong>sua:</strong></span> <span class='ocrx_word' id='word_1_367' title='bbox 1756 1231 1878 1252; x_wconf 82' lang='lat' dir='ltr'><strong>consen-</strong></span> 
     </span>
    </p>
   </div>
   <div class='ocr_carea' id='block_1_54' title="bbox 1081 1269 1878 1299">
    <p class='ocr_par' dir='ltr' id='par_1_54' title="bbox 1081 1269 1878 1299">
     <span class='ocr_line' id='line_1_54' title="bbox 1081 1269 1878 1299; baseline -0.003 0"><span class='ocrx_word' id='word_1_368' title='bbox 1081 1275 1162 1299; x_wconf 86' lang='lat' dir='ltr'><strong>taneo</strong></span> <span class='ocrx_word' id='word_1_369' title='bbox 1178 1270 1270 1298; x_wconf 90' lang='lat' dir='ltr'><strong>throni</strong></span> <span class='ocrx_word' id='word_1_370' title='bbox 1287 1278 1350 1299; x_wconf 91' lang='lat' dir='ltr'><strong>eum</strong></span> <span class='ocrx_word' id='word_1_371' title='bbox 1360 1270 1516 1299; x_wconf 76' lang='lat' dir='ltr'><strong>adulterum</strong></span> <span class='ocrx_word' id='word_1_372' title='bbox 1537 1277 1728 1298; x_wconf 85' lang='lat' dir='ltr'><strong>successorem</strong></span> <span class='ocrx_word' id='word_1_373' title='bbox 1740 1269 1878 1297; x_wconf 82' lang='lat' dir='ltr'><strong>futuram.</strong></span> 
     </span>
    </p>
   </div>
   <div class='ocr_carea' id='block_1_55' title="bbox 1080 1315 1877 1352">
    <p class='ocr_par' dir='ltr' id='par_1_55' title="bbox 1080 1315 1877 1352">
     <span class='ocr_line' id='line_1_55' title="bbox 1080 1315 1877 1352; baseline -0.001 -9"><span class='ocrx_word' id='word_1_374' title='bbox 1080 1315 1168 1349; x_wconf 80' lang='lat' dir='ltr'><strong>Quem</strong></span> <span class='ocrx_word' id='word_1_375' title='bbox 1177 1315 1275 1344; x_wconf 81' lang='lat' dir='ltr'><strong>beatus</strong></span> <span class='ocrx_word' id='word_1_376' title='bbox 1284 1323 1340 1344; x_wconf 89' lang='lat' dir='ltr'><strong>non</strong></span> <span class='ocrx_word' id='word_1_377' title='bbox 1351 1316 1483 1352; x_wconf 72' lang='lat' dir='ltr'><strong>ignorans</strong></span> <span class='ocrx_word' id='word_1_378' title='bbox 1491 1316 1533 1344; x_wconf 90' lang='lat' dir='ltr'><strong>sic</strong></span> <span class='ocrx_word' id='word_1_379' title='bbox 1545 1323 1676 1352; x_wconf 79' lang='lat' dir='ltr'><strong>perverse</strong></span> <span class='ocrx_word' id='word_1_380' title='bbox 1688 1315 1877 1348; x_wconf 77' lang='lat' dir='ltr'><strong>aﬂ‘ectautem,</strong></span> 
     </span>
    </p>
   </div>
   <div class='ocr_carea' id='block_1_56' title="bbox 1080 1361 1874 1395">
    <p class='ocr_par' dir='ltr' id='par_1_56' title="bbox 1080 1361 1874 1395">
     <span class='ocr_line' id='line_1_56' title="bbox 1080 1361 1874 1395; baseline -0.003 -5"><span class='ocrx_word' id='word_1_381' title='bbox 1080 1362 1206 1391; x_wconf 84' lang='lat' dir='ltr'><strong>imitatus</strong></span> <span class='ocrx_word' id='word_1_382' title='bbox 1226 1362 1313 1391; x_wconf 88' lang='lat' dir='ltr'><strong>Deum</strong></span> <span class='ocrx_word' id='word_1_383' title='bbox 1339 1370 1432 1395; x_wconf 86' lang='lat' dir='ltr'><strong>suum,</strong></span> <span class='ocrx_word' id='word_1_384' title='bbox 1447 1369 1479 1390; x_wconf 89' lang='lat' dir='ltr'><strong>ac</strong></span> <span class='ocrx_word' id='word_1_385' title='bbox 1497 1363 1521 1390; x_wconf 85' lang='lat' dir='ltr'><strong>si</strong></span> <span class='ocrx_word' id='word_1_386' title='bbox 1537 1362 1572 1390; x_wconf 83' lang='lat' dir='ltr'><strong>ad</strong></span> <span class='ocrx_word' id='word_1_387' title='bbox 1587 1362 1672 1390; x_wconf 89' lang='lat' dir='ltr'><strong>alium</strong></span> <span class='ocrx_word' id='word_1_388' title='bbox 1699 1361 1874 1395; x_wconf 85' lang='lat' dir='ltr'><strong>lscariotem,</strong></span> 
     </span>
    </p>
   </div>
   <div class='ocr_carea' id='block_1_57' title="bbox 1081 1407 1880 1443">
    <p class='ocr_par' dir='ltr' id='par_1_57' title="bbox 1081 1407 1880 1443">
     <span class='ocr_line' id='line_1_57' title="bbox 1081 1407 1880 1443; baseline -0.003 -6"><span class='ocrx_word' id='word_1_389' title='bbox 1081 1407 1221 1443; x_wconf 78' lang='lat' dir='ltr'><strong>sapienter</strong></span> <span class='ocrx_word' id='word_1_390' title='bbox 1237 1412 1264 1436; x_wconf 92' lang='lat' dir='ltr'><strong>et</strong></span> <span class='ocrx_word' id='word_1_391' title='bbox 1276 1411 1421 1436; x_wconf 84' lang='lat' dir='ltr'><strong>mansuete</strong></span> <span class='ocrx_word' id='word_1_392' title='bbox 1436 1415 1534 1436; x_wconf 82' lang='lat' dir='ltr'><strong>eorum</strong></span> <span class='ocrx_word' id='word_1_393' title='bbox 1548 1415 1610 1443; x_wconf 75' lang='lat' dir='ltr'><strong>quat</strong></span> <span class='ocrx_word' id='word_1_394' title='bbox 1630 1407 1799 1443; x_wconf 85' lang='lat' dir='ltr'><strong>proditionis</strong></span> <span class='ocrx_word' id='word_1_395' title='bbox 1812 1411 1880 1436; x_wconf 86' lang='lat' dir='ltr'><strong>sunt</strong></span> 
     </span>
    </p>
   </div>
   <div class='ocr_carea' id='block_1_58' title="bbox 1084 1453 1879 1487">
    <p class='ocr_par' dir='ltr' id='par_1_58' title="bbox 1084 1453 1879 1487">
     <span class='ocr_line' id='line_1_58' title="bbox 1084 1453 1879 1487; baseline -0.004 -4"><span class='ocrx_word' id='word_1_396' title='bbox 1084 1454 1247 1483; x_wconf 82' lang='lat' dir='ltr'><strong>memoriam</strong></span> <span class='ocrx_word' id='word_1_397' title='bbox 1256 1454 1386 1482; x_wconf 80' lang='lat' dir='ltr'><strong>faciebat.</strong></span> <span class='ocrx_word' id='word_1_398' title='bbox 1399 1453 1469 1487; x_wconf 76' lang='lat' dir='ltr'><strong>Quia</strong></span> <span class='ocrx_word' id='word_1_399' title='bbox 1478 1460 1543 1482; x_wconf 87' lang='lat' dir='ltr'><strong>vero</strong></span> <span class='ocrx_word' id='word_1_400' title='bbox 1555 1453 1804 1482; x_wconf 83' lang='lat' dir='ltr'><strong>inconvertibiliter</strong></span> <span class='ocrx_word' id='word_1_401' title='bbox 1813 1460 1879 1480; x_wconf 78' lang='lat' dir='ltr'><strong>eum</strong></span> 
     </span>
    </p>
   </div>
   <div class='ocr_carea' id='block_1_59' title="bbox 1081 1499 1879 1532">
    <p class='ocr_par' dir='ltr' id='par_1_59' title="bbox 1081 1499 1879 1532">
     <span class='ocr_line' id='line_1_59' title="bbox 1081 1499 1879 1532; baseline -0.006 -2"><span class='ocrx_word' id='word_1_402' title='bbox 1081 1501 1193 1530; x_wconf 87' lang='lat' dir='ltr'><strong>videbat</strong></span> <span class='ocrx_word' id='word_1_403' title='bbox 1210 1508 1318 1532; x_wconf 80' lang='lat' dir='ltr'><strong>errare.</strong></span> <span class='ocrx_word' id='word_1_404' title='bbox 1339 1507 1493 1529; x_wconf 81' lang='lat' dir='ltr'><strong>conversus</strong></span> <span class='ocrx_word' id='word_1_405' title='bbox 1506 1499 1542 1528; x_wconf 82' lang='lat' dir='ltr'><strong>ad</strong></span> <span class='ocrx_word' id='word_1_406' title='bbox 1565 1507 1629 1528; x_wconf 82' lang='lat' dir='ltr'><strong>eum</strong></span> <span class='ocrx_word' id='word_1_407' title='bbox 1647 1500 1801 1528; x_wconf 77' lang='lat' dir='ltr'><strong>calcantem</strong></span> <span class='ocrx_word' id='word_1_408' title='bbox 1827 1499 1879 1526; x_wconf 77' lang='lat' dir='ltr'><strong>ati-</strong></span> 
     </span>
    </p>
   </div>
   <div class='ocr_carea' id='block_1_60' title="bbox 1080 1545 1875 1583">
    <p class='ocr_par' dir='ltr' id='par_1_60' title="bbox 1080 1545 1875 1583">
     <span class='ocr_line' id='line_1_60' title="bbox 1080 1545 1875 1583; baseline -0.005 -8"><span class='ocrx_word' id='word_1_409' title='bbox 1080 1547 1193 1583; x_wconf 84' lang='lat' dir='ltr'><strong>quando</strong></span> <span class='ocrx_word' id='word_1_410' title='bbox 1205 1547 1359 1582; x_wconf 87' lang='lat' dir='ltr'><strong>posteriora</strong></span> <span class='ocrx_word' id='word_1_411' title='bbox 1374 1546 1452 1574; x_wconf 58' lang='lat' dir='ltr'><strong>stolas</strong></span> <span class='ocrx_word' id='word_1_412' title='bbox 1462 1553 1531 1578; x_wconf 68' lang='lat' dir='ltr'><strong>sua,</strong></span> <span class='ocrx_word' id='word_1_413' title='bbox 1542 1553 1606 1573; x_wconf 88' lang='lat' dir='ltr'><strong>cum</strong></span> <span class='ocrx_word' id='word_1_414' title='bbox 1627 1545 1661 1573; x_wconf 84' lang='lat' dir='ltr'><strong>ad</strong></span> <span class='ocrx_word' id='word_1_415' title='bbox 1674 1545 1875 1580; x_wconf 82' lang='lat' dir='ltr'><strong>imperatorem</strong></span> 
     </span>
    </p>
   </div>
   <div class='ocr_carea' id='block_1_61' title="bbox 236 1591 1879 1638">
    <p class='ocr_par' dir='ltr' id='par_1_61' title="bbox 236 1591 1879 1638">
     <span class='ocr_line' id='line_1_61' title="bbox 236 1591 1879 1638; baseline -0.001 -19"><span class='ocrx_word' id='word_1_416' title='bbox 236 1591 320 1628; x_wconf 78' lang='lat' dir='ltr'><strong>igitur</strong></span> <span class='ocrx_word' id='word_1_417' title='bbox 338 1595 461 1626; x_wconf 84' lang='lat' dir='ltr'><strong>tempore</strong></span> <span class='ocrx_word' id='word_1_418' title='bbox 476 1592 653 1628; x_wconf 83' lang='lat' dir='ltr'><strong>impudenter</strong></span> <span class='ocrx_word' id='word_1_419' title='bbox 664 1593 745 1620; x_wconf 88' lang='lat' dir='ltr'><strong>beato</strong></span> <span class='ocrx_word' id='word_1_420' title='bbox 759 1592 898 1623; x_wconf 87' lang='lat' dir='ltr'><strong>Germano</strong></span> <span class='ocrx_word' id='word_1_421' title='bbox 913 1594 1031 1628; x_wconf 50' lang='lat' dir='ltr'><strong>patriam</strong></span> <span class='ocrx_word' id='word_1_422' title='bbox 1043 1607 1065 1638; x_wconf 68' lang='grc' dir='ltr'>ο</span> <span class='ocrx_word' id='word_1_423' title='bbox 1083 1592 1283 1629; x_wconf 76' lang='lat' dir='ltr'><strong>ingrederetur,</strong></span> <span class='ocrx_word' id='word_1_424' title='bbox 1306 1592 1346 1619; x_wconf 88' lang='lat' dir='ltr'><strong>ait</strong></span> <span class='ocrx_word' id='word_1_425' title='bbox 1365 1600 1372 1619; x_wconf 92' lang='lat'>:</span> <span class='ocrx_word' id='word_1_426' title='bbox 1391 1591 1433 1620; x_wconf 88' lang='lat' dir='ltr'><strong>Ne</strong></span> <span class='ocrx_word' id='word_1_427' title='bbox 1463 1592 1571 1627; x_wconf 76' lang='lat' dir='ltr'><strong>festines</strong></span> <span class='ocrx_word' id='word_1_428' title='bbox 1588 1599 1598 1619; x_wconf 88' lang='lat'><strong><em>:</em></strong></span> <span class='ocrx_word' id='word_1_429' title='bbox 1616 1599 1688 1619; x_wconf 78' lang='lat' dir='ltr'><strong>nant-</strong></span> <span class='ocrx_word' id='word_1_430' title='bbox 1703 1599 1757 1618; x_wconf 79' lang='lat' dir='ltr'><strong>non</strong></span> <span class='ocrx_word' id='word_1_431' title='bbox 1772 1591 1879 1626; x_wconf 71' lang='lat' dir='ltr'><strong>eﬂ‘ugiu</strong></span> 
     </span>
    </p>
   </div>
   <div class='ocr_carea' id='block_1_62' title="bbox 236 1637 1032 1673">
    <p class='ocr_par' dir='ltr' id='par_1_62' title="bbox 236 1637 1032 1673">
     <span class='ocr_line' id='line_1_62' title="bbox 236 1637 1032 1673; baseline 0.003 -8"><span class='ocrx_word' id='word_1_432' title='bbox 236 1637 297 1666; x_wconf 59' lang='lat' dir='ltr'><strong>cha‘.</strong></span> <span class='ocrx_word' id='word_1_433' title='bbox 304 1637 612 1673; x_wconf 84' lang='lat' dir='ltr'><strong>Constantinopolitano</strong></span> <span class='ocrx_word' id='word_1_434' title='bbox 619 1637 779 1673; x_wconf 83' lang='lat' dir='ltr'><strong>derogabat.</strong></span> <span class='ocrx_word' id='word_1_435' title='bbox 790 1645 927 1666; x_wconf 84' lang='lat' dir='ltr'><strong>accusans</strong></span> <span class='ocrx_word' id='word_1_436' title='bbox 933 1646 1032 1667; x_wconf 83' lang='lat' dir='ltr'><strong>omnes</strong></span> 
     </span>
    </p>
   </div>
   <div class='ocr_carea' id='block_1_63' title="bbox 236 1683 1032 1720">
    <p class='ocr_par' dir='ltr' id='par_1_63' title="bbox 236 1683 1032 1720">
     <span class='ocr_line' id='line_1_63' title="bbox 236 1683 1032 1720; baseline 0.001 -9"><span class='ocrx_word' id='word_1_437' title='bbox 236 1687 428 1711; x_wconf 81' lang='lat' dir='ltr'><strong>antecessores</strong></span> <span class='ocrx_word' id='word_1_438' title='bbox 440 1690 506 1712; x_wconf 82' lang='lat' dir='ltr'><strong>suos</strong></span> <span class='ocrx_word' id='word_1_439' title='bbox 519 1683 658 1719; x_wconf 82' lang='lat' dir='ltr'><strong>principes</strong></span> <span class='ocrx_word' id='word_1_440' title='bbox 675 1688 703 1712; x_wconf 85' lang='lat' dir='ltr'><strong>et</strong></span> <span class='ocrx_word' id='word_1_441' title='bbox 716 1684 860 1719; x_wconf 79' lang='lat' dir='ltr'><strong>pontiﬁces</strong></span> <span class='ocrx_word' id='word_1_442' title='bbox 882 1689 966 1720; x_wconf 83' lang='lat' dir='ltr'><strong>atque</strong></span> <span class='ocrx_word' id='word_1_443' title='bbox 980 1693 1032 1720; x_wconf 81' lang='lat' dir='ltr'><strong>po-</strong></span> 
     </span>
    </p>
   </div>
   <div class='ocr_carea' id='block_1_64' title="bbox 237 1727 1032 1765">
    <p class='ocr_par' dir='ltr' id='par_1_64' title="bbox 237 1727 1032 1765">
     <span class='ocr_line' id='line_1_64' title="bbox 237 1727 1032 1765; baseline 0.003 -10"><span class='ocrx_word' id='word_1_444' title='bbox 237 1728 317 1763; x_wconf 87' lang='lat' dir='ltr'><strong>pulos</strong></span> <span class='ocrx_word' id='word_1_445' title='bbox 343 1727 529 1763; x_wconf 84' lang='lat' dir='ltr'><strong>Christianos,</strong></span> <span class='ocrx_word' id='word_1_446' title='bbox 546 1728 627 1765; x_wconf 88' lang='lat' dir='ltr'><strong>quasi</strong></span> <span class='ocrx_word' id='word_1_447' title='bbox 651 1728 804 1757; x_wconf 58' lang='lat' dir='ltr'><strong>idolulatra‘.</strong></span> <span class='ocrx_word' id='word_1_448' title='bbox 829 1728 933 1757; x_wconf 85' lang='lat' dir='ltr'><strong>fuerint</strong></span> <span class='ocrx_word' id='word_1_449' title='bbox 948 1738 1032 1765; x_wconf 85' lang='lat' dir='ltr'><strong>super</strong></span> 
     </span>
    </p>
   </div>
   <div class='ocr_carea' id='block_1_65' title="bbox 236 1774 1031 1810">
    <p class='ocr_par' dir='ltr' id='par_1_65' title="bbox 236 1774 1031 1810">
     <span class='ocr_line' id='line_1_65' title="bbox 236 1774 1031 1810; baseline 0 -8"><span class='ocrx_word' id='word_1_450' title='bbox 236 1774 398 1805; x_wconf 81' lang='lat' dir='ltr'><strong>adoratione</strong></span> <span class='ocrx_word' id='word_1_451' title='bbox 414 1779 574 1803; x_wconf 83' lang='lat' dir='ltr'><strong>sanctarum</strong></span> <span class='ocrx_word' id='word_1_452' title='bbox 592 1782 625 1803; x_wconf 87' lang='lat' dir='ltr'><strong>ac</strong></span> <span class='ocrx_word' id='word_1_453' title='bbox 647 1774 850 1803; x_wconf 87' lang='lat' dir='ltr'><strong>venerabilium</strong></span> <span class='ocrx_word' id='word_1_454' title='bbox 865 1774 1031 1810; x_wconf 27' lang='lat' dir='ltr'><strong>,iconarum,</strong></span> 
     </span>
    </p>
   </div>
   <div class='ocr_carea' id='block_1_66' title="bbox 238 1820 1031 1857">
    <p class='ocr_par' dir='ltr' id='par_1_66' title="bbox 238 1820 1031 1857">
     <span class='ocr_line' id='line_1_66' title="bbox 238 1820 1031 1857; baseline 0.001 -9"><span class='ocrx_word' id='word_1_455' title='bbox 238 1827 292 1848; x_wconf 84' lang='lat' dir='ltr'><strong>non</strong></span> <span class='ocrx_word' id='word_1_456' title='bbox 308 1820 422 1856; x_wconf 83' lang='lat' dir='ltr'><strong>capiens</strong></span> <span class='ocrx_word' id='word_1_457' title='bbox 440 1821 527 1850; x_wconf 80' lang='lat' dir='ltr'><strong>idiota</strong></span> <span class='ocrx_word' id='word_1_458' title='bbox 541 1820 705 1849; x_wconf 80' lang='lat' dir='ltr'><strong>inﬁdelitate</strong></span> <span class='ocrx_word' id='word_1_459' title='bbox 725 1825 826 1857; x_wconf 81' lang='lat' dir='ltr'><strong>captus</strong></span> <span class='ocrx_word' id='word_1_460' title='bbox 840 1821 874 1850; x_wconf 87' lang='lat' dir='ltr'><strong>de</strong></span> <span class='ocrx_word' id='word_1_461' title='bbox 889 1821 1031 1850; x_wconf 81' lang='lat' dir='ltr'><strong>atl‘ectuali</strong></span> 
     </span>
    </p>
   </div>
   <div class='ocr_carea' id='block_1_67' title="bbox 235 1866 577 1895">
    <p class='ocr_par' dir='ltr' id='par_1_67' title="bbox 235 1866 577 1895">
     <span class='ocr_line' id='line_1_67' title="bbox 235 1866 577 1895; baseline -0.003 0"><span class='ocrx_word' id='word_1_462' title='bbox 235 1866 397 1895; x_wconf 72' lang='lat' dir='ltr'><strong>adcretione</strong></span> <span class='ocrx_word' id='word_1_463' title='bbox 407 1873 577 1895; x_wconf 83' lang='lat' dir='ltr'><strong>sermonem.</strong></span> 
     </span>
    </p>
   </div>
   <div class='ocr_carea' id='block_1_68' title="bbox 273 1911 1030 1946">
    <p class='ocr_par' dir='ltr' id='par_1_68' title="bbox 273 1911 1030 1946">
     <span class='ocr_line' id='line_1_68' title="bbox 273 1911 1030 1946; baseline 0.001 -7"><span class='ocrx_word' id='word_1_464' title='bbox 273 1911 366 1939; x_wconf 77' lang='lat' dir='ltr'><strong>Mundi</strong></span> <span class='ocrx_word' id='word_1_465' title='bbox 376 1919 449 1940; x_wconf 84' lang='lat' dir='ltr'><strong>anno</strong></span> <span class='ocrx_word' id='word_1_466' title='bbox 459 1912 542 1945; x_wconf 78' lang='lat' dir='ltr'><strong>62l9,</strong></span> <span class='ocrx_word' id='word_1_467' title='bbox 556 1912 657 1941; x_wconf 72' lang='lat' dir='ltr'><strong>divinae</strong></span> <span class='ocrx_word' id='word_1_468' title='bbox 671 1912 873 1942; x_wconf 82' lang='lat' dir='ltr'><strong>incarnationis</strong></span> <span class='ocrx_word' id='word_1_469' title='bbox 882 1920 956 1941; x_wconf 86' lang='lat' dir='ltr'><strong>anno</strong></span> <span class='ocrx_word' id='word_1_470' title='bbox 967 1912 1030 1946; x_wconf 79' lang='lat' dir='ltr'><strong>7l9,</strong></span> 
     </span>
    </p>
   </div>
   <div class='ocr_carea' id='block_1_69' title="bbox 238 1957 1033 1994">
    <p class='ocr_par' dir='ltr' id='par_1_69' title="bbox 238 1957 1033 1994">
     <span class='ocr_line' id='line_1_69' title="bbox 238 1957 1033 1994; baseline 0 -9"><span class='ocrx_word' id='word_1_471' title='bbox 238 1965 312 1985; x_wconf 83' lang='lat' dir='ltr'><strong>anno</strong></span> <span class='ocrx_word' id='word_1_472' title='bbox 325 1957 506 1994; x_wconf 75' lang='lat' dir='ltr'><strong>veroimperii</strong></span> <span class='ocrx_word' id='word_1_473' title='bbox 516 1957 616 1986; x_wconf 87' lang='lat' dir='ltr'><strong>Leonis</strong></span> <span class='ocrx_word' id='word_1_474' title='bbox 626 1958 786 1991; x_wconf 88' lang='lat' dir='ltr'><strong>undecimo,</strong></span> <span class='ocrx_word' id='word_1_475' title='bbox 799 1958 950 1994; x_wconf 72' lang='lat' dir='ltr'><strong>Gregorius</strong></span> <span class='ocrx_word' id='word_1_476' title='bbox 960 1965 1033 1993; x_wconf 87' lang='lat' dir='ltr'><strong>papa</strong></span> 
     </span>
    </p>
   </div>
   <div class='ocr_carea' id='block_1_70' title="bbox 239 2003 1033 2040">
    <p class='ocr_par' dir='ltr' id='par_1_70' title="bbox 239 2003 1033 2040">
     <span class='ocr_line' id='line_1_70' title="bbox 239 2003 1033 2040; baseline -0.001 -8"><span class='ocrx_word' id='word_1_477' title='bbox 239 2003 381 2033; x_wconf 73' lang='lat' dir='ltr'><strong>Romanus</strong></span> <span class='ocrx_word' id='word_1_478' title='bbox 410 2003 538 2032; x_wconf 84' lang='lat' dir='ltr'><strong>habetur.</strong></span> <span class='ocrx_word' id='word_1_479' title='bbox 553 2004 656 2032; x_wconf 87' lang='lat' dir='ltr'><strong>Eodem</strong></span> <span class='ocrx_word' id='word_1_480' title='bbox 675 2012 786 2040; x_wconf 89' lang='lat' dir='ltr'><strong>quoque</strong></span> <span class='ocrx_word' id='word_1_481' title='bbox 810 2011 884 2033; x_wconf 84' lang='lat' dir='ltr'><strong>anno</strong></span> <span class='ocrx_word' id='word_1_482' title='bbox 907 2003 1033 2032; x_wconf 84' lang='lat' dir='ltr'><strong>Ilauhias</strong></span> 
     </span>
    </p>
   </div>
   <div class='ocr_carea' id='block_1_71' title="bbox 238 2051 744 2086">
    <p class='ocr_par' dir='ltr' id='par_1_71' title="bbox 238 2051 744 2086">
     <span class='ocr_line' id='line_1_71' title="bbox 238 2051 744 2086; baseline 0.002 -8"><span class='ocrx_word' id='word_1_483' title='bbox 238 2054 321 2086; x_wconf 79' lang='lat' dir='ltr'><strong>capto</strong></span> <span class='ocrx_word' id='word_1_484' title='bbox 338 2051 426 2080; x_wconf 85' lang='lat' dir='ltr'><strong>Ateus</strong></span> <span class='ocrx_word' id='word_1_485' title='bbox 441 2055 537 2079; x_wconf 68' lang='lat' dir='ltr'><strong>castro</strong></span> <span class='ocrx_word' id='word_1_486' title='bbox 548 2058 678 2080; x_wconf 78' lang='lat' dir='ltr'><strong>reversus</strong></span> <span class='ocrx_word' id='word_1_487' title='bbox 691 2056 744 2079; x_wconf 90' lang='lat' dir='ltr'><strong>est.</strong></span> 
     </span>
    </p>
   </div>
   <div class='ocr_carea' id='block_1_72' title="bbox 273 2096 1032 2132">
    <p class='ocr_par' dir='ltr' id='par_1_72' title="bbox 273 2096 1032 2132">
     <span class='ocr_line' id='line_1_72' title="bbox 273 2096 1032 2132; baseline -0.001 -8"><span class='ocrx_word' id='word_1_488' title='bbox 273 2097 355 2124; x_wconf 86' lang='lat' dir='ltr'><strong>Anno</strong></span> <span class='ocrx_word' id='word_1_489' title='bbox 369 2097 478 2132; x_wconf 83' lang='lat' dir='ltr'><strong>imperii</strong></span> <span class='ocrx_word' id='word_1_490' title='bbox 496 2096 595 2126; x_wconf 80' lang='lat' dir='ltr'><strong>Leonis</strong></span> <span class='ocrx_word' id='word_1_491' title='bbox 603 2097 770 2126; x_wconf 86' lang='lat' dir='ltr'><strong>duodecimo</strong></span> <span class='ocrx_word' id='word_1_492' title='bbox 780 2097 867 2125; x_wconf 80' lang='lat' dir='ltr'><strong>movit</strong></span> <span class='ocrx_word' id='word_1_493' title='bbox 880 2096 1032 2125; x_wconf 74' lang='lat' dir='ltr'><strong>exercitum</strong></span> 
     </span>
    </p>
   </div>
   <div class='ocr_carea' id='block_1_73' title="bbox 240 2141 1033 2177">
    <p class='ocr_par' dir='ltr' id='par_1_73' title="bbox 240 2141 1033 2177">
     <span class='ocr_line' id='line_1_73' title="bbox 240 2141 1033 2177; baseline -0.001 -7"><span class='ocrx_word' id='word_1_494' title='bbox 240 2141 315 2170; x_wconf 72' lang='lat' dir='ltr'><strong>Illius</strong></span> <span class='ocrx_word' id='word_1_495' title='bbox 330 2141 456 2177; x_wconf 79' lang='lat' dir='ltr'><strong>Cbagani</strong></span> <span class='ocrx_word' id='word_1_496' title='bbox 476 2141 611 2177; x_wconf 87' lang='lat' dir='ltr'><strong>principis</strong></span> <span class='ocrx_word' id='word_1_497' title='bbox 629 2141 773 2169; x_wconf 70' lang='lat' dir='ltr'><strong>Chaurize</strong></span> <span class='ocrx_word' id='word_1_498' title='bbox 802 2146 900 2170; x_wconf 88' lang='lat' dir='ltr'><strong>contra</strong></span> <span class='ocrx_word' id='word_1_499' title='bbox 917 2141 1033 2170; x_wconf 81' lang='lat' dir='ltr'><strong>Mediam</strong></span> 
     </span>
    </p>
   </div>
   <div class='ocr_carea' id='block_1_74' title="bbox 237 2185 1034 2222">
    <p class='ocr_par' dir='ltr' id='par_1_74' title="bbox 237 2185 1034 2222">
     <span class='ocr_line' id='line_1_74' title="bbox 237 2185 1034 2222; baseline 0 -8"><span class='ocrx_word' id='word_1_500' title='bbox 237 2190 266 2214; x_wconf 89' lang='lat' dir='ltr'><strong>et</strong></span> <span class='ocrx_word' id='word_1_501' title='bbox 279 2186 451 2220; x_wconf 84' lang='lat' dir='ltr'><strong>Armeniam,</strong></span> <span class='ocrx_word' id='word_1_502' title='bbox 465 2186 665 2222; x_wconf 83' lang='lat' dir='ltr'><strong>inventumque</strong></span> <span class='ocrx_word' id='word_1_503' title='bbox 691 2186 719 2214; x_wconf 78' lang='lat' dir='ltr'><strong>in</strong></span> <span class='ocrx_word' id='word_1_504' title='bbox 735 2186 836 2214; x_wconf 82' lang='lat' dir='ltr'><strong>Arabia</strong></span> <span class='ocrx_word' id='word_1_505' title='bbox 860 2185 1034 2214; x_wconf 83' lang='lat' dir='ltr'><strong>Gardacbum</strong></span> 
     </span>
    </p>
   </div>
   <div class='ocr_carea' id='block_1_75' title="bbox 238 2232 1035 2269">
    <p class='ocr_par' dir='ltr' id='par_1_75' title="bbox 238 2232 1035 2269">
     <span class='ocr_line' id='line_1_75' title="bbox 238 2232 1035 2269; baseline 0 -9"><span class='ocrx_word' id='word_1_506' title='bbox 238 2232 359 2260; x_wconf 80' lang='lat' dir='ltr'><strong>Arabum</strong></span> <span class='ocrx_word' id='word_1_507' title='bbox 372 2236 518 2268; x_wconf 80' lang='lat' dir='ltr'><strong>praetorem</strong></span> <span class='ocrx_word' id='word_1_508' title='bbox 534 2232 696 2265; x_wconf 84' lang='lat' dir='ltr'><strong>trucidavit,</strong></span> <span class='ocrx_word' id='word_1_509' title='bbox 713 2236 741 2260; x_wconf 87' lang='lat' dir='ltr'><strong>et</strong></span> <span class='ocrx_word' id='word_1_510' title='bbox 751 2232 957 2260; x_wconf 80' lang='lat' dir='ltr'><strong>multitudinem</strong></span> <span class='ocrx_word' id='word_1_511' title='bbox 972 2240 1035 2269; x_wconf 81' lang='lat' dir='ltr'><strong>quas</strong></span> 
     </span>
    </p>
   </div>
   <div class='ocr_carea' id='block_1_76' title="bbox 1082 1637 1879 1674">
    <p class='ocr_par' dir='ltr' id='par_1_76' title="bbox 1082 1637 1879 1674">
     <span class='ocr_line' id='line_1_76' title="bbox 1082 1637 1879 1674; baseline -0.004 -7"><span class='ocrx_word' id='word_1_512' title='bbox 1082 1648 1097 1668; x_wconf 90' lang='lat' dir='ltr'><strong>a</strong></span> <span class='ocrx_word' id='word_1_513' title='bbox 1114 1644 1140 1667; x_wconf 80' lang='lat' dir='ltr'><strong>te</strong></span> <span class='ocrx_word' id='word_1_514' title='bbox 1163 1643 1265 1674; x_wconf 70' lang='lat' dir='ltr'><strong>tempus</strong></span> <span class='ocrx_word' id='word_1_515' title='bbox 1278 1638 1446 1674; x_wconf 73' lang='lat' dir='ltr'><strong>ingmdisndi</strong></span> <span class='ocrx_word' id='word_1_516' title='bbox 1459 1638 1580 1673; x_wconf 77' lang='lat' dir='ltr'><strong>Diippin.</strong></span> <span class='ocrx_word' id='word_1_517' title='bbox 1596 1637 1633 1665; x_wconf 85' lang='lat' dir='ltr'><strong>At</strong></span> <span class='ocrx_word' id='word_1_518' title='bbox 1648 1637 1695 1665; x_wconf 88' lang='lat' dir='ltr'><strong>ille</strong></span> <span class='ocrx_word' id='word_1_519' title='bbox 1719 1644 1803 1672; x_wconf 79' lang='lat' dir='ltr'><strong>super</strong></span> <span class='ocrx_word' id='word_1_520' title='bbox 1817 1644 1879 1664; x_wconf 84' lang='lat' dir='ltr'><strong>ser-</strong></span> 
     </span>
    </p>
   </div>
   <div class='ocr_carea' id='block_1_77' title="bbox 1081 1682 1880 1719">
    <p class='ocr_par' dir='ltr' id='par_1_77' title="bbox 1081 1682 1880 1719">
     <span class='ocr_line' id='line_1_77' title="bbox 1081 1682 1880 1719; baseline -0.003 -7"><span class='ocrx_word' id='word_1_521' title='bbox 1081 1691 1191 1712; x_wconf 88' lang='lat' dir='ltr'><strong>monem</strong></span> <span class='ocrx_word' id='word_1_522' title='bbox 1215 1684 1348 1713; x_wconf 82' lang='lat' dir='ltr'><strong>tristatus</strong></span> <span class='ocrx_word' id='word_1_523' title='bbox 1371 1691 1435 1712; x_wconf 83' lang='lat' dir='ltr'><strong>cum</strong></span> <span class='ocrx_word' id='word_1_524' title='bbox 1457 1684 1521 1712; x_wconf 79' lang='lat' dir='ltr'><strong>aliis</strong></span> <span class='ocrx_word' id='word_1_525' title='bbox 1545 1684 1594 1719; x_wconf 84' lang='lat' dir='ltr'><strong>qui</strong></span> <span class='ocrx_word' id='word_1_526' title='bbox 1614 1683 1689 1711; x_wconf 82' lang='lat' dir='ltr'><strong>hunc</strong></span> <span class='ocrx_word' id='word_1_527' title='bbox 1720 1682 1880 1716; x_wconf 77' lang='lat' dir='ltr'><strong>audierant,</strong></span> 
     </span>
    </p>
   </div>
   <div class='ocr_carea' id='block_1_78' title="bbox 1082 1729 1880 1766">
    <p class='ocr_par' dir='ltr' id='par_1_78' title="bbox 1082 1729 1880 1766">
     <span class='ocr_line' id='line_1_78' title="bbox 1082 1729 1880 1766; baseline -0.004 -8"><span class='ocrx_word' id='word_1_528' title='bbox 1082 1731 1248 1766; x_wconf 79' lang='lat' dir='ltr'><strong>praesagium</strong></span> <span class='ocrx_word' id='word_1_529' title='bbox 1262 1729 1420 1766; x_wconf 83' lang='lat' dir='ltr'><strong>ignorabat.</strong></span> <span class='ocrx_word' id='word_1_530' title='bbox 1435 1729 1516 1764; x_wconf 80' lang='lat' dir='ltr'><strong>Quod</strong></span> <span class='ocrx_word' id='word_1_531' title='bbox 1534 1737 1599 1757; x_wconf 84' lang='lat' dir='ltr'><strong>cum</strong></span> <span class='ocrx_word' id='word_1_532' title='bbox 1611 1730 1692 1757; x_wconf 85' lang='lat' dir='ltr'><strong>tinem</strong></span> <span class='ocrx_word' id='word_1_533' title='bbox 1705 1733 1768 1764; x_wconf 87' lang='lat' dir='ltr'><strong>post</strong></span> <span class='ocrx_word' id='word_1_534' title='bbox 1797 1729 1880 1763; x_wconf 82' lang='lat' dir='ltr'><strong>quin-</strong></span> 
     </span>
    </p>
   </div>
   <div class='ocr_carea' id='block_1_79' title="bbox 1081 1773 1882 1810">
    <p class='ocr_par' dir='ltr' id='par_1_79' title="bbox 1081 1773 1882 1810">
     <span class='ocr_line' id='line_1_79' title="bbox 1081 1773 1882 1810; baseline -0.004 -7"><span class='ocrx_word' id='word_1_535' title='bbox 1081 1775 1172 1804; x_wconf 86' lang='lat' dir='ltr'><strong>decim</strong></span> <span class='ocrx_word' id='word_1_536' title='bbox 1204 1782 1292 1803; x_wconf 84' lang='lat' dir='ltr'><strong>annos</strong></span> <span class='ocrx_word' id='word_1_537' title='bbox 1309 1775 1488 1810; x_wconf 83' lang='lat' dir='ltr'><strong>percepisset,</strong></span> <span class='ocrx_word' id='word_1_538' title='bbox 1516 1774 1601 1802; x_wconf 89' lang='lat' dir='ltr'><strong>tertio</strong></span> <span class='ocrx_word' id='word_1_539' title='bbox 1621 1774 1749 1801; x_wconf 86' lang='lat' dir='ltr'><strong>videlicet</strong></span> <span class='ocrx_word' id='word_1_540' title='bbox 1771 1773 1882 1808; x_wconf 82' lang='lat' dir='ltr'><strong>imperii</strong></span> 
     </span>
    </p>
   </div>
   <div class='ocr_carea' id='block_1_80' title="bbox 1083 1819 1879 1856">
    <p class='ocr_par' dir='ltr' id='par_1_80' title="bbox 1083 1819 1879 1856">
     <span class='ocr_line' id='line_1_80' title="bbox 1083 1819 1879 1856; baseline -0.005 -6"><span class='ocrx_word' id='word_1_541' title='bbox 1083 1821 1259 1850; x_wconf 81' lang='lat' dir='ltr'><strong>Constantini</strong></span> <span class='ocrx_word' id='word_1_542' title='bbox 1272 1821 1460 1856; x_wconf 81' lang='lat' dir='ltr'><strong>persecutoris</strong></span> <span class='ocrx_word' id='word_1_543' title='bbox 1471 1827 1556 1854; x_wconf 88' lang='lat' dir='ltr'><strong>anno,</strong></span> <span class='ocrx_word' id='word_1_544' title='bbox 1568 1819 1728 1848; x_wconf 86' lang='lat' dir='ltr'><strong>indictionis</strong></span> <span class='ocrx_word' id='word_1_545' title='bbox 1742 1819 1879 1847; x_wconf 86' lang='lat' dir='ltr'><strong>duodeci-</strong></span> 
     </span>
    </p>
   </div>
   <div class='ocr_carea' id='block_1_81' title="bbox 1083 1865 1883 1901">
    <p class='ocr_par' dir='ltr' id='par_1_81' title="bbox 1083 1865 1883 1901">
     <span class='ocr_line' id='line_1_81' title="bbox 1083 1865 1883 1901; baseline -0.003 -7"><span class='ocrx_word' id='word_1_546' title='bbox 1083 1875 1144 1900; x_wconf 65' lang='lat' dir='ltr'><strong>ma,</strong></span> <span class='ocrx_word' id='word_1_547' title='bbox 1151 1866 1281 1895; x_wconf 86' lang='lat' dir='ltr'><strong>omnibus</strong></span> <span class='ocrx_word' id='word_1_548' title='bbox 1289 1866 1401 1895; x_wconf 87' lang='lat' dir='ltr'><strong>credere</strong></span> <span class='ocrx_word' id='word_1_549' title='bbox 1410 1866 1550 1901; x_wconf 86' lang='lat' dir='ltr'><strong>persuasit</strong></span> <span class='ocrx_word' id='word_1_550' title='bbox 1561 1873 1595 1893; x_wconf 78' lang='lat' dir='ltr'><strong>ex</strong></span> <span class='ocrx_word' id='word_1_551' title='bbox 1604 1865 1698 1893; x_wconf 81' lang='lat' dir='ltr'><strong>divina</strong></span> <span class='ocrx_word' id='word_1_552' title='bbox 1713 1865 1804 1900; x_wconf 84' lang='lat' dir='ltr'><strong>gratia</strong></span> <span class='ocrx_word' id='word_1_553' title='bbox 1813 1865 1883 1893; x_wconf 82' lang='lat' dir='ltr'><strong>fuis-</strong></span> 
     </span>
    </p>
   </div>
   <div class='ocr_carea' id='block_1_82' title="bbox 1083 1911 1880 1949">
    <p class='ocr_par' dir='ltr' id='par_1_82' title="bbox 1083 1911 1880 1949">
     <span class='ocr_line' id='line_1_82' title="bbox 1083 1911 1880 1949; baseline -0.005 -7"><span class='ocrx_word' id='word_1_554' title='bbox 1083 1921 1114 1942; x_wconf 85' lang='lat' dir='ltr'><strong>se</strong></span> <span class='ocrx_word' id='word_1_555' title='bbox 1135 1913 1246 1949; x_wconf 85' lang='lat' dir='ltr'><strong>ingrato</strong></span> <span class='ocrx_word' id='word_1_556' title='bbox 1268 1912 1430 1949; x_wconf 80' lang='lat' dir='ltr'><strong>prophetica</strong></span> <span class='ocrx_word' id='word_1_557' title='bbox 1453 1912 1570 1942; x_wconf 88' lang='lat' dir='ltr'><strong>dictum.</strong></span> <span class='ocrx_word' id='word_1_558' title='bbox 1585 1911 1789 1940; x_wconf 79' lang='lat' dir='ltr'><strong>Constantinus</strong></span> <span class='ocrx_word' id='word_1_559' title='bbox 1804 1912 1880 1940; x_wconf 85' lang='lat' dir='ltr'><strong>enim</strong></span> 
     </span>
    </p>
   </div>
   <div class='ocr_carea' id='block_1_83' title="bbox 1084 1957 1883 1996">
    <p class='ocr_par' dir='ltr' id='par_1_83' title="bbox 1084 1957 1883 1996">
     <span class='ocr_line' id='line_1_83' title="bbox 1084 1957 1883 1996; baseline -0.005 -9"><span class='ocrx_word' id='word_1_560' title='bbox 1084 1963 1147 1996; x_wconf 89' lang='lat' dir='ltr'><strong>post</strong></span> <span class='ocrx_word' id='word_1_561' title='bbox 1163 1959 1257 1995; x_wconf 80' lang='lat' dir='ltr'><strong>generi</strong></span> <span class='ocrx_word' id='word_1_562' title='bbox 1275 1958 1318 1986; x_wconf 87' lang='lat' dir='ltr'><strong>sui</strong></span> <span class='ocrx_word' id='word_1_563' title='bbox 1344 1957 1492 1986; x_wconf 84' lang='lat' dir='ltr'><strong>Artabasdi</strong></span> <span class='ocrx_word' id='word_1_564' title='bbox 1506 1958 1684 1986; x_wconf 87' lang='lat' dir='ltr'><strong>rebellionem</strong></span> <span class='ocrx_word' id='word_1_565' title='bbox 1710 1965 1774 1985; x_wconf 92' lang='lat' dir='ltr'><strong>cum</strong></span> <span class='ocrx_word' id='word_1_566' title='bbox 1791 1957 1883 1992; x_wconf 80' lang='lat' dir='ltr'><strong>impe-</strong></span> 
     </span>
    </p>
   </div>
   <div class='ocr_carea' id='block_1_84' title="bbox 1083 2004 1880 2037">
    <p class='ocr_par' dir='ltr' id='par_1_84' title="bbox 1083 2004 1880 2037">
     <span class='ocr_line' id='line_1_84' title="bbox 1083 2004 1880 2037; baseline -0.004 -4"><span class='ocrx_word' id='word_1_567' title='bbox 1083 2006 1156 2034; x_wconf 90' lang='lat' dir='ltr'><strong>rium</strong></span> <span class='ocrx_word' id='word_1_568' title='bbox 1171 2005 1351 2037; x_wconf 83' lang='lat' dir='ltr'><strong>obtinuisset.</strong></span> <span class='ocrx_word' id='word_1_569' title='bbox 1364 2004 1440 2032; x_wconf 86' lang='lat' dir='ltr'><strong>hunc</strong></span> <span class='ocrx_word' id='word_1_570' title='bbox 1464 2004 1645 2032; x_wconf 81' lang='lat' dir='ltr'><strong>Anastasium</strong></span> <span class='ocrx_word' id='word_1_571' title='bbox 1659 2011 1760 2032; x_wconf 69' lang='lat' dir='ltr'><strong>casum</strong></span> <span class='ocrx_word' id='word_1_572' title='bbox 1773 2007 1802 2030; x_wconf 82' lang='lat' dir='ltr'><strong>et</strong></span> <span class='ocrx_word' id='word_1_573' title='bbox 1814 2010 1880 2030; x_wconf 86' lang='lat' dir='ltr'><strong>cum</strong></span> 
     </span>
    </p>
   </div>
   <div class='ocr_carea' id='block_1_85' title="bbox 1083 2048 1884 2086">
    <p class='ocr_par' dir='ltr' id='par_1_85' title="bbox 1083 2048 1884 2086">
     <span class='ocr_line' id='line_1_85' title="bbox 1083 2048 1884 2086; baseline -0.004 -7"><span class='ocrx_word' id='word_1_574' title='bbox 1083 2051 1147 2079; x_wconf 83' lang='lat' dir='ltr'><strong>aliis</strong></span> <span class='ocrx_word' id='word_1_575' title='bbox 1165 2050 1286 2078; x_wconf 87' lang='lat' dir='ltr'><strong>inimicis</strong></span> <span class='ocrx_word' id='word_1_576' title='bbox 1301 2050 1331 2078; x_wconf 89' lang='lat' dir='ltr'><strong>in</strong></span> <span class='ocrx_word' id='word_1_577' title='bbox 1358 2049 1588 2086; x_wconf 83' lang='lat' dir='ltr'><strong>Hippodromium</strong></span> <span class='ocrx_word' id='word_1_578' title='bbox 1614 2057 1663 2085; x_wconf 89' lang='lat' dir='ltr'><strong>per</strong></span> <span class='ocrx_word' id='word_1_579' title='bbox 1681 2049 1817 2084; x_wconf 87' lang='lat' dir='ltr'><strong>Diippiutn</strong></span> <span class='ocrx_word' id='word_1_580' title='bbox 1837 2048 1884 2076; x_wconf 84' lang='lat' dir='ltr'><strong>in-</strong></span> 
     </span>
    </p>
   </div>
   <div class='ocr_carea' id='block_1_86' title="bbox 1084 2094 1884 2133">
    <p class='ocr_par' dir='ltr' id='par_1_86' title="bbox 1084 2094 1884 2133">
     <span class='ocr_line' id='line_1_86' title="bbox 1084 2094 1884 2133; baseline -0.004 -8"><span class='ocrx_word' id='word_1_581' title='bbox 1084 2104 1224 2133; x_wconf 86' lang='lat' dir='ltr'><strong>gressum,</strong></span> <span class='ocrx_word' id='word_1_582' title='bbox 1241 2096 1347 2124; x_wconf 89' lang='lat' dir='ltr'><strong>nudum</strong></span> <span class='ocrx_word' id='word_1_583' title='bbox 1363 2103 1448 2132; x_wconf 86' lang='lat' dir='ltr'><strong>super</strong></span> <span class='ocrx_word' id='word_1_584' title='bbox 1461 2096 1570 2124; x_wconf 88' lang='lat' dir='ltr'><strong>asinum</strong></span> <span class='ocrx_word' id='word_1_585' title='bbox 1590 2103 1672 2124; x_wconf 87' lang='lat' dir='ltr'><strong>verso</strong></span> <span class='ocrx_word' id='word_1_586' title='bbox 1686 2095 1764 2122; x_wconf 82' lang='lat' dir='ltr'><strong>vultu</strong></span> <span class='ocrx_word' id='word_1_587' title='bbox 1781 2094 1884 2123; x_wconf 84' lang='lat' dir='ltr'><strong>seden-</strong></span> 
     </span>
    </p>
   </div>
   <div class='ocr_carea' id='block_1_87' title="bbox 1085 2141 1884 2179">
    <p class='ocr_par' dir='ltr' id='par_1_87' title="bbox 1085 2141 1884 2179">
     <span class='ocr_line' id='line_1_87' title="bbox 1085 2141 1884 2179; baseline -0.004 -6"><span class='ocrx_word' id='word_1_588' title='bbox 1085 2149 1139 2173; x_wconf 89' lang='lat' dir='ltr'><strong>tem</strong></span> <span class='ocrx_word' id='word_1_589' title='bbox 1160 2143 1314 2179; x_wconf 81' lang='lat' dir='ltr'><strong>pompavit.</strong></span> <span class='ocrx_word' id='word_1_590' title='bbox 1328 2151 1362 2171; x_wconf 90' lang='lat' dir='ltr'><strong>eo</strong></span> <span class='ocrx_word' id='word_1_591' title='bbox 1373 2143 1447 2178; x_wconf 80' lang='lat' dir='ltr'><strong>quod</strong></span> <span class='ocrx_word' id='word_1_592' title='bbox 1462 2143 1516 2171; x_wconf 84' lang='lat' dir='ltr'><strong>sibi</strong></span> <span class='ocrx_word' id='word_1_593' title='bbox 1531 2150 1586 2170; x_wconf 85' lang='lat' dir='ltr'><strong>una</strong></span> <span class='ocrx_word' id='word_1_594' title='bbox 1603 2149 1666 2169; x_wconf 92' lang='lat' dir='ltr'><strong>cum</strong></span> <span class='ocrx_word' id='word_1_595' title='bbox 1681 2142 1743 2169; x_wconf 87' lang='lat' dir='ltr'><strong>aliis</strong></span> <span class='ocrx_word' id='word_1_596' title='bbox 1761 2141 1884 2170; x_wconf 78' lang='lat' dir='ltr'><strong>inimicis</strong></span> 
     </span>
    </p>
   </div>
   <div class='ocr_carea' id='block_1_88' title="bbox 1085 2187 1882 2225">
    <p class='ocr_par' dir='ltr' id='par_1_88' title="bbox 1085 2187 1882 2225">
     <span class='ocr_line' id='line_1_88' title="bbox 1085 2187 1882 2225; baseline -0.005 -7"><span class='ocrx_word' id='word_1_597' title='bbox 1085 2190 1157 2218; x_wconf 84' lang='lat' dir='ltr'><strong>mala</strong></span> <span class='ocrx_word' id='word_1_598' title='bbox 1174 2189 1260 2218; x_wconf 90' lang='lat' dir='ltr'><strong>fuerit</strong></span> <span class='ocrx_word' id='word_1_599' title='bbox 1273 2189 1444 2225; x_wconf 82' lang='lat' dir='ltr'><strong>imprecatus</strong></span> <span class='ocrx_word' id='word_1_600' title='bbox 1469 2193 1497 2217; x_wconf 92' lang='lat' dir='ltr'><strong>et</strong></span> <span class='ocrx_word' id='word_1_601' title='bbox 1519 2187 1708 2216; x_wconf 83' lang='lat' dir='ltr'><strong>Artahasdum</strong></span> <span class='ocrx_word' id='word_1_602' title='bbox 1726 2194 1882 2215; x_wconf 75' lang='lat' dir='ltr'><strong>coronave-</strong></span> 
     </span>
    </p>
   </div>
   <div class='ocr_carea' id='block_1_89' title="bbox 1084 2232 1886 2275">
    <p class='ocr_par' dir='ltr' id='par_1_89' title="bbox 1084 2232 1886 2275">
     <span class='ocr_line' id='line_1_89' title="bbox 1084 2232 1886 2275; baseline -0.004 -12"><span class='ocrx_word' id='word_1_603' title='bbox 1084 2236 1133 2268; x_wconf 84' lang='lat' dir='ltr'><strong>rit.</strong></span> <span class='ocrx_word' id='word_1_604' title='bbox 1150 2235 1224 2265; x_wconf 88' lang='lat' dir='ltr'><strong>sicut</strong></span> <span class='ocrx_word' id='word_1_605' title='bbox 1241 2235 1270 2264; x_wconf 94' lang='lat' dir='ltr'><strong>in</strong></span> <span class='ocrx_word' id='word_1_606' title='bbox 1283 2242 1334 2263; x_wconf 90' lang='lat' dir='ltr'><strong>suo</strong></span> <span class='ocrx_word' id='word_1_607' title='bbox 1351 2235 1519 2264; x_wconf 84' lang='lat' dir='ltr'><strong>indicabitur</strong></span> <span class='ocrx_word' id='word_1_608' title='bbox 1532 2235 1604 2262; x_wconf 83' lang='lat' dir='ltr'><strong>loco.</strong></span> <span class='ocrx_word' id='word_1_609' title='bbox 1621 2234 1656 2262; x_wconf 80' lang='lat' dir='ltr'><strong>Et</strong></span> <span class='ocrx_word' id='word_1_610' title='bbox 1682 2233 1807 2275; x_wconf 80' lang='lat' dir='ltr'><strong>Byzantii</strong></span> <span class='ocrx_word' id='word_1_611' title='bbox 1821 2232 1886 2268; x_wconf 87' lang='lat' dir='ltr'><strong>qui-</strong></span> 
     </span>
    </p>
   </div>
   <div class='ocr_carea' id='block_1_90' title="bbox 239 2278 1884 2326">
    <p class='ocr_par' dir='ltr' id='par_1_90' title="bbox 239 2278 1884 2326">
     <span class='ocr_line' id='line_1_90' title="bbox 239 2278 1884 2326; baseline -0.001 -19"><span class='ocrx_word' id='word_1_612' title='bbox 239 2278 399 2326; x_wconf 73' lang='lat' dir='ltr'><strong>simulcunt</strong></span> <span class='ocrx_word' id='word_1_613' title='bbox 415 2285 450 2306; x_wconf 88' lang='lat' dir='ltr'><strong>eo</strong></span> <span class='ocrx_word' id='word_1_614' title='bbox 461 2281 532 2311; x_wconf 84' lang='lat' dir='ltr'><strong>erat,</strong></span> <span class='ocrx_word' id='word_1_615' title='bbox 541 2281 577 2326; x_wconf 77' lang='lat' dir='ltr'><strong>et</strong></span> <span class='ocrx_word' id='word_1_616' title='bbox 592 2278 775 2326; x_wconf 80' lang='lat' dir='ltr'><strong>depopulatus</strong></span> <span class='ocrx_word' id='word_1_617' title='bbox 783 2278 979 2326; x_wconf 78' lang='lat' dir='ltr'><strong>Armeniorum</strong></span> <span class='ocrx_word' id='word_1_618' title='bbox 990 2283 1034 2306; x_wconf 87' lang='lat' dir='ltr'><strong>at-</strong></span> <span class='ocrx_word' id='word_1_619' title='bbox 1047 2295 1075 2326; x_wconf 69' lang='grc' dir='ltr'><strong>Β</strong></span> <span class='ocrx_word' id='word_1_620' title='bbox 1086 2281 1150 2311; x_wconf 82' lang='lat' dir='ltr'><strong>dem</strong></span> <span class='ocrx_word' id='word_1_621' title='bbox 1166 2287 1357 2318; x_wconf 72' lang='lat' dir='ltr'><strong>propugnator</strong></span> <span class='ocrx_word' id='word_1_622' title='bbox 1372 2289 1423 2317; x_wconf 91' lang='lat' dir='ltr'><strong>pro</strong></span> <span class='ocrx_word' id='word_1_623' title='bbox 1433 2281 1613 2317; x_wconf 73' lang='lat' dir='ltr'><strong>dogmatibus</strong></span> <span class='ocrx_word' id='word_1_624' title='bbox 1621 2280 1732 2315; x_wconf 84' lang='lat' dir='ltr'><strong>pietatis</strong></span> <span class='ocrx_word' id='word_1_625' title='bbox 1745 2287 1826 2307; x_wconf 84' lang='lat' dir='ltr'><strong>sacer</strong></span> <span class='ocrx_word' id='word_1_626' title='bbox 1836 2279 1884 2307; x_wconf 85' lang='lat' dir='ltr'><strong>hic</strong></span> 
     </span>
    </p>
   </div>
   <div class='ocr_carea' id='block_1_91' title="bbox 238 2323 1885 2364">
    <p class='ocr_par' dir='ltr' id='par_1_91' title="bbox 238 2323 1885 2364">
     <span class='ocr_line' id='line_1_91' title="bbox 238 2323 1885 2364; baseline 0.001 -13"><span class='ocrx_word' id='word_1_627' title='bbox 238 2332 292 2360; x_wconf 78' lang='lat' dir='ltr'><strong>que</strong></span> <span class='ocrx_word' id='word_1_628' title='bbox 319 2323 462 2352; x_wconf 76' lang='lat' dir='ltr'><strong>Medorum</strong></span> <span class='ocrx_word' id='word_1_629' title='bbox 489 2324 619 2360; x_wconf 77' lang='lat' dir='ltr'><strong>regiones</strong></span> <span class='ocrx_word' id='word_1_630' title='bbox 645 2324 739 2359; x_wconf 84' lang='lat' dir='ltr'><strong>rediit,</strong></span> <span class='ocrx_word' id='word_1_631' title='bbox 763 2330 867 2353; x_wconf 86' lang='lat' dir='ltr'><strong>metum</strong></span> <span class='ocrx_word' id='word_1_632' title='bbox 894 2325 1034 2355; x_wconf 79' lang='lat' dir='ltr'><strong>incutiens</strong></span> <span class='ocrx_word' id='word_1_633' title='bbox 1047 2323 1065 2326; x_wconf 64' lang='grc'><strong><em>”</em></strong></span> <span class='ocrx_word' id='word_1_634' title='bbox 1086 2332 1115 2357; x_wconf 88' lang='lat' dir='ltr'><strong>et</strong></span> <span class='ocrx_word' id='word_1_635' title='bbox 1129 2328 1256 2364; x_wconf 81' lang='lat' dir='ltr'><strong>egregius</strong></span> <span class='ocrx_word' id='word_1_636' title='bbox 1278 2327 1400 2363; x_wconf 88' lang='lat' dir='ltr'><strong>pollebat</strong></span> <span class='ocrx_word' id='word_1_637' title='bbox 1413 2327 1580 2359; x_wconf 85' lang='lat' dir='ltr'><strong>Germanus,</strong></span> <span class='ocrx_word' id='word_1_638' title='bbox 1597 2333 1648 2353; x_wconf 81' lang='lat' dir='ltr'><strong>ceu</strong></span> <span class='ocrx_word' id='word_1_639' title='bbox 1667 2329 1765 2353; x_wconf 84' lang='lat' dir='ltr'><strong>contra</strong></span> <span class='ocrx_word' id='word_1_640' title='bbox 1781 2325 1885 2353; x_wconf 85' lang='lat' dir='ltr'><strong>bestias</strong></span> 
     </span>
    </p>
   </div>
   <div class='ocr_carea' id='block_1_92' title="bbox 237 2370 1030 2410">
    <p class='ocr_par' dir='ltr' id='par_1_92' title="bbox 237 2370 517 2399">
     <span class='ocr_line' id='line_1_92' title="bbox 237 2370 517 2399; baseline 0 0"><span class='ocrx_word' id='word_1_641' title='bbox 237 2370 378 2399; x_wconf 77' lang='lat' dir='ltr'><strong>Arabibus</strong></span> <span class='ocrx_word' id='word_1_642' title='bbox 388 2371 517 2399; x_wconf 87' lang='lat' dir='ltr'><strong>multum.</strong></span> 
     </span>
    </p>
   </div>
   <div class='ocr_carea' id='block_1_93' title="bbox 1080 2370 1885 2410">
    <p class='ocr_par' dir='ltr' id='par_1_93' title="bbox 1087 2370 1885 2410">
     <span class='ocr_line' id='line_1_93' title="bbox 1087 2370 1885 2410; baseline -0.008 -7"><span class='ocrx_word' id='word_1_643' title='bbox 1087 2381 1213 2410; x_wconf 81' lang='lat' dir='ltr'><strong>pugnans</strong></span> <span class='ocrx_word' id='word_1_644' title='bbox 1229 2373 1365 2402; x_wconf 83' lang='lat' dir='ltr'><strong>adversus</strong></span> <span class='ocrx_word' id='word_1_645' title='bbox 1379 2373 1554 2408; x_wconf 78' lang='lat' dir='ltr'><strong>feronymum</strong></span> <span class='ocrx_word' id='word_1_646' title='bbox 1572 2371 1630 2407; x_wconf 80' lang='lat'><strong>(78)</strong></span> <span class='ocrx_word' id='word_1_647' title='bbox 1657 2371 1731 2399; x_wconf 84' lang='lat' dir='ltr'><strong>hunc</strong></span> <span class='ocrx_word' id='word_1_648' title='bbox 1761 2370 1885 2398; x_wconf 82' lang='lat' dir='ltr'><strong>Leonem</strong></span> 
     </span>
    </p>
   </div>
   <div class='ocr_carea' id='block_1_94' title="bbox 272 2416 1884 2454">
    <p class='ocr_par' dir='ltr' id='par_1_94' title="bbox 272 2416 1884 2454">
     <span class='ocr_line' id='line_1_94' title="bbox 272 2416 1884 2454; baseline -0.001 -8"><span class='ocrx_word' id='word_1_649' title='bbox 272 2418 354 2446; x_wconf 77' lang='lat' dir='ltr'><strong>Anno</strong></span> <span class='ocrx_word' id='word_1_650' title='bbox 373 2418 481 2454; x_wconf 87' lang='lat' dir='ltr'><strong>imperii</strong></span> <span class='ocrx_word' id='word_1_651' title='bbox 493 2418 593 2447; x_wconf 84' lang='lat' dir='ltr'><strong>Leonis</strong></span> <span class='ocrx_word' id='word_1_652' title='bbox 605 2418 714 2447; x_wconf 87' lang='lat' dir='ltr'><strong>decimo</strong></span> <span class='ocrx_word' id='word_1_653' title='bbox 738 2418 824 2446; x_wconf 83' lang='lat' dir='ltr'><strong>tertio</strong></span> <span class='ocrx_word' id='word_1_654' title='bbox 841 2422 933 2446; x_wconf 84' lang='lat' dir='ltr'><strong>castra</strong></span> <span class='ocrx_word' id='word_1_655' title='bbox 949 2417 1034 2446; x_wconf 88' lang='lat' dir='ltr'><strong>movit</strong></span> <span class='ocrx_word' id='word_1_656' title='bbox 1086 2425 1114 2449; x_wconf 84' lang='lat' dir='ltr'><strong>et</strong></span> <span class='ocrx_word' id='word_1_657' title='bbox 1127 2420 1251 2448; x_wconf 89' lang='lat' dir='ltr'><strong>fautores</strong></span> <span class='ocrx_word' id='word_1_658' title='bbox 1264 2422 1337 2454; x_wconf 87' lang='lat' dir='ltr'><strong>ejus.</strong></span> <span class='ocrx_word' id='word_1_659' title='bbox 1355 2419 1386 2446; x_wconf 92' lang='lat' dir='ltr'><strong>ln</strong></span> <span class='ocrx_word' id='word_1_660' title='bbox 1412 2418 1519 2446; x_wconf 89' lang='lat' dir='ltr'><strong>Seniori</strong></span> <span class='ocrx_word' id='word_1_661' title='bbox 1531 2425 1599 2446; x_wconf 86' lang='lat' dir='ltr'><strong>vero</strong></span> <span class='ocrx_word' id='word_1_662' title='bbox 1611 2416 1699 2445; x_wconf 72' lang='lat' dir='ltr'><strong>Roma</strong></span> <span class='ocrx_word' id='word_1_663' title='bbox 1720 2416 1884 2451; x_wconf 74' lang='lat' dir='ltr'><strong>Gregorius.</strong></span> 
     </span>
    </p>
   </div>
   <div class='ocr_carea' id='block_1_95' title="bbox 238 2462 1885 2501">
    <p class='ocr_par' dir='ltr' id='par_1_95' title="bbox 238 2462 1885 2501">
     <span class='ocr_line' id='line_1_95' title="bbox 238 2462 1885 2501; baseline -0.004 -7"><span class='ocrx_word' id='word_1_664' title='bbox 238 2465 385 2495; x_wconf 72' lang='lat' dir='ltr'><strong>Nasalmas</strong></span> <span class='ocrx_word' id='word_1_665' title='bbox 400 2465 534 2494; x_wconf 82' lang='lat' dir='ltr'><strong>adversus</strong></span> <span class='ocrx_word' id='word_1_666' title='bbox 552 2465 669 2494; x_wconf 88' lang='lat' dir='ltr'><strong>humum</strong></span> <span class='ocrx_word' id='word_1_667' title='bbox 682 2465 851 2499; x_wconf 83' lang='lat' dir='ltr'><strong>Turcorum.</strong></span> <span class='ocrx_word' id='word_1_668' title='bbox 874 2470 901 2494; x_wconf 87' lang='lat' dir='ltr'><strong>et</strong></span> <span class='ocrx_word' id='word_1_669' title='bbox 915 2465 1032 2495; x_wconf 85' lang='lat' dir='ltr'><strong>invicem</strong></span> <span class='ocrx_word' id='word_1_670' title='bbox 1087 2466 1296 2496; x_wconf 67' lang='lat' dir='ltr'><strong>sacratissima:</strong></span> <span class='ocrx_word' id='word_1_671' title='bbox 1322 2466 1366 2493; x_wconf 86' lang='lat' dir='ltr'><strong>vir</strong></span> <span class='ocrx_word' id='word_1_672' title='bbox 1386 2465 1578 2501; x_wconf 81' lang='lat' dir='ltr'><strong>apostolicus,</strong></span> <span class='ocrx_word' id='word_1_673' title='bbox 1609 2468 1637 2492; x_wconf 90' lang='lat' dir='ltr'><strong>et</strong></span> <span class='ocrx_word' id='word_1_674' title='bbox 1662 2462 1738 2490; x_wconf 86' lang='lat' dir='ltr'><strong>Petri</strong></span> <span class='ocrx_word' id='word_1_675' title='bbox 1767 2462 1885 2490; x_wconf 81' lang='lat' dir='ltr'><strong>verticis</strong></span> 
     </span>
    </p>
   </div>
   <div class='ocr_carea' id='block_1_96' title="bbox 239 2511 1884 2549">
    <p class='ocr_par' dir='ltr' id='par_1_96' title="bbox 239 2511 1884 2549">
     <span class='ocr_line' id='line_1_96' title="bbox 239 2511 1884 2549; baseline 0 -11"><span class='ocrx_word' id='word_1_676' title='bbox 239 2511 393 2548; x_wconf 77' lang='lat' dir='ltr'><strong>congressi,</strong></span> <span class='ocrx_word' id='word_1_677' title='bbox 409 2519 443 2540; x_wconf 79' lang='lat' dir='ltr'><strong>es</strong></span> <span class='ocrx_word' id='word_1_678' title='bbox 457 2516 576 2547; x_wconf 80' lang='lat' dir='ltr'><strong>utraque</strong></span> <span class='ocrx_word' id='word_1_679' title='bbox 588 2515 667 2547; x_wconf 82' lang='lat' dir='ltr'><strong>parte</strong></span> <span class='ocrx_word' id='word_1_680' title='bbox 679 2512 783 2540; x_wconf 75' lang='lat' dir='ltr'><strong>cadum</strong></span> <span class='ocrx_word' id='word_1_681' title='bbox 807 2511 836 2539; x_wconf 92' lang='lat' dir='ltr'><strong>in</strong></span> <span class='ocrx_word' id='word_1_682' title='bbox 851 2512 956 2547; x_wconf 72' lang='lat' dir='ltr'><strong>praelia,</strong></span> <span class='ocrx_word' id='word_1_683' title='bbox 973 2518 1032 2539; x_wconf 87' lang='lat' dir='ltr'><strong>me-</strong></span> <span class='ocrx_word' id='word_1_684' title='bbox 1087 2513 1277 2549; x_wconf 80' lang='lat' dir='ltr'><strong>apostolorum</strong></span> <span class='ocrx_word' id='word_1_685' title='bbox 1296 2519 1446 2540; x_wconf 84' lang='lat' dir='ltr'><strong>consessor</strong></span> <span class='ocrx_word' id='word_1_686' title='bbox 1464 2511 1550 2539; x_wconf 85' lang='lat' dir='ltr'><strong>verbo</strong></span> <span class='ocrx_word' id='word_1_687' title='bbox 1571 2514 1600 2538; x_wconf 92' lang='lat' dir='ltr'><strong>et</strong></span> <span class='ocrx_word' id='word_1_688' title='bbox 1629 2513 1692 2537; x_wconf 77' lang='lat' dir='ltr'><strong>actu</strong></span> <span class='ocrx_word' id='word_1_689' title='bbox 1716 2515 1884 2538; x_wconf 74' lang='lat' dir='ltr'><strong>coruscans.</strong></span> 
     </span>
    </p>
   </div>
   <div class='ocr_carea' id='block_1_97' title="bbox 239 2554 1884 2596">
    <p class='ocr_par' dir='ltr' id='par_1_97' title="bbox 239 2554 1884 2596">
     <span class='ocr_line' id='line_1_97' title="bbox 239 2554 1884 2596; baseline -0.002 -11"><span class='ocrx_word' id='word_1_690' title='bbox 239 2562 325 2593; x_wconf 86' lang='lat' dir='ltr'><strong>tuque</strong></span> <span class='ocrx_word' id='word_1_691' title='bbox 346 2558 513 2593; x_wconf 86' lang='lat' dir='ltr'><strong>perterritus</strong></span> <span class='ocrx_word' id='word_1_692' title='bbox 542 2557 692 2588; x_wconf 77' lang='lat' dir='ltr'><strong>Masalmas</strong></span> <span class='ocrx_word' id='word_1_693' title='bbox 716 2558 827 2595; x_wconf 76' lang='lat' dir='ltr'><strong>fugiens</strong></span> <span class='ocrx_word' id='word_1_694' title='bbox 849 2566 898 2594; x_wconf 88' lang='lat' dir='ltr'><strong>per</strong></span> <span class='ocrx_word' id='word_1_695' title='bbox 924 2562 1035 2586; x_wconf 82' lang='lat' dir='ltr'><strong>montes</strong></span> <span class='ocrx_word' id='word_1_696' title='bbox 1086 2559 1133 2596; x_wconf 73' lang='lat' dir='ltr'><strong>qui</strong></span> <span class='ocrx_word' id='word_1_697' title='bbox 1149 2559 1266 2588; x_wconf 85' lang='lat' dir='ltr'><strong>removit</strong></span> <span class='ocrx_word' id='word_1_698' title='bbox 1286 2558 1402 2587; x_wconf 77' lang='lat' dir='ltr'><strong>Romam</strong></span> <span class='ocrx_word' id='word_1_699' title='bbox 1422 2561 1451 2586; x_wconf 89' lang='lat' dir='ltr'><strong>et</strong></span> <span class='ocrx_word' id='word_1_700' title='bbox 1474 2556 1591 2590; x_wconf 83' lang='lat' dir='ltr'><strong>Italiam,</strong></span> <span class='ocrx_word' id='word_1_701' title='bbox 1608 2563 1717 2584; x_wconf 85' lang='lat' dir='ltr'><strong>necnon</strong></span> <span class='ocrx_word' id='word_1_702' title='bbox 1734 2560 1763 2583; x_wconf 89' lang='lat' dir='ltr'><strong>et</strong></span> <span class='ocrx_word' id='word_1_703' title='bbox 1789 2554 1884 2582; x_wconf 83' lang='lat' dir='ltr'><strong>omnia</strong></span> 
     </span>
    </p>
   </div>
   <div class='ocr_carea' id='block_1_98' title="bbox 238 2600 1884 2640">
    <p class='ocr_par' dir='ltr' id='par_1_98' title="bbox 238 2600 1884 2640">
     <span class='ocr_line' id='line_1_98' title="bbox 238 2600 1884 2640; baseline -0.004 -7"><span class='ocrx_word' id='word_1_704' title='bbox 238 2603 382 2633; x_wconf 69' lang='lat' dir='ltr'><strong>Chasariae</strong></span> <span class='ocrx_word' id='word_1_705' title='bbox 392 2611 524 2633; x_wconf 83' lang='lat' dir='ltr'><strong>reversus</strong></span> <span class='ocrx_word' id='word_1_706' title='bbox 533 2608 589 2633; x_wconf 85' lang='lat' dir='ltr'><strong>est.</strong></span> <span class='ocrx_word' id='word_1_707' title='bbox 1088 2611 1146 2633; x_wconf 82' lang='lat' dir='ltr'><strong>tam</strong></span> <span class='ocrx_word' id='word_1_708' title='bbox 1163 2605 1202 2633; x_wconf 92' lang='lat' dir='ltr'><strong>rei</strong></span> <span class='ocrx_word' id='word_1_709' title='bbox 1217 2605 1335 2640; x_wconf 64' lang='lat' dir='ltr'><strong>publica</strong></span> <span class='ocrx_word' id='word_1_710' title='bbox 1351 2611 1434 2640; x_wconf 82' lang='lat' dir='ltr'><strong>quam</strong></span> <span class='ocrx_word' id='word_1_711' title='bbox 1450 2603 1585 2632; x_wconf 79' lang='lat' dir='ltr'><strong>Ecclesiae</strong></span> <span class='ocrx_word' id='word_1_712' title='bbox 1596 2602 1662 2638; x_wconf 84' lang='lat' dir='ltr'><strong>jura</strong></span> <span class='ocrx_word' id='word_1_713' title='bbox 1684 2602 1713 2629; x_wconf 90' lang='lat' dir='ltr'><strong>in</strong></span> <span class='ocrx_word' id='word_1_714' title='bbox 1727 2600 1884 2636; x_wconf 79' lang='lat' dir='ltr'><strong>Hesperiis,</strong></span> 
     </span>
    </p>
   </div>
   <div class='ocr_carea' id='block_1_99' title="bbox 275 2647 1883 2688">
    <p class='ocr_par' dir='ltr' id='par_1_99' title="bbox 275 2647 1883 2688">
     <span class='ocr_line' id='line_1_99' title="bbox 275 2647 1883 2688; baseline -0.003 -10"><span class='ocrx_word' id='word_1_715' title='bbox 275 2649 378 2678; x_wconf 84' lang='lat' dir='ltr'><strong>Eodem</strong></span> <span class='ocrx_word' id='word_1_716' title='bbox 393 2659 461 2679; x_wconf 90' lang='lat' dir='ltr'><strong>vero</strong></span> <span class='ocrx_word' id='word_1_717' title='bbox 476 2658 550 2680; x_wconf 81' lang='lat' dir='ltr'><strong>anno</strong></span> <span class='ocrx_word' id='word_1_718' title='bbox 568 2650 667 2679; x_wconf 84' lang='lat' dir='ltr'><strong>furens</strong></span> <span class='ocrx_word' id='word_1_719' title='bbox 681 2650 739 2679; x_wconf 85' lang='lat' dir='ltr'><strong>Leo</strong></span> <span class='ocrx_word' id='word_1_720' title='bbox 750 2651 900 2686; x_wconf 85' lang='lat' dir='ltr'><strong>imperator</strong></span> <span class='ocrx_word' id='word_1_721' title='bbox 923 2652 1036 2688; x_wconf 81' lang='lat' dir='ltr'><strong>iniquus</strong></span> <span class='ocrx_word' id='word_1_722' title='bbox 1087 2653 1122 2680; x_wconf 85' lang='lat' dir='ltr'><strong>ab</strong></span> <span class='ocrx_word' id='word_1_723' title='bbox 1134 2652 1291 2680; x_wconf 87' lang='lat' dir='ltr'><strong>obedientia</strong></span> <span class='ocrx_word' id='word_1_724' title='bbox 1301 2650 1404 2679; x_wconf 87' lang='lat' dir='ltr'><strong>Leonis</strong></span> <span class='ocrx_word' id='word_1_725' title='bbox 1418 2654 1446 2678; x_wconf 83' lang='lat' dir='ltr'><strong>et</strong></span> <span class='ocrx_word' id='word_1_726' title='bbox 1458 2650 1567 2685; x_wconf 86' lang='lat' dir='ltr'><strong>imperii</strong></span> <span class='ocrx_word' id='word_1_727' title='bbox 1579 2650 1702 2685; x_wconf 83' lang='lat' dir='ltr'><strong>sub.ipso</strong></span> <span class='ocrx_word' id='word_1_728' title='bbox 1719 2647 1883 2675; x_wconf 85' lang='lat' dir='ltr'><strong>constituti.</strong></span> 
     </span>
    </p>
   </div>
   <div class='ocr_carea' id='block_1_100' title="bbox 240 2694 1884 2734">
    <p class='ocr_par' dir='ltr' id='par_1_100' title="bbox 240 2694 1884 2734">
     <span class='ocr_line' id='line_1_100' title="bbox 240 2694 1884 2734; baseline -0.002 -9"><span class='ocrx_word' id='word_1_729' title='bbox 240 2703 337 2726; x_wconf 85' lang='lat' dir='ltr'><strong>contra</strong></span> <span class='ocrx_word' id='word_1_730' title='bbox 352 2701 456 2726; x_wconf 80' lang='lat' dir='ltr'><strong>rectam</strong></span> <span class='ocrx_word' id='word_1_731' title='bbox 473 2697 568 2731; x_wconf 73' lang='lat' dir='ltr'><strong>ﬁdem.</strong></span> <span class='ocrx_word' id='word_1_732' title='bbox 589 2697 711 2726; x_wconf 85' lang='lat' dir='ltr'><strong>adducto</strong></span> <span class='ocrx_word' id='word_1_733' title='bbox 723 2697 803 2726; x_wconf 77' lang='lat' dir='ltr'><strong>beato</strong></span> <span class='ocrx_word' id='word_1_734' title='bbox 815 2698 963 2730; x_wconf 79' lang='lat' dir='ltr'><strong>Germano,</strong></span> <span class='ocrx_word' id='word_1_735' title='bbox 979 2706 1036 2727; x_wconf 65' lang='lat' dir='ltr'><strong>ees-</strong></span> <span class='ocrx_word' id='word_1_736' title='bbox 1084 2698 1171 2727; x_wconf 81' lang='lat' dir='ltr'><strong>Porro</strong></span> <span class='ocrx_word' id='word_1_737' title='bbox 1186 2699 1214 2726; x_wconf 92' lang='lat' dir='ltr'><strong>in</strong></span> <span class='ocrx_word' id='word_1_738' title='bbox 1240 2697 1321 2734; x_wconf 82' lang='lat' dir='ltr'><strong>Syria</strong></span> <span class='ocrx_word' id='word_1_739' title='bbox 1337 2705 1422 2734; x_wconf 84' lang='lat' dir='ltr'><strong>penes</strong></span> <span class='ocrx_word' id='word_1_740' title='bbox 1436 2697 1602 2725; x_wconf 81' lang='lat' dir='ltr'><strong>Damascum</strong></span> <span class='ocrx_word' id='word_1_741' title='bbox 1621 2695 1743 2724; x_wconf 83' lang='lat' dir='ltr'><strong>Joannes</strong></span> <span class='ocrx_word' id='word_1_742' title='bbox 1768 2694 1884 2722; x_wconf 66' lang='lat' dir='ltr'><strong>lansnr</strong></span> 
     </span>
    </p>
   </div>
   <div class='ocr_carea' id='block_1_101' title="bbox 241 2740 1883 2780">
    <p class='ocr_par' dir='ltr' id='par_1_101' title="bbox 241 2740 1883 2780">
     <span class='ocr_line' id='line_1_101' title="bbox 241 2740 1883 2780; baseline -0.002 -8"><span class='ocrx_word' id='word_1_743' title='bbox 241 2743 282 2778; x_wconf 72' lang='lat' dir='ltr'><strong>pit</strong></span> <span class='ocrx_word' id='word_1_744' title='bbox 295 2751 357 2772; x_wconf 84' lang='lat' dir='ltr'><strong>eum</strong></span> <span class='ocrx_word' id='word_1_745' title='bbox 369 2743 480 2773; x_wconf 80' lang='lat' dir='ltr'><strong>blandis</strong></span> <span class='ocrx_word' id='word_1_746' title='bbox 495 2744 669 2774; x_wconf 78' lang='lat' dir='ltr'><strong>sermonibus</strong></span> <span class='ocrx_word' id='word_1_747' title='bbox 676 2743 802 2774; x_wconf 85' lang='lat' dir='ltr'><strong>delinire.</strong></span> <span class='ocrx_word' id='word_1_748' title='bbox 810 2745 845 2772; x_wconf 81' lang='lat' dir='ltr'><strong>At</strong></span> <span class='ocrx_word' id='word_1_749' title='bbox 858 2752 923 2773; x_wconf 81' lang='lat' dir='ltr'><strong>vero</strong></span> <span class='ocrx_word' id='word_1_750' title='bbox 932 2744 1031 2773; x_wconf 84' lang='lat' dir='ltr'><strong>beatus</strong></span> <span class='ocrx_word' id='word_1_751' title='bbox 1087 2744 1236 2780; x_wconf 77' lang='lat' dir='ltr'><strong>presbyter</strong></span> <span class='ocrx_word' id='word_1_752' title='bbox 1250 2746 1280 2770; x_wconf 84' lang='lat' dir='ltr'><strong>et</strong></span> <span class='ocrx_word' id='word_1_753' title='bbox 1293 2743 1459 2775; x_wconf 83' lang='lat' dir='ltr'><strong>monachus,</strong></span> <span class='ocrx_word' id='word_1_754' title='bbox 1473 2745 1658 2778; x_wconf 83' lang='lat' dir='ltr'><strong>cognomento</strong></span> <span class='ocrx_word' id='word_1_755' title='bbox 1680 2740 1883 2776; x_wconf 71' lang='lat' dir='ltr'><strong>Chrysorroas.</strong></span> 
     </span>
    </p>
   </div>
   <div class='ocr_carea' id='block_1_102' title="bbox 997 2811 1114 2841">
    <p class='ocr_par' dir='ltr' id='par_1_102' title="bbox 997 2811 1114 2841">
     <span class='ocr_line' id='line_1_102' title="bbox 997 2811 1114 2841; baseline -0.009 -1"><span class='ocrx_word' id='word_1_756' title='bbox 997 2811 1114 2841; x_wconf 67' lang='lat' dir='ltr'><strong>NOTAE.</strong></span> 
     </span>
    </p>
   </div>
   <div class='ocr_carea' id='block_1_103' title="bbox 278 2849 1883 2895">
    <p class='ocr_par' dir='ltr' id='par_1_103' title="bbox 278 2849 1883 2895">
     <span class='ocr_line' id='line_1_103' title="bbox 278 2849 1883 2895; baseline -0.003 -9"><span class='ocrx_word' id='word_1_757' title='bbox 278 2857 334 2892; x_wconf 79' lang='lat'><strong>(78)</strong></span> <span class='ocrx_word' id='word_1_758' title='bbox 358 2858 546 2895; x_wconf 79' lang='lat' dir='ltr'><strong>Feronymum.</strong></span> <span class='ocrx_word' id='word_1_759' title='bbox 567 2858 662 2886; x_wconf 80' lang='lat' dir='ltr'><strong>Virum</strong></span> <span class='ocrx_word' id='word_1_760' title='bbox 679 2849 801 2895; x_wconf 64' lang='lat' dir='ltr'><strong>nominis</strong></span> <span class='ocrx_word' id='word_1_761' title='bbox 827 2859 879 2886; x_wconf 90' lang='lat' dir='ltr'><strong>sui.</strong></span> <span class='ocrx_word' id='word_1_762' title='bbox 909 2859 1033 2888; x_wconf 79' lang='lat' dir='ltr'><strong>Rumnus</strong></span> <span class='ocrx_word' id='word_1_763' title='bbox 1087 2866 1222 2895; x_wconf 68' lang='lat' dir='ltr'><strong>apocr.:r</strong></span> <span class='ocrx_word' id='word_1_764' title='bbox 1240 2857 1286 2892; x_wconf 85' lang='lat' dir='ltr'><strong>qui</strong></span> <span class='ocrx_word' id='word_1_765' title='bbox 1298 2861 1328 2884; x_wconf 90' lang='lat' dir='ltr'><strong>ut</strong></span> <span class='ocrx_word' id='word_1_766' title='bbox 1341 2864 1404 2885; x_wconf 86' lang='lat' dir='ltr'><strong>vere</strong></span> <span class='ocrx_word' id='word_1_767' title='bbox 1415 2857 1440 2895; x_wconf 63' lang='lat' dir='ltr'><strong>ip</strong></span> <span class='ocrx_word' id='word_1_768' title='bbox 1451 2856 1559 2884; x_wconf 79' lang='lat' dir='ltr'><strong>cunctis</strong></span> <span class='ocrx_word' id='word_1_769' title='bbox 1568 2856 1766 2892; x_wconf 71' lang='lat' dir='ltr'><strong>plieronymus,</strong></span> <span class='ocrx_word' id='word_1_770' title='bbox 1777 2855 1883 2890; x_wconf 81' lang='lat' dir='ltr'><strong>Eupre-</strong></span> 
     </span>
    </p>
   </div>
   <div class='ocr_carea' id='block_1_104' title="bbox 244 2884 1505 2929">
    <p class='ocr_par' dir='ltr' id='par_1_104' title="bbox 244 2884 1505 2929">
     <span class='ocr_line' id='line_1_104' title="bbox 244 2884 1505 2929; baseline -0.001 -9"><span class='ocrx_word' id='word_1_771' title='bbox 244 2884 505 2929; x_wconf 44' lang='lat' dir='ltr'><strong>inconsistent</strong></span> <span class='ocrx_word' id='word_1_772' title='bbox 516 2884 548 2922; x_wconf 64' lang='lat' dir='ltr'><strong>ll.</strong></span> <span class='ocrx_word' id='word_1_773' title='bbox 562 2884 902 2929; x_wconf 52' lang='lat' dir='ltr'><strong>ne:‘31‘g&#39;;a;.iaa.;.‘;ir</strong></span> <span class='ocrx_word' id='word_1_774' title='bbox 911 2884 1034 2922; x_wconf 51' lang='lat' dir='ltr'><strong>nisi};</strong></span> <span class='ocrx_word' id='word_1_775' title='bbox 1087 2884 1135 2929; x_wconf 56' lang='lat'><strong>5.3.;</strong></span> <span class='ocrx_word' id='word_1_776' title='bbox 1147 2884 1310 2922; x_wconf 69' lang='lat' dir='ltr'><strong>nominatus</strong></span> <span class='ocrx_word' id='word_1_777' title='bbox 1326 2884 1378 2921; x_wconf 75' lang='lat' dir='ltr'><strong>cst.</strong></span> <span class='ocrx_word' id='word_1_778' title='bbox 1393 2903 1401 2919; x_wconf 79' lang='grc' dir='ltr'>ι</span> <span class='ocrx_word' id='word_1_779' title='bbox 1420 2884 1505 2920; x_wconf 69' lang='lat' dir='ltr'><strong>hu.</strong></span> 
     </span>
    </p>
   </div>
   <div class='ocr_carea' id='block_1_105' title="bbox 246 2928 1031 2966">
    <p class='ocr_par' dir='ltr' id='par_1_105' title="bbox 246 2928 1031 2966">
     <span class='ocr_line' id='line_1_105' title="bbox 246 2928 1031 2966; baseline 0.003 -10"><span class='ocrx_word' id='word_1_780' title='bbox 246 2928 289 2957; x_wconf 81' lang='lat' dir='ltr'><strong>sui</strong></span> <span class='ocrx_word' id='word_1_781' title='bbox 310 2928 457 2958; x_wconf 75' lang='lat' dir='ltr'><strong>Macarius.</strong></span> <span class='ocrx_word' id='word_1_782' title='bbox 478 2940 487 2957; x_wconf 71' lang='grc' dir='ltr'><strong><em>ι</em></strong></span> <span class='ocrx_word' id='word_1_783' title='bbox 502 2931 663 2958; x_wconf 76' lang='lat' dir='ltr'><strong>Anastasius</strong></span> <span class='ocrx_word' id='word_1_784' title='bbox 688 2930 714 2957; x_wconf 88' lang='lat' dir='ltr'><strong>in</strong></span> <span class='ocrx_word' id='word_1_785' title='bbox 738 2928 875 2966; x_wconf 74' lang='lat' dir='ltr'><strong>Hypomn.</strong></span> <span class='ocrx_word' id='word_1_786' title='bbox 889 2930 921 2959; x_wconf 88' lang='lat' dir='ltr'><strong>de</strong></span> <span class='ocrx_word' id='word_1_787' title='bbox 935 2931 1031 2959; x_wconf 75' lang='lat' dir='ltr'><strong>Anasl.</strong></span> 
     </span>
    </p>
   </div>
  </div>
