2052 3153
185 182 257 215 1865

575 182 616 213 Η]
622 182 760 214 STORIA
779 182 1000 213 ECCLESlAb‘l
1007 184 1067 210 [LA
1086 183 1139 212 LA
1157 183 1357 213 ΊῊΕΟΙἮΑΝ
1364 185 1396 213 Ε.

1749 185 1818 216 1366

181 242 281 269 doctor
296 239 416 275 optimus
431 238 486 267 vita
499 241 527 266 et
538 237 622 267 verbo
634 237 777 274 praefulsit.
788 237 889 266 Verum
905 236 976 264 Ger-
991 235 1013 262 A
1028 239 1115 268 retur,
1142 236 1244 265 tributa
1261 237 1391 273 capitalia
1419 237 1507 266 tertiae
1533 239 1605 274 parti
1636 238 1738 268 Siciliae
1768 248 1817 269 seu

183 292 294 313 manum
324 289 419 320 utpote
434 284 487 313 sub
499 292 530 312 se
543 284 726 312 constitutum
738 290 754 311 a
768 283 868 312 throno
883 282 969 318 pellit.

182 331 332 367 Gregorius
346 335 436 358 autem
465 337 514 366 per
529 329 663 365 epistolas
679 337 753 361 eum,
784 336 846 365 quae
876 329 973 356 multis

182 382 246 406 sunt
260 381 343 410 notae,
368 375 516 404 manifeste
542 374 691 410 redarguit.
718 373 773 402 Sed
798 377 827 401 et
851 372 973 401 Joannes

183 424 257 451 hunc
270 430 332 450 cum
345 421 468 450 Orientis
486 420 625 456 episcopis
638 418 862 447 anathematibus
876 417 972 446 subdi-

183 467 234 495 dit.
250 466 337 494 Porro
362 466 480 501 septimo
506 464 570 493 ldus
586 464 733 492 Januarias
745 463 859 492 decima:
885 462 974 491 tertiae

181 512 355 544 indictionis,
367 511 448 539 tertia
467 510 546 544 feria,
564 510 666 545 impius
679 509 735 537 Leo
751 509 891 537 silentium
906 515 974 536 con-

181 565 223 587 tra
239 566 336 587 sacras
350 562 377 587 et
389 558 561 587 venerabiles
585 557 736 585 celebravit
755 557 850 585 iconas
878 556 906 583 in
920 555 968 583 tri-

181 606 294 635 bunalio
321 605 417 634 decem
442 610 470 632 et
498 612 595 632 novem
620 603 810 637 accubituum,
841 602 973 630 advocato

181 659 291 687 quoque
306 656 334 681 et
351 651 530 680 sanctissimo
545 650 704 686 patriarcha
722 650 872 682 Germano,
884 651 974 677 'ratus

183 707 214 727 se
226 706 309 734 posse
324 698 364 725 illi
390 697 560 733 persuadere
580 704 635 732 quo
661 696 851 725 subscriberet
875 700 973 723 contra

181 749 293 773 sanctas
308 744 416 772 ieonas.
444 742 498 771 Sed
514 747 543 771 et
555 743 637 771 fortis
652 742 755 771 Christi
770 749 867 770 servus
883 741 973 779 nulla-

180 795 263 818 tenus
288 789 473 825 acquiescens
502 788 659 817 detestabili
685 788 844 816 cacodoxise
874 788 973 823 ipsius,

181 843 245 864 cum
257 835 372 863 verbum
389 834 521 863 veritatis
532 837 608 862 recte
620 833 777 867 direxisset,
794 833 973 861 abrenuntia-

180 881 221 908 vit
237 888 376 909 summum
388 880 585 913 sacerdotium,
605 879 717 907 tradens
730 879 856 915 pallium,
870 883 897 907 et
910 883 974 916 post

181 926 282 955 multos
303 933 445 955 sermones
461 925 643 954 didascalicos
672 925 788 953 dicens:
803 924 833 953 Si
846 933 893 960 ego
910 933 970 952 sum

180 972 278 1006 Jonas,
293 972 370 1000 mitte
381 980 422 999 me
449 972 477 999 in
492 980 576 999 mare.
595 971 701 1007 Absque
714 971 860 999 universali
873 972 970 1007 quippe

181 1018 281 1054 synodo
295 1019 421 1046 innovare
430 1017 510 1053 ﬁdem
523 1017 686 1052 impossibile
697 1017 761 1044 milii
772 1021 809 1045 est
826 1016 972 1044 secundum

182 1064 356 1099 apostolicam
382 1069 406 1092 et
421 1070 562 1099 paternam
583 1064 753 1091 traditionem
763 1082 772 1096 ,
788 1071 803 1090 ο
815 1063 971 1097 imperator.

181 1111 216 1139 Et
232 1111 329 1140 abiens
344 1111 377 1138 ad
397 1111 487 1139 locum
502 1111 550 1146 qui
569 1111 674 1138 dicitur
686 1110 856 1143 Platanium,
872 1109 899 1137 in
922 1116 972 1145 pa-

182 1157 278 1186 rentali
293 1158 376 1185 domo
390 1165 440 1185 sua
460 1158 543 1192 quieti
559 1164 672 1191 operam
697 1156 782 1188 dedit,
800 1163 907 1184 summo
927 1163 972 1183 sa-

181 1202 306 1231 cerdotio
334 1203 446 1229 functus
469 1201 549 1229 annis
573 1201 799 1235 quatuordecim,
829 1201 971 1228 mensibus

181 1248 314 1283 quinque,
329 1247 426 1273 diebus
442 1251 556 1280 septem.
573 1246 659 1273 Porro
684 1245 829 1272 undecimo
846 1245 904 1272 Kal.
922 1245 972 1272 Fe-

181 1293 307 1322 bruarias
322 1297 416 1320 creant
435 1293 495 1320 falsi
510 1293 630 1319 nominis
641 1292 831 1324 Anastasinm,
849 1292 972 1326 discipu-

182 1340 239 1368 lum
256 1346 290 1367 ac
314 1340 465 1375 syncellum
492 1339 617 1374 ejusdem
645 1338 719 1366 beati
735 1338 878 1371 Germani,
903 1344 972 1365 con-

183 1385 345 1414 sentiean
362 1384 463 1413 Leonis
482 1384 617 1419 impietati
633 1387 747 1420 propter
760 1390 882 1411 amorem
894 1382 972 1418 prin-

183 1431 291 1465 cipatus
305 1430 454 1463 mundani,
479 1429 554 1457 hunc
579 1429 607 1456 in
631 1428 880 1464 pseudepiscopum
898 1427 972 1456 Con-

183 1476 401 1511 stantinopoleos
432 1475 626 1511 provehentes.
646 1474 720 1502 Sane
738 1473 887 1509 Gregorius
908 1480 973 1501 san-

184 1521 329 1549 ctissimus
352 1520 452 1556 praesit!
469 1519 621 1551 Romanus,
648 1518 880 1554 quemadmodum
901 1525 972 1552 pras-

184 1568 251 1600 dixi,
267 1567 447 1595 Anastasium
464 1574 518 1593 una
536 1573 599 1593 cum
615 1565 716 1593 libellis
726 1565 836 1600 abjecit,
852 1564 973 1592 Leonem

184 1620 233 1648 per
252 1612 384 1648 epistolas
400 1617 531 1646 tanquam
552 1611 636 1646 impie
650 1614 777 1646 agentem
792 1610 972 1646 redarguens,

183 1662 211 1687 et
227 1658 341 1686 Romam
356 1665 419 1685 cum
439 1661 495 1684 tota
509 1656 586 1683 ltalia
607 1657 641 1684 ab
653 1656 728 1684 illius
756 1656 872 1691 imperio
896 1664 973 1684 rece—

184 1703 248 1731 dere
262 1702 377 1730 faciens.
390 1701 534 1730 insaniens
550 1709 616 1734 ergo
631 1705 766 1736 tyrannus
777 1706 875 1729 contra
887 1709 972 1729 vene-

184 1748 291 1776 rabiles
309 1748 442 1784 imagines
468 1747 691 1783 persecutionem
717 1746 852 1774 extendit.
888 1745 973 1773 Porro

184 1794 263 1821 multi
282 1793 375 1821 clerici
392 1797 419 1821 et
431 1792 559 1820 monachi
574 1795 601 1820 ct
616 1792 737 1828 religiosi
752 1791 815 1820 laici
830 1799 882 1828 pro
897 1796 973 1820 recto

185 1840 331 1876 periclitati
347 1844 413 1867 sunt
427 1839 523 1867 verbo.
599 1868 615 1881 ‘

220 1885 313 1913 Mundi
325 1892 397 1913 anno
409 1884 489 1918 6222,
500 1884 598 1912 divinae
611 1884 810 1913 incarnationis
822 1891 894 1912 anno
905 1884 971 1917 722,

186 1937 257 1957 anno
271 1937 336 1958 vero
350 1929 459 1965 imperii
482 1928 583 1957 Leonis
601 1929 644 1962 14,
657 1929 823 1958 Anastasius
835 1929 974 1958 Constan-

185 1975 338 2011 tinopoleos
356 1975 474 2003 habetur
492 1976 608 2004 antistes
626 1975 784 2007 hareticus.
804 1975 851 2011 qui
872 1974 908 2002 24
923 1982 974 2002 an-

185 2021 229 2050 nis
242 2021 352 2056 praefuit
370 2021 511 2049 Ecclesiae.
530 2020 589 2048 Hoc
601 2028 710 2056 quoque
726 2029 799 2049 anno
814 2021 899 2049 movit
915 2020 973 2048 Ma-

185 2067 287 2096 salmas
296 2067 448 2094 exercitum
458 2071 556 2094 contra
572 2066 747 2098 Romaniam.
764 2071 861 2095 etcum
879 2067 972 2095 venis-

185 2117 227 2151 set
243 2113 270 2140 in
291 2112 506 2147 Cappadociam,
530 2111 597 2140 dolo
623 2112 695 2148 cepit
713 2112 897 2141 Charsianum
926 2120 974 2141 ca-

184 2163 284 2186 strnm.

220 2204 301 2232 Anno
316 2204 424 2240 imperii
450 2204 551 2233 Leonis
567 2204 602 2233 15
620 2203 767 2233 Masalmas
790 2208 884 2234 castra
915 2211 975 2233 mo-

185 2250 225 2278 vit
238 2255 334 2278 contra
352 2250 511 2283 Thraciam,
537 2255 565 2279 et
595 2258 657 2279 cum
690 2250 861 2287 pervenisset
888 2258 976 2287 usque

185 2295 218 2322 ad
235 2294 347 2331 Caspias
364 2299 469 2331 portas,
485 2300 610 2323 metuens
625 2294 689 2323 inde
707 2301 834 2323 reversus
849 2298 902 2322 est.

221 2341 301 2368 Anno
318 2341 427 2376 imperii
440 2342 483 2369 sui
511 2341 545 2368 16
561 2341 615 2369 Leo
631 2341 780 2376 imperator
805 2340 888 2368 ﬁliam
904 2339 975 2368 Cha-

186 2387 249 2423 gani
265 2386 431 2423 Scytharum
446 2386 543 2413 arbitri
559 2387 617 2414 ﬁlio
636 2394 688 2414 suo
702 2386 897 2419 Constantino,
911 2393 974 2414 cum

187 2434 259 2461 hanc
282 2432 468 2470 Christianam
483 2431 607 2464 fecisset,
642 2432 819 2459 matrimonio
847 2431 974 2463 sociavit,

186 2479 334 2507 nominans
353 2485 412 2505 eam
437 2476 585 2504 Heirenen.
612 2476 680 2510 Quae
693 2484 755 2504 cum
770 2483 865 2504 sacras
891 2476 976 2504 Litte-

187 2531 235 2552 ras
254 2523 407 2555 didicisset,
433 2522 532 2558 pietati
558 2522 629 2550 dans
653 2529 765 2557 operam
794 2521 908 2555 claruit,
925 2521 976 2549 bos

187 2569 338 2606 impietatis
350 2569 529 2605 redarguens.
546 2567 670 2596 Mauhias
681 2575 748 2596 vero
770 2567 845 2596 ﬁlius
870 2567 976 2595 llisami

188 2617 275 2645 aciem
289 2620 388 2644 contra
407 2615 569 2643 Romaniam
586 2615 703 2647 direxit.
719 2618 748 2642 et
763 2615 875 2644 veniens
890 2622 978 2650 usque

188 2663 216 2690 in
233 2662 447 2698 Paphlagoniam
465 2662 554 2698 praeda
570 2668 633 2689 cum
649 2661 735 2689 multa
749 2661 841 2689 rediit.
866 2661 917 2689 Ast
929 2661 978 2689 im-

189 2713 301 2745 perator
316 2713 413 2736 contra
440 2715 538 2743 papam
566 2711 647 2743 atque
669 2715 809 2736 recessum
824 2706 919 2736 Romae
944 2715 978 2736 ac

189 2754 276 2783 Italia
300 2755 439 2787 saeviebat,
464 2758 709 2790 constructumque
722 2755 824 2783 stolum
848 2762 977 2790 magnum

189 2801 291 2829 direxit
312 2802 445 2829 adversus
471 2809 530 2834 eos,
545 2800 651 2829 Manem
677 2805 820 2836 praetorem
841 2800 978 2836 Cibyrata-

190 2848 309 2875 tensium
325 2851 408 2882 caput
425 2847 452 2874 in
463 2848 503 2876 eis
516 2848 699 2875 constituens.
713 2847 792 2875 Tunc
805 2847 979 2883 impugnator

191 2893 238 2922 Dei
254 2894 424 2931 peramplius
442 2895 568 2928 saeviens,
587 2901 650 2923 cum
665 2894 783 2923 Arabico
795 2903 880 2924 sensu
907 2899 979 2924 tene-

1025 281 1161 310 Calabriae
1186 282 1279 319 populi
1307 283 1534 319 superimposuit.
1562 285 1599 312 Ea
1616 293 1681 313 vero
1696 294 1758 321 quas
1777 288 1819 315 di.

1025 332 1128 356 cuntur
1143 329 1310 364 patrimonia
1325 335 1484 358 sanctorum
1503 331 1659 366 principum
1679 334 1818 368 apostolo-

1026 382 1098 406 rum,
1116 382 1178 410 quae
1191 374 1227 402 ab
1242 375 1307 402 olim
1324 375 1449 403 ecclesiis
1465 376 1526 403 auri
1543 376 1689 405 dimidittm
1717 383 1744 406 et
1764 380 1817 408 tria

1025 420 1205 449 conferebant
1222 421 1335 455 talenta,
1349 422 1464 457 publica:
1477 423 1578 451 rationi
1590 425 1695 452 cxsolvi
1712 433 1817 460 prece-

1026 465 1078 501 pit,
1092 467 1269 495 considerare
1281 468 1363 495 etiam
1373 472 1455 502 atque
1466 468 1624 497 describere
1634 474 1714 498 natos
1726 479 1818 500 mares

1024 513 1134 547 jubens,
1151 516 1181 540 ut
1198 512 1304 540 Pharao
1321 514 1459 548 quondam
1479 522 1527 542 eos
1543 515 1589 550 qui
1607 520 1687 543 erant
1711 524 1744 544 ex
1762 518 1817 545 He-

1026 557 1127 591 brazis;
1142 557 1217 593 quod
1228 565 1279 585 nec
1296 557 1347 593 ipsi
1365 558 1489 593 magistri
1502 559 1563 594 ejus
1577 561 1681 589 Arabes
1694 561 1721 589 in
1737 561 1819 590 Chri-

1026 603 1143 637 stianos,
1160 603 1208 638 qui
1224 603 1250 630 in
1263 603 1322 631 eois
1335 607 1399 632 sunt
1414 604 1484 636 oris,
1500 604 1601 634 fecisse
1615 613 1782 635 noscuntur.

1062 648 1143 676 Anno’
1156 649 1262 683 imperii
1279 648 1380 677 Leonis
1403 649 1437 676 l7
1461 649 1534 678 tacta
1553 655 1598 679 est
1614 653 1769 682 mortalitas
1789 654 1818 682 in

1028 693 1119 730 Syria,
1136 694 1270 730 multique
1282 696 1436 730 perierunt.

1062 741 1142 770 Anno
1154 741 1262 777 imperii
1273 742 1375 770 Leonis
1391 741 1424 770 l8
1440 741 1590 771 Zacharias
1608 745 1703 772 Romae
1716 746 1817 780 praesul

1029 788 1161 821 habetur;
1186 787 1339 823 eodemque
1369 796 1443 817 anno
1472 788 1633 818 Theodorus
1657 789 1769 819 Mansnr
1788 791 1817 819 in

1028 833 1155 860 exsilium
1172 834 1277 862 missus
1290 837 1332 861 est
1344 833 1416 869 apud
1428 833 1539 862 climata
1553 835 1656 868 eremi,
1669 840 1697 863 et
1715 835 1816 864 factum

1029 882 1073 906 est
1087 878 1196 915 signum
1207 879 1236 907 in
1245 879 1317 907 ccelo
1328 879 1439 915 igneum
1456 880 1646 915 resplendens,
1654 885 1682 909 et
1692 881 1818 911 Mauhias

993 919 1014 947 Β
1029 924 1122 952 Asiam
1133 925 1315 960 depopulatus
1328 929 1381 954 est.

1059 971 1139 998 Anno
1156 971 1261 1006 imperii
1276 971 1378 1000 Leonis
1387 972 1421 1000 19
1434 973 1520 1001 movit
1534 973 1689 1001 exercitum
1703 973 1816 1002 Sulehi-

1024 1024 1088 1044 man
1102 1016 1175 1045 ﬁlius
1196 1017 1289 1045 llisam
1306 1018 1439 1047 adversus
1451 1019 1646 1048 Armeniorum
1663 1020 1816 1056 regionem,

1024 1066 1052 1090 et
1065 1063 1135 1091 nihil
1148 1063 1277 1099 profecit.
1594 1082 1601 1085 -

1059 1109 1139 1137 Anno
1156 1110 1265 1145 imperii
1295 1109 1396 1139 Leonis
1421 1110 1454 1138 21
1482 1109 1645 1138 Sulehiman
1670 1110 1767 1139 multis
1789 1112 1818 1138 in

1024 1155 1212 1190 captivitatem
1234 1163 1269 1183 ex
1294 1155 1360 1183 Asia
1390 1156 1501 1189 ductis,
1530 1157 1677 1191 quemdam
1708 1164 1819 1192 quoque

1026 1200 1226 1236 Pergamenum
1242 1201 1348 1236 pariter
1373 1201 1452 1229 duxit
1478 1202 1630 1236 captivum,
1646 1201 1695 1236 qui
1705 1202 1817 1230 dicebat

1025 1254 1056 1275 se
1068 1246 1209 1275 Tiberium
1224 1247 1311 1274 ﬁlium
1327 1254 1389 1276 esse
1400 1247 1562 1275 Iustiniani.
1591 1247 1670 1275 Hunc
1686 1248 1771 1276 Hison
1789 1248 1818 1276 in

1026 1292 1158 1320 honorem
1180 1291 1228 1319 ﬁlii
1254 1291 1297 1319 sui
1313 1295 1396 1327 atque
1415 1292 1444 1319 in
1459 1292 1659 1327 imperatorum
1681 1296 1817 1320 terrorem

1025 1345 1088 1365 cum
1105 1338 1287 1373 imperatorio
1301 1345 1335 1366 ac
1350 1338 1461 1367 decenti
1483 1338 1588 1366 honore
1604 1337 1768 1373 militiisque
1785 1345 1818 1365 ae

1027 1383 1126 1412 bandis
1150 1387 1178 1412 et
1201 1384 1321 1419 sceptris
1348 1384 1377 1411 in
1401 1383 1553 1412 Jerusalem
1574 1383 1667 1417 mittit,
1685 1387 1713 1411 et
1733 1387 1817 1411 totam

1025 1430 1132 1466 Syriam
1143 1430 1316 1458 circumduci
1329 1438 1393 1459 cum
1411 1430 1499 1459 multo
1510 1430 1591 1466 jubet
1602 1429 1707 1458 honore
1721 1429 1756 1457 ad
1775 1429 1818 1457 vi-

1026 1477 1133 1505 sionem
1148 1480 1325 1504 cunctorum.

1061 1521 1140 1548 Anno
1154 1520 1260 1555 imperii
1275 1519 1373 1549 Leuis
1388 1519 1425 1545 92
1437 1522 1529 1547 movet
1542 1518 1694 1547 exercitum
1704 1517 1817 1546 Sulehi-

1027 1573 1090 1593 man
1106 1571 1202 1593 contra
1215 1564 1390 1598 Romanam,
1404 1568 1432 1592 et
1445 1564 1628 1600 depopulatus
1639 1568 1683 1591 est
1693 1567 1817 1591 castrum

1025 1611 1098 1646 quod
1122 1610 1225 1639 dicitur
1239 1610 1377 1643 Siderum,
1395 1615 1423 1638 et
1441 1609 1622 1638 Eustachium
1647 1609 1731 1636 ﬁlium
1761 1608 1818 1636 Ma-

1024 1657 1095 1685 riani
1108 1657 1217 1692 patricii
1232 1656 1373 1691 captivum
1391 1655 1482 1683 duxit.

1058 1702 1139 1730 Anno
1151 1702 1261 1737 imperii
1278 1702 1378 1729 Leonis
1393 1702 1439 1734 25.
1459 1709 1556 1729 mense
1584 1700 1667 1730 Maio.
1688 1700 1818 1727 indictio-

1025 1748 1070 1776 nis
1085 1748 1114 1781 8,
1127 1752 1215 1776 movtt
1240 1748 1393 1776 exercitum
1417 1747 1578 1775 Snlehiman
1595 1750 1692 1774 contra
1720 1745 1819 1773 Roma—

1024 1793 1098 1820 niam
1110 1800 1173 1820 cum
1183 1793 1331 1828 nonaginta
1344 1792 1467 1820 millibus
1485 1796 1512 1820 et
1530 1791 1738 1826 magistratibus
1749 1798 1817 1826 qua-

1024 1843 1104 1871 tuor,
1124 1846 1241 1874 quorum
1261 1838 1364 1875 Gamer
1376 1838 1432 1865 dux
1449 1841 1510 1866 erat
1533 1837 1669 1865 insidians
1687 1836 1715 1864 in
1738 1837 1818 1865 denis

1024 1883 1147 1912 millibus
1160 1884 1326 1912 latrunculis
1347 1884 1458 1912 Asiame
1481 1887 1562 1911 terrae
1574 1882 1712 1919 partibus,
1736 1882 1818 1917 cujus

1024 1930 1093 1957 socii
1120 1935 1205 1958 erant
1226 1929 1322 1958 Melich
1343 1934 1372 1958 ct
1392 1929 1470 1957 Batal
1491 1937 1555 1957 cum
1582 1929 1678 1965 viginti
1697 1928 1818 1956 millibus

1024 1975 1148 2010 equitum
1164 1977 1237 2004 circa
1251 1976 1441 2004 Achrobinum
1459 1975 1666 2003 debacchantes
1677 1995 1685 2007 ,
1703 1978 1731 2002 et
1755 1978 1818 2010 post

1025 2021 1077 2050 hos
1089 2021 1252 2050 Snlehiman
1271 2023 1299 2049 in
1322 2021 1466 2057 sexaginta
1482 2021 1606 2049 millibus
1621 2021 1694 2048 circa
1710 2020 1817 2056 Cappa-

1025 2067 1124 2095 docum
1136 2066 1253 2102 Tyanim
1274 2074 1450 2103 progressus,
1463 2074 1582 2102 quorum
1600 2066 1647 2093 alii
1663 2073 1713 2100 per
1720 2065 1817 2093 Asiam

1025 2119 1052 2143 et
1061 2114 1275 2149 Cappadociam,
1289 2114 1377 2141 multo
1397 2113 1505 2142 excidio
1517 2113 1639 2140 virorum
1662 2119 1694 2139 ac
1720 2111 1816 2139 mulie-

1026 2168 1088 2188 rum
1114 2165 1198 2195 atque
1223 2160 1413 2195 iumentorum
1433 2163 1601 2195 perpetrato,
1621 2158 1699 2186 illaesi
1715 2158 1818 2186 reversi

1026 2211 1100 2235 sunt.
1116 2206 1150 2234 Hi
1171 2214 1238 2235 vero
1255 2207 1304 2242 qui
1316 2214 1379 2235 cum
1398 2206 1496 2235 Melich
1508 2209 1535 2234 et
1549 2205 1626 2233 Batal
1640 2205 1714 2241 apud
1736 2205 1820 2232 (lbra-

991 2266 1015 2294 D
1028 2252 1122 2280 himon
1139 2257 1228 2286 erant,
1246 2252 1396 2288 expugnati
1411 2260 1426 2280 a
1441 2252 1533 2280 Leone
1555 2259 1603 2279 seu
1632 2251 1818 2279 Constantino

1029 2299 1151 2335 superati
1174 2303 1259 2333 sunt;
1274 2302 1302 2326 et
1325 2300 1419 2334 plures
1429 2306 1463 2326 ex
1486 2297 1530 2324 his
1555 2297 1641 2324 armis
1660 2297 1728 2332 ipsis
1755 2304 1818 2323 cum

1029 2344 1137 2373 duobus
1151 2344 1324 2379 principibus
1342 2343 1493 2378 perierunt,
1503 2342 1653 2376 octingenti
1680 2348 1745 2369 vero
1768 2349 1820 2376 pu-

1029 2395 1169 2426 gnatores,
1186 2389 1233 2424 qui
1249 2396 1282 2416 ex
1295 2389 1348 2416 illis
1360 2388 1394 2416 ad
1407 2395 1455 2416 sex
1470 2387 1555 2414 millia
1574 2386 1744 2418 institerant,
1765 2386 1820 2421 διν

1029 2436 1128 2464 nadem
1145 2434 1321 2470 confugiunt,
1333 2438 1361 2462 et
1379 2434 1448 2462 salvi
1461 2436 1640 2461 remanentes
1656 2431 1819 2460 Sulehiman

1031 2480 1131 2510 sociati
1149 2485 1225 2513 sunt,
1241 2484 1268 2508 et
1280 2480 1309 2508 in
1326 2480 1434 2515 Syriam
1451 2478 1619 2515 repedarunt
1630 2477 1752 2514 inglorii.
1768 2477 1821 2505 Eo-

1030 2527 1094 2555 dem
1106 2527 1190 2555 etiam
1204 2533 1277 2554 anno
1292 2529 1320 2553 et
1335 2526 1363 2553 in
1380 2525 1474 2553 Africa
1506 2524 1586 2552 multi
1611 2524 1647 2552 ab
1662 2524 1704 2551 eis
1725 2523 1819 2559 perdi-

1031 2575 1099 2602 tioni
1117 2582 1182 2602 cum
1193 2579 1310 2610 praetore
1325 2573 1496 2602 Damaseeno
1522 2573 1634 2601 neruine
1658 2575 1819 2607 patuerunt.

1066 2621 1147 2649 Anno
1161 2620 1269 2655 imperii
1281 2620 1392 2653 Leonis,
1404 2619 1566 2655 nequissimi
1577 2619 1649 2655 Syri,
1662 2618 1699 2645 26
1712 2617 1818 2644 incensi

1031 2670 1097 2695 sunt
1112 2666 1164 2694 fori
1191 2665 1264 2701 apud
1277 2666 1444 2700 Damascum
1469 2665 1503 2693 ab
1519 2663 1744 2694 Hieracensibns,
1771 2661 1819 2696 qui

1032 2713 1155 2748 patibulo
1169 2718 1237 2740 sunt
1251 2712 1334 2740 aﬁixi.
1349 2712 1508 2747 Eodemque
1533 2718 1607 2738 anno
1622 2715 1703 2737 terrae
1725 2711 1819 2736 motus

1033 2759 1122 2787 iactus
1134 2762 1178 2787 est
1191 2766 1308 2794 magnus
1325 2763 1407 2793 atque
1425 2757 1557 2786 terribilis
1566 2753 1818 2789 Constantinopoli,

1033 2805 1149 2840 septimo
1173 2805 1241 2833 ’Kal.
1256 2804 1445 2837 Novembrias,
1464 2804 1624 2832 indictionis
1642 2809 1732 2833 nonat,
1752 2800 1818 2829 feria

1033 2854 1145 2887 quarta,
1162 2851 1229 2879 hora
1244 2856 1354 2884 octava,
1375 2856 1403 2878 et
1423 2855 1589 2878 corruerunt
1601 2849 1726 2878 ecclesia:
1736 2852 1819 2883 atque

1033 2897 1212 2931 monasteria,
1229 2897 1402 2933 populusque
1417 2897 1520 2925 multus
1535 2896 1688 2924 exstinctus
1702 2899 1753 2923 cst.
1770 2894 1816 2922 Ce-
