2052 3153
247 176 314 209 136Ἰ

805 176 1008 209 ANASTASII
1027 176 1342 209 BIBLIOTHECARH

1803 177 1876 212 1368

242 237 311 265 cidit
327 240 419 265 autem
433 240 461 265 ct
476 236 665 270 simulacrum,
678 236 751 272 quod
762 237 854 265 stabat
865 245 950 272 super
959 237 1032 265 Atali
1047 239 1071 269 Α
1084 242 1112 266 et
1126 238 1219 266 comiti
1234 236 1376 273 Obsequii.
1391 236 1441 272 qui
1456 236 1562 264 Annam
1582 242 1706 264 sororem
1720 235 1782 272 ejus
1808 244 1879 265 uo-

243 286 361 318 portam,
385 283 476 318 magni
497 282 684 316 Constantini,
699 289 754 310 una
773 290 836 310 cum
853 283 915 318 ipso
939 283 1030 317 Atalo,

241 333 269 357 et
284 329 381 357 titulus
396 329 516 362 Arcadii,
533 328 580 364 qui
596 336 680 364 supra
701 327 849 364 Xerolophi
870 329 1029 357 columnam

242 375 344 409 stabat,
372 379 399 402 et
425 374 601 402 simulacrum
628 373 742 409 majoris
767 374 930 407 Theodosii,
956 375 1031 410 quod

242 428 325 454 supra
343 423 452 455 portam
472 420 589 447 Auream
616 419 773 453 videbatur,
799 427 907 448 necnon
929 424 957 449 et
975 424 1031 448 ter-

242 466 301 493 reni
314 465 392 493 urbis
410 465 492 496 muri,
507 469 536 492 et
550 465 677 493 civitates
690 473 723 493 ac
737 465 810 493 villa:
822 467 848 494 in
867 465 985 500 Thrace,
1004 470 1032 494 et

241 501 400 539 Nicomedia
428 511 456 538 in
479 510 608 547 Bithynia
631 515 659 539 et
675 511 817 540 Pranetus
844 516 872 541 et
887 511 987 546 Nicaea,
1004 513 1031 541 in

241 564 294 591 qua
319 563 374 583 una
387 555 464 584 salva
492 557 625 584 remansit
643 556 771 585 ecclesia.
787 556 868 593 Fugit
898 562 988 586 autem
1004 561 1032 586 et

242 609 318 630 mare
334 603 466 630 terminos
481 609 547 631 suos
562 603 590 629 in
602 602 768 638 quibusdam
792 604 871 637 locis,
889 609 916 631 et
934 603 1031 639 perdu-

241 648 312 675 ravit
322 651 404 675 terra:
416 653 508 676 motus
523 648 667 676 mensibus
691 648 846 676 duodecim.
861 650 912 677 Ast
940 650 1030 686 impe—

241 697 316 721 rator
330 693 471 721 allocutus
485 697 529 722 cst
547 694 679 729 populum
693 694 791 723 dicens
811 704 818 722 :
841 695 893 723 Vos
916 703 969 723 non
984 705 1030 723 va-

241 739 300 766 letis
315 735 449 774 cedi/itare
468 747 568 772 muros,
586 741 631 768 sed
654 748 702 768 nos
727 741 894 776 precipimus
912 741 1029 768 admini-

239 784 413 817 stratoribus,
430 788 455 811 et
469 784 522 819 ipsi
534 785 638 820 exigant
659 785 687 812 in
706 785 826 820 regulam
842 793 889 821 per
910 786 1030 821 singulos

240 837 334 857 aureos
349 837 485 856 nummum
510 833 662 865 argenteum
691 838 786 859 unum.
806 830 866 864 Quo
884 830 1030 866 imperium

240 878 354 910 accepto
367 874 514 902 mditicavit
527 882 634 908 muros,
659 880 687 903 et
713 875 751 903 ita
764 875 836 904 facta
851 879 895 903 est
914 883 1031 904 consue-

239 920 307 948 tudo
318 920 402 948 dandi
418 920 499 949 binas
529 921 646 956 siliquas
663 921 950 956 administratoribus,
966 930 1029 950 cum
1048 918 1069 946 Β

240 972 330 993 annus
341 969 414 993 esset
431 973 446 993 a
463 965 622 994 conditione
641 967 751 1002 quidem
766 967 860 995 mundi
880 968 958 1003 juxta
979 968 1031 996 Ro-

240 1018 337 1038 manos
351 1011 386 1038 ab
403 1011 489 1039 Adam
504 1011 585 1044 6248,
602 1012 755 1040 secundum
782 1012 930 1049 Egyptias
959 1022 1028 1042 vero

239 1063 288 1083 seu
301 1055 504 1084 Alexandrinos
515 1057 596 1090 6232,
606 1064 622 1085 a
635 1057 762 1094 Philippo
771 1060 923 1087 secundum
939 1059 1030 1087 Mace-

238 1101 326 1128 dones
346 1101 428 1129 1065.
449 1101 584 1137 Regnavit
604 1103 679 1131 enim
704 1103 761 1133 Leo
784 1105 819 1132 ab
845 1110 944 1134 octavo
968 1105 1028 1133 Kal.

238 1147 407 1182 Apriliarum
427 1147 541 1176 decimae
573 1149 678 1184 quinta:
698 1149 859 1180 indlctionis
885 1158 975 1187 usque
995 1151 1030 1180 ad

238 1191 377 1220 decimum
405 1198 534 1228 quartum
558 1192 619 1221 Kal.
643 1193 732 1223 Julias
755 1202 838 1224 nonas
858 1195 1029 1229 indictionis,

237 1245 301 1265 cum
330 1241 472 1273 regnasset
512 1240 594 1267 annis
628 1239 675 1274 ει,
700 1241 842 1270 mensibus
873 1241 909 1274 2,
932 1241 1030 1271 diebus

236 1283 284 1311 25.
320 1283 452 1311 Similiter
484 1283 685 1314 Constantinus
710 1286 786 1315 illius
814 1287 886 1322 ejus,
921 1287 1029 1323 imperii

237 1333 266 1357 et
291 1329 443 1364 impietatis
472 1329 561 1365 ipsius
576 1331 737 1366 |successor
752 1352 761 1367 ,
793 1333 829 1361 ab
851 1333 950 1362 eodem
979 1334 1030 1362 de-

237 1375 310 1403 cimo
326 1379 427 1411 quarto
454 1375 616 1405 KalJulias
643 1385 724 1406 nona:
748 1378 911 1408 indictionis
939 1387 1030 1416 usque

238 1421 272 1448 ad
292 1422 428 1449 decimum
444 1427 573 1450 octavum
588 1423 651 1452 Kal.
661 1422 807 1452 Octobrias
819 1425 933 1454 decima
943 1433 1030 1462 quar-

237 1472 272 1494 ιε
294 1467 466 1500 indictionis,
487 1475 551 1496 cuin
573 1473 717 1504 regnasset
743 1473 772 1498 et
787 1470 850 1506 ipse
875 1472 956 1500 annis
982 1472 1028 1506 34,

238 1512 380 1540 mensibus
394 1513 422 1546 5,
434 1513 534 1542 diebus
546 1514 575 1541 2.

274 1556 378 1585 Taliter
396 1565 474 1593 ergo,
492 1563 522 1586 ut
537 1557 727 1594 praediximus,
738 1561 833 1589 eodem
856 1569 928 1591 anno
950 1570 1030 1592 nonae

237 1602 399 1630 indictionis
416 1607 542 1631 mortuus
553 1609 596 1633 est
613 1604 669 1633 Leo
685 1613 741 1634 una
753 1614 816 1635 cum
831 1608 931 1637 animae
946 1609 1028 1639 simul

237 1651 265 1675 et
286 1648 412 1682 corporis
433 1654 532 1683 morte,
553 1654 581 1678 et
603 1650 720 1687 imperat
736 1651 936 1683 Constantinus
957 1654 1029 1684 ﬁlius

236 1692 308 1728 eius.
325 1692 359 1721 Et
370 1694 480 1729 quidem
497 1703 667 1732 quaecunque
681 1697 734 1725 sub
748 1697 841 1727 Leone
854 1699 939 1735 impio
950 1701 1030 1729 Chri-

236 1739 335 1767 stianis
355 1745 516 1773 evenerunt,
542 1741 601 1770 sive
622 1743 698 1770 circa
722 1743 803 1772 ﬁdem
829 1745 1029 1781 orthodoxam,

237 1785 296 1812 sive
326 1792 411 1820 super
437 1785 566 1814 civilibus
589 1787 841 1824 dispositionibus,
864 1791 924 1820 sive
947 1799 1030 1828 super

238 1829 327 1865 turpis
346 1831 414 1858 lucri
430 1837 538 1866 quaestu
556 1836 584 1861 et
601 1834 717 1862 avaritia
740 1843 789 1870 per
802 1835 937 1870 Siciliam,
949 1837 1030 1866 Cala-

239 1875 327 1903 briam
339 1880 366 1904 et
378 1877 487 1905 Cretam
501 1878 648 1906 adinventa
664 1880 804 1915 pariteret
818 1882 958 1917 imposita,
970 1884 1030 1912 sive

238 1921 267 1949 in
283 1921 366 1950 Italiae
383 1924 521 1958 apostasia
537 1929 649 1960 propter
664 1925 747 1961 hujus
762 1927 953 1962 eacodoxiam,
970 1929 1029 1958 sive

238 1967 267 1994 in
295 1967 367 1995 fame
393 1976 426 1996 ac
451 1970 608 2004 pestilentia
631 1972 810 2007 gentiumque
829 1974 980 2008 pressuris,
999 1978 1030 2002 ut

239 2014 416 2049 particularia
432 2020 547 2050 taceam,
564 2017 593 2045 in
611 2018 833 2053 praecedentibus
846 2021 1031 2049 ostenduntur

237 2060 373 2094 capitulis.
391 2061 505 2097 Dignum
520 2067 611 2091 autem
621 2067 664 2091 est
682 2063 717 2092 de
728 2069 828 2093 caetero
841 2071 869 2093 et
891 2065 966 2102 impii
981 2066 1030 2094 ﬁlii

237 2105 310 2139 ejus,
329 2111 457 2141 tanquam
475 2107 541 2141 Deo,
565 2109 613 2144 qui
630 2110 724 2137 omnia
743 2111 886 2146 perspicit,
907 2117 1030 2140 contem-

238 2151 341 2184 plante,
372 2152 509 2180 veraciter
535 2158 563 2181 et
592 2161 647 2181 non
672 2155 810 2191 superﬂue
829 2156 863 2184 ad
883 2157 1029 2186 utilitatem

239 2196 369 2230 posteris,
395 2201 422 2224 et
438 2198 557 2231 miseris,
576 2200 623 2235 qui
646 2209 720 2229 nunc
736 2201 764 2229 in
787 2203 937 2231 eacodoxia
956 2204 1031 2233 illius

239 2241 426 2277 decipiuntur,
442 2243 561 2272 ludibria
573 2246 699 2282 exsequi,
718 2239 781 2282 quae
795 2249 830 2276 ab
844 2249 896 2277 hac
907 2250 941 2278 10
957 2250 1030 2278 indi-

238 2289 330 2316 ctione
345 2289 433 2324 ipsius
449 2290 554 2326 imperii
571 2293 635 2320 anui
652 2294 735 2328 primi
754 2302 844 2330 usque
860 2296 894 2324 ad
908 2296 943 2324 Η
954 2297 1027 2326 indi-

238 2333 357 2361 ctionem
377 2336 473 2364 mortis
486 2336 560 2365 illius
573 2338 657 2373 impie
672 2340 768 2374 gessit.
785 2339 834 2368 Hic
846 2341 919 2369 enim
935 2344 1030 2377 pernio

237 2379 413 2409 ciosissimus
437 2386 464 2409 et
488 2384 606 2418 agrestis
619 2383 715 2419 ferus,
741 2390 770 2414 et
801 2387 944 2423 tyrannice
979 2394 1032 2417 nec

239 2426 359 2460 legitime
379 2426 482 2455 abusus
502 2428 629 2463 imperio,
658 2431 748 2466 primo
766 2432 878 2467 quidem
893 2441 909 2461 a
930 2433 986 2462 Deo
1004 2438 1032 2462 et

239 2470 401 2499 intemerata
414 2471 500 2500 Matre
509 2473 596 2508 ipsius
606 2482 639 2502 ac
647 2476 775 2505 omnibus
783 2478 888 2506 sanctis
895 2478 1030 2512 abscedit,

239 2515 354 2552 magicis
362 2517 504 2546 maleﬁciis
515 2523 545 2546 et
554 2519 673 2549 luxuriis
691 2523 870 2559 cruentisque
884 2525 1031 2554 sacrificiis

239 2565 267 2589 et
296 2562 442 2591 caballinis
469 2566 641 2595 stercoribus
666 2572 749 2603 atque
774 2569 843 2597 lotio
863 2570 1029 2604 delectatus,

240 2608 408 2637 mollitiebus
432 2617 543 2646 quoque
566 2618 600 2639 ac
626 2612 781 2641 dtemonum
805 2615 1031 2645 invocationibus

240 2655 375 2690 gaudens,
403 2659 487 2691 atque
509 2658 640 2687 omnibus
662 2660 770 2689 animas
790 2663 1030 2697 corrumpentibus

241 2701 483 2732 adinventionibus
511 2711 527 2731 a
553 2708 649 2733 tenera
670 2710 752 2735 aetate
777 2708 940 2737 eonvivens.
960 2709 1030 2743 Quia

241 2754 308 2775 vero
322 2754 468 2782 paternum
488 2751 670 2787 principatum
689 2760 752 2781 cum
778 2754 884 2782 malitia
898 2757 1029 2792 suscepit,

241 2800 296 2820 non
311 2795 446 2822 modicam
467 2796 494 2823 in
507 2796 582 2824 brevi
598 2800 722 2833 tempore
741 2799 915 2828 demonstrat
933 2802 1030 2837 nequi-

241 2838 319 2870 tiam,
351 2840 388 2868 ita
416 2846 446 2868 ut
469 2842 504 2870 ab
526 2843 654 2872 omnibus
680 2845 716 2872 ob
741 2845 938 2880 impudentiam
964 2855 1030 2876 con-

243 2881 331 2909 l'cstim
352 2884 415 2913 odio
431 2885 589 2921 haberetur,
619 2894 644 2916 ct
668 2889 842 2919 Ai'tahuusdo
872 2893 1026 2928 curopalati

1086 291 1144 311 rem
1160 282 1288 316 duxerat,
1301 283 1343 310 vis
1356 289 1406 318 pro
1419 281 1589 316 capessendo
1614 281 1732 316 imperio
1751 282 1878 318 importe-

1085 332 1170 357 retur.
1187 329 1288 357 Eodem
1305 335 1416 364 quoque
1434 336 1507 356 anno
1529 327 1622 356 Hisam
1638 327 1778 356 interfecit
1793 329 1878 356 Chri-

1085 375 1194 404 stianos
1219 376 1343 411 captivos
1369 375 1397 402 in
1414 375 1488 402 omni
1512 375 1637 406 civitate,
1664 375 1738 402 inter
1753 383 1825 411 quos
1847 379 1877 403 et

1087 421 1257 453 Eustachius,
1280 421 1354 449 illius
1381 419 1496 448 Mariani
1528 419 1638 456 patricii
1666 423 1771 455 martyr
1794 426 1877 448 verus

1085 472 1214 495 ostensus
1231 470 1274 494 est
1287 467 1313 494 in
1327 465 1441 494 Carram
1456 463 1671 500 Mesopotamiae,
1695 464 1743 491 ubi
1767 468 1794 492 tt
1810 465 1878 492 reli-

1084 514 1156 550 quiae
1169 514 1255 549 ipsius
1272 514 1404 542 sanitates
1418 519 1469 549 per
1483 511 1530 540 Dei
1545 511 1661 547 gratiam
1676 516 1837 546 operantur,
1847 515 1877 539 es

1085 560 1163 588 multi
1175 560 1222 587 alii
1239 567 1287 596 per
1304 559 1466 595 sanguinem
1481 558 1665 587 consummati
1681 561 1757 586 sunt.

1121 606 1213 634 Mundi
1229 614 1301 635 anno
1315 607 1395 640 6255,
1404 605 1505 633 divinae
1517 604 1719 633 incarnationis
1730 611 1801 632 anno
1808 603 1874 637 733,

1084 651 1292 686 Constantinus,
1314 655 1476 686 persecutor
1490 651 1580 686 legum
1603 658 1618 678 a
1633 649 1763 679 Patribus
1787 650 1876 678 tradi-

1085 701 1188 732 tarum,
1203 698 1319 733 imperat
1334 697 1435 726 divinis
1448 697 1561 732 judiciis
1573 700 1601 724 et
1617 696 1795 724 multitudine
1813 697 1876 723 cnl-

1084 751 1182 779 parum
1196 744 1322 779 exigente
1337 747 1505 772 nostrarum.
1528 742 1581 776 Qui
1607 750 1670 770 cum
1693 742 1792 778 quinto
1810 741 1873 769 Kal.

1083 788 1172 818 Julias
1187 789 1222 817 ad
1245 793 1336 825 partes
1352 791 1484 824 egressus
1494 787 1599 816 Obsicil
1616 788 1750 816 adversus
1767 788 1876 816 Arabes

1083 840 1167 870 esset,
1187 836 1263 863 venit
1279 835 1313 863 ad
1339 836 1477 864 civitatem
1494 842 1555 870 qua:
1568 834 1670 862 dicitur
1685 830 1784 861 Cra'so.
1799 834 1873 862 Cum

1084 887 1174 910 autem
1197 882 1345 918 praedictus
1367 882 1506 910 Artahuas
1529 881 1638 909 θοτίιεί
1665 889 1728 909 cum
1753 880 1875 909 Obsiaco

1082 928 1182 964 populo
1197 933 1281 960 esset,
1295 927 1516 964 suspiciebantur
1542 927 1577 955 ad
1605 928 1734 956 invicem.
1760 928 1872 956 Mittens

1081 978 1172 1001 autem
1190 974 1389 1002 Constantinus
1411 974 1445 1001 ad
1460 981 1522 1001 eum
1537 973 1648 1009 petebat
1669 974 1722 1002 sibi
1738 973 1819 1009 dirigi
1841 973 1874 1001 ﬁ-

1081 1020 1132 1048 lios
1149 1019 1220 1055 ejus,
1247 1027 1317 1055 quos
1332 1020 1412 1054 quasi
1432 1019 1610 1048 desiderabat
1639 1023 1736 1055 utpote
1757 1024 1874 1055 nepotes

1081 1072 1146 1093 suos
1161 1064 1263 1098 videre.
1281 1064 1399 1093 Intentio
1412 1069 1504 1093 autem
1519 1064 1581 1100 ejus
1600 1069 1661 1093 erat
1684 1067 1870 1101 comprehcn-

1081 1111 1164 1140 dendi
1176 1119 1224 1140 eos
1240 1115 1267 1139 et
1284 1111 1454 1140 retrudendi.
1482 1112 1518 1140 At
1535 1112 1583 1140 ille
1602 1118 1666 1140 cum
1690 1104 1873 1141 intellexisset

1081 1157 1217 1191 haudem,
1244 1157 1498 1185 lmmensurabilem
1522 1157 1656 1185 malitiam
1683 1157 1744 1194 ejus
1767 1159 1871 1191 sciens,

1080 1203 1124 1231 sui
1142 1203 1361 1239 desperationem
1381 1203 1510 1237 incurrit,
1525 1204 1714 1239 populumque
1728 1205 1873 1239 alloquens

1080 1251 1108 1276 et
1137 1247 1307 1284 persuadens
1322 1248 1427 1284 impetu
1451 1248 1583 1277 adversus
1609 1249 1686 1277 illum
1706 1256 1768 1277 cum
1793 1250 1872 1276 omni

1081 1295 1256 1322 multitudine
1268 1295 1436 1330 properavit.
1448 1294 1481 1322 Et
1496 1295 1579 1324 Beser
1590 1295 1701 1332 quidem
1714 1295 1871 1331 patricium,

1080 1341 1128 1377 qui
1143 1348 1243 1369 sensus
1257 1344 1316 1368 erat
1331 1340 1535 1369 Saracenorum
1553 1346 1676 1370 sectator
1685 1342 1789 1378 quique
1801 1349 1874 1378 prat-

1080 1391 1214 1421 cesserat,
1239 1387 1388 1422 romphaeis
1414 1386 1626 1416 interfecerunt.
1641 1389 1688 1416 'At
1709 1396 1776 1416 vero
1798 1387 1873 1427 Gon-

1079 1433 1219 1461 stantintts
1236 1433 1336 1462 misere
1359 1442 1431 1470 equo
1458 1434 1530 1463 forte
1554 1438 1643 1463 strato
1666 1439 1788 1470 reperto,
1808 1443 1872 1463 cum

1079 1479 1253 1507 ascendisset
1282 1479 1310 1507 in
1325 1487 1398 1514 cum,
1428 1480 1536 1515 fugiens
1560 1480 1635 1507 venit
1654 1480 1806 1508 Amorium.
1838 1480 1874 1508 Et

1079 1531 1143 1553 cum
1159 1525 1194 1552 ad
1222 1525 1403 1553 Orientalium
1428 1526 1539 1558 thema,
1562 1526 1642 1561 cujus
1674 1530 1776 1562 praetor
1805 1531 1873 1555 tunc

1079 1570 1218 1599 Lancinus
1231 1576 1306 1606 erat,
1322 1573 1506 1605 cucurrisset,
1524 1572 1743 1601 circumvenitur
1756 1573 1791 1601 ab
1805 1573 1874 1608 illis,

1079 1624 1149 1652 quos
1161 1618 1248 1652 magis
1264 1617 1411 1645 sublevans
1432 1618 1677 1654 pollicitationibus
1693 1619 1726 1646 ad
1746 1619 1875 1647 Sisinna-

1080 1663 1149 1691 tium
1162 1664 1246 1691 mittit
1259 1664 1417 1697 confestim,
1442 1664 1489 1700 qui
1504 1668 1571 1692 tunc
1594 1669 1698 1700 praetor
1711 1670 1771 1693 erat
1782 1664 1874 1694 Thra-

1079 1709 1203 1738 ccnsium
1219 1709 1360 1744 thematis,
1375 1714 1403 1738 et
1418 1711 1565 1746 persuadet
1585 1711 1640 1738 illis
1664 1712 1791 1740 auxiliari
1809 1712 1872 1741 sibi.

1080 1754 1150 1783 llinc
1165 1762 1230 1791 ergo
1242 1756 1423 1783 atrocissima!
1439 1763 1535 1791 pugna-
1549 1759 1575 1783 et
1592 1755 1738 1784 conﬂictus
1754 1757 1874 1785 subditis

1079 1805 1257 1837 generantur,
1278 1809 1341 1828 cum
1366 1801 1517 1836 imperator
1530 1801 1718 1837 appellaretur
1743 1808 1872 1839 uterque.

1080 1847 1215 1875 Praeterea
1227 1847 1324 1875 scribit
1346 1848 1538 1876 Artahuasdus
1554 1849 1587 1876 ad
1605 1848 1801 1884 Theophanem
1821 1857 1873 1885 pa-

1079 1893 1190 1920 tricium
1202 1897 1229 1921 et
1253 1893 1428 1929 magistrum,
1442 1895 1490 1930 qui
1505 1902 1539 1922 ex
1554 1903 1673 1930 persona
1690 1896 1823 1932 principis
1844 1897 1873 1925 in

1080 1938 1150 1966 urbe
1175 1943 1358 1971 remanserat,
1383 1947 1433 1975 per
1458 1939 1641 1968 Athanasium
1672 1941 1872 1977 silentiarium,

1080 1991 1141 2019 quae
1153 1987 1230 2020 gesta
1244 1988 1318 2012 sunt.
1338 1984 1390 2018 Qui
1403 1992 1465 2013 cum
1485 1986 1661 2015 Artahuasdo
1684 1987 1799 2022 faveret,
1821 1995 1873 2016 co-

1080 2034 1207 2058 acervato
1226 2031 1327 2066 populo
1342 2031 1413 2066 apud
1428 2032 1637 2061 catechumcnia
1654 2032 1759 2069 Magnae
1780 2034 1873 2062 eccle-

1081 2076 1139 2108 siae,
1152 2079 1179 2103 et
1196 2083 1244 2111 per
1261 2076 1366 2104 litteras
1378 2080 1405 2104 et
1427 2085 1478 2112 per
1496 2078 1554 2113 jam
1571 2078 1675 2106 dictum
1690 2079 1873 2106 Athanasium

1080 2121 1216 2156 persuasit
1228 2122 1356 2150 omnibus
1370 2122 1482 2150 credere
1497 2123 1568 2159 quod
1581 2124 1731 2159 imperator
1745 2129 1874 2155 mortuus

1081 2166 1174 2200 fuerit,
1192 2166 1384 2204 Artahuasdus
1399 2172 1490 2196 autem
1516 2176 1532 2196 a
1557 2170 1726 2199 thematibus
1749 2178 1874 2206 pronun-

1081 2211 1166 2240 tiatus
1194 2213 1231 2240 sit
1260 2212 1420 2247 imperator.
1451 2214 1529 2243 Tunc
1553 2216 1643 2244 omnis
1669 2217 1786 2253 p0pulus
1808 2225 1873 2246 cum

1045 2262 1068 2291 ι)
1083 2257 1232 2286 Anastasio
1248 2258 1309 2286 falsi
1326 2260 1447 2288 nominis
1473 2261 1630 2296 patriarcha
1657 2262 1826 2290 anathemati
1845 2267 1875 2292 et

1081 2302 1256 2331 detestationl
1283 2304 1475 2333 submiserunt
1500 2306 1713 2335 Constantinum
1739 2312 1769 2335 ut
1794 2316 1874 2337 arro-

1082 2346 1192 2384 gantem
1206 2351 1232 2375 et
1246 2347 1435 2377 adversarium
1461 2350 1518 2384 Dei,
1544 2355 1627 2387 atque
1655 2352 1744 2388 ipsius
1771 2353 1874 2382 eadem

1082 2393 1313 2428 amplectabiliter
1329 2395 1502 2424 admiserunt
1525 2400 1656 2433 tanquam
1680 2405 1694 2425 a
1716 2400 1788 2427 malo
1815 2407 1875 2427 ma.

1081 2438 1157 2466 ximo
1184 2439 1324 2468 liberati:
1355 2441 1559 2470 Artahuasdum
1590 2451 1655 2472 vero
1669 2444 1876 2480 .impcratorem

1081 2483 1304 2518 praedicaverunt
1333 2489 1363 2513 ut
1390 2486 1574 2515 orthodoxum
1598 2492 1625 2516 et
1643 2489 1802 2518 divinorum
1826 2491 1876 2518 do-

1080 2532 1202 2564 gmatum
1219 2535 1463 2567 propugnatorem.
1481 2533 1542 2561 Mox
1559 2541 1625 2570 ergo
1647 2534 1772 2564 Monotes
1790 2537 1877 2565 mittit

1082 2574 1109 2602 in
1123 2579 1217 2610 partes
1230 2575 1404 2606 Thracenses
1420 2578 1453 2606 ad
1470 2578 1657 2615 Nicephorum
1680 2581 1765 2609 lilium
1781 2590 1875 2616 suum,

1081 2623 1227 2656 praetorem
1255 2621 1467 2658 Thracensium,
1493 2633 1548 2660 quo
1566 2626 1600 2654 ad
1623 2627 1778 2655 custodiam
1796 2629 1875 2656 urbis

1081 2665 1200 2694 minaret
1213 2667 1270 2695 illic
1284 2669 1435 2697 exercitum
1446 2671 1640 2699 constitutum.
1655 2672 1797 2702 Obscratis
1807 2682 1875 2709 ergo

1081 2711 1169 2747 portis
1184 2720 1328 2741 murorum
1345 2719 1371 2742 et
1387 2716 1487 2752 vigiliis
1500 2717 1606 2752 positis,
1617 2718 1688 2747 ﬁlios
1700 2719 1874 2748 Constantini

1081 2759 1295 2793 comprehensos
1315 2768 1401 2790 οπεος
1416 2770 1448 2790 ac
1464 2767 1560 2792 tonsos
1572 2764 1600 2791 in
1616 2764 1742 2793 custodia
1768 2766 1871 2800 posuit.

1081 2804 1148 2831 Cum
1166 2809 1257 2833 autem
1280 2807 1473 2837 Artahuasdus
1497 2818 1559 2837 cum
1577 2811 1723 2846 obsequiis
1735 2817 1809 2840 esset
1824 2820 1871 2839 ur-

1081 2850 1141 2878 bem
1156 2851 1310 2886 ingressus,
1340 2855 1464 2887 pervenit
1488 2860 1516 2883 et
1530 2855 1733 2885 Constantinus
1752 2858 1871 2885 Chero-

1082 2896 1163 2931 polim
1177 2903 1241 2924 cum
1256 2897 1364 2927 duobus
1380 2900 1547 2931 thematihus
1558 2923 1565 2937 ,
1582 2902 1779 2933 Thraccnsium
1795 2904 1871 2933 scili-
