2052 3153
169 175 239 209 1359

569 175 754 206 HISTORIA
767 174 1057 206 ECCLESIASTICA
1079 174 1132 206 EX
1146 175 1387 207 THEOPHANE.

1717 177 1785 212 I370

165 237 209 261 oet
222 230 460 262 et~0rientalium;
476 232 500 257 el
517 236 581 258 cum
601 231 671 258 nihil
697 238 778 266 agere
806 230 951 264 valuisset,
966 232 988 261 Α
1002 227 1124 264 inﬁdeles
1142 230 1221 257 amici
1236 230 1295 257 ritis
1308 238 1318 257 :
1337 231 1487 257 testamenti
1502 237 1564 258 vero
1579 231 1632 259 mei
1650 235 1727 259 lutea
1743 241 1789 261 σοι

165 286 295 307 reversus
319 278 391 313 apud
418 278 562 306 Amorium
588 277 728 305 hiemavit.
758 276 952 304 Artaltuasdus

165 328 256 351 autem
271 331 320 358 per
341 327 427 350 totam
456 324 552 351 urbem
578 331 674 351 sacras
696 323 785 351 erexit
806 322 950 357 imagines.

165 369 273 397 interea
284 368 399 396 Barbari
415 369 566 397 sentientes
579 368 677 395 horum
689 368 806 396 invicem
815 367 948 402 iurgium,

165 417 280 444 multam
293 416 412 451 praedam
442 415 470 443 in
494 414 655 443 Romaniam
675 418 879 449 perpetrarunt.
901 414 952 443 hos

165 461 327 489 Sulehiman
359 465 476 496 pratore
510 461 638 488 ducente.
671 459 759 488 Porro
787 460 953 488 Anastasius

164 507 425 543 pseudopatriarcha
451 511 548 534 tenens
560 505 720 536 honoranda
738 510 767 535 et
794 505 902 534 viviﬁea
920 505 953 533 li-

164 561 228 589 gna.
241 554 345 588 iuravit
366 553 466 588 populo
482 553 577 581 dicens
593 560 600 579 :
619 552 671 580 Per
691 561 751 580 eum
773 552 819 587 qui
840 552 867 579 in
887 551 951 581 ipsis

165 599 260 634 afﬁxus
280 604 331 632 est,
354 599 393 626 ιίι·
410 598 474 625 mihi
498 599 567 625 dixit
595 597 786 626 Constantinus
808 598 953 632 imperator

165 653 332 677 asseverans,
347 644 390 672 Ne
411 645 526 672 aestimes
552 643 653 671 Filium
671 644 721 671 Dei
734 652 791 672 esse
802 652 861 671 eum
876 651 953 678 quem

163 691 265 726 peperit
281 690 382 723 Maria,
395 690 489 725 quique
511 689 611 716 dicitur
637 689 771 720 Christus.
786 690 832 716 sed
856 697 952 724 purum

163 737 308 764 hominem.
321 735 411 763 Maria
432 736 502 763 enim
517 743 578 763 eum
598 736 697 770 peperit
714 736 783 762 sicut
797 743 837 762 me
853 737 954 770 peperit

163 788 251 808 mater
273 789 332 808 mea
356 779 458 808 Maria.
478 779 513 807 Et
534 784 600 808 tunc
613 780 704 808 omnis
729 780 849 815 populus.
866 780 953 808 male-

163 827 238 855 disit
256 827 292 855 ei.

199 872 297 901 Mundi
322 879 396 900 anno
421 871 501 904 625i,
528 871 629 899 divina:
657 871 856 899 incarnationis
881 878 953 899 anno

164 918 229 949 754,
256 925 329 945 anno
350 925 417 945 vero
433 916 543 952 imperii
557 916 731 944 Constantini
754 916 887 948 secundo,
904 916 953 951 qui

163 964 354 993 Romanorum
370 963 517 999 imperium
540 964 638 997 tenuit,
663 967 791 992 mortuus
805 968 847 991 est
860 963 955 991 llisam

162 1009 287 1037 Arabum
304 1009 369 1037 dux.
387 1009 437 1037 llic
451 1009 625 1037 sanctissima
643 1009 815 1037 Antiochena
837 1009 954 1037 ecclesia

163 1063 216 1090 per
232 1063 321 1084 annos
331 1055 513 1091 quadraginta
523 1055 633 1083 viduata
648 1060 787 1088 manente,
803 1054 955 1090 prohiben-

164 1101 242 1131 tibus
257 1100 318 1129 fieri
332 1102 519 1137 patriarcham
535 1101 683 1134 Arabibus,
698 1101 728 1128 in
738 1100 836 1129 eadem
850 1100 956 1129 habens

163 1147 313 1183 quemdam
337 1148 558 1175 amantissimum
584 1148 751 1176 monachum
778 1147 878 1184 Syrum
903 1156 957 1177 no-

163 1193 241 1220 mine
262 1192 445 1226 Stephanum,
460 1192 640 1227 agrestiorem
653 1193 766 1227 quidem
779 1193 829 1220 sed
844 1193 956 1228 religio-

162 1244 239 1270 sum,
256 1237 336 1272 jubet
353 1236 382 1264 in
396 1236 510 1265 Oriente
533 1237 632 1272 positis
656 1237 836 1270 Christianis,
852 1238 875 1266 si
898 1239 956 1266 vel-

163 1283 225 1311 lent
247 1283 369 1317 permitti
395 1282 450 1310 sibi
475 1283 659 1318 patriarcham
684 1284 804 1317 habere,
820 1284 956 1320 eligerent

164 1329 357 1363 Stephanum;
388 1329 436 1365 qui
461 1329 596 1357 divinitus
625 1329 678 1358 hoc
703 1329 764 1357 fieri
786 1329 956 1358 arbitrantes

164 1380 400 1404 consecranteum
412 1376 441 1404 in
453 1376 519 1404 sede
532 1376 718 1411 Theupoleosl
734 1382 763 1404 et
771 1384 805 1405 ex
817 1381 883 1405 tunc
901 1377 956 1405 huc

164 1429 254 1457 usque
264 1422 396 1450 discurrit
410 1423 471 1450 sine
481 1422 667 1457 prohibitione
681 1423 840 1458 huiusmodi
849 1423 923 1451 ﬁeri.-

201 1468 306 1496 Eodem
319 1476 393 1496 anno
408 1468 529 1496 obtinuit
538 1468 636 1497 Vhalid
649 1468 722 1496 ﬁlius
734 1468 818 1496 Hisan
833 1468 957 1497 Arabum

164 1514 363 1549 principatum,
388 1515 423 1543 ad
448 1523 531 1551 quem
547 1515 745 1543 Constantinus
769 1514 881 1550 quidem
899 1514 957 1542 An‘

1003 283 1058 303 esse
1066 275 1135 308 uolo,
1148 284 1207 303 cum
1220 277 1254 303 sit
1265 276 1330 303 tale.
1352 275 1443 304 Omnia
1456 278 1501 312 qui
1520 285 1574 303 non
1592 278 1673 305 credit
1692 278 1719 305 in
1732 278 1790 306 Pa-

1003 327 1070 349 trem
1085 326 1109 348 et
1121 321 1218 349 lilium
1230 326 1255 349 et
1269 321 1400 357 Spiritum
1417 327 1550 355 sanctum,
1578 323 1793 352 coruubstantia-

1003 370 1055 397 [ειη
1068 375 1092 397 et
1108 370 1225 397 diuinam
1246 370 1273 397 in
1297 371 1410 397 utonude
1427 370 1449 397 Τ
1449 371 1594 403 rinitatem.
1611 376 1731 398 mortuus
1751 377 1800 398 est»

1003 416 1106 448 animo,
1123 421 1149 442 et
1164 420 1264 443 interno
1280 416 1375 451 dignus
1391 420 1430 443 est
1451 420 1592 444 tormento.
1617 417 1689 444 Talis
1709 422 1747 445 est
1766 423 1792 445 et

1002 461 1126 489 Haumed
1143 462 1368 497 paeudopropltetu
1386 466 1473 490 vester
1498 467 1523 489 et
1539 463 1693 490 Antichristi
1723 472 1791 499 prie.

1003 515 1105 534 cursor.
1120 507 1250 534 Discedite
1267 515 1340 542 ergo.
1357 508 1380 534 ri
1396 508 1459 534 mihi
1475 507 1584 534 crediti:
1601 509 1708 535 testanti
1722 509 1793 535 vobis

1003 553 1079 580 hodie
1093 552 1186 580 emtum
1202 558 1227 579 et
1242 558 1351 585 terram,
1374 554 1407 580 ab
1430 553 1504 580 illius
1524 553 1688 588 fabulatione
1701 561 1711 581 :
1728 562 1792 580 cou-

1002 597 1061 625 sulo
1079 599 1150 625 enim
1165 598 1246 629 uobis,
1264 606 1298 625 ne
1320 599 1472 626 cruciemini
1485 599 1566 626 simul
1578 607 1638 626 cum
1651 599 1707 626 illo.
1722 599 1792 627 Cum

1002 648 1096 671 autem
1110 644 1169 672 haec
1186 648 1214 672 et
1224 644 1270 671 his
1289 644 1367 679 plura
1384 651 1447 672 cum
1461 645 1503 672 eis
1521 644 1556 671 de
1567 644 1625 671 Deo
1641 644 1792 672 ratiocina-

1005 694 1050 717 tus
1075 690 1236 723 dissereret,
1251 690 1398 719 audientes
1422 690 1463 717 illi
1484 694 1597 725 stupore
1613 698 1663 718 seu
1681 691 1793 718 vesania

1003 735 1111 763 detenti
1130 736 1327 772 longanimiter
1352 735 1404 763 visi
1418 739 1486 762 sunt
1510 735 1594 768 ferre,
1609 743 1643 763 ex
1659 735 1794 770 languore

1004 781 1079 809 hunc
1089 785 1189 817 praeter
1200 788 1311 809 sensum
1327 788 1389 809 esse
1409 784 1547 816 putantes.
1564 781 1633 809 Cum
1650 786 1742 810 autem
1759 790 1795 811 ex

1004 826 1165 855 inﬁrmitate
1190 827 1387 859 convaluisset,
1412 827 1509 863 maiori
1530 828 1614 863 erepit
1641 835 1710 856 voce
1736 829 1793 856 cla«

1004 879 1100 899 mare:
1119 871 1270 910 Attat/temo
1283 871 1409 899 Μαντικά
1428 875 1453 898 et
1477 872 1596 907 fabuloso
1613 874 1710 908 scripto
1725 874 1795 908 ejus,

1004 923 1029 946 et
1045 919 1147 946 cunctis
1162 919 1207 953 qui
1222 919 1332 946 credunt
1347 919 1382 946 ei.
1411 918 1490 946 Tunc
1511 927 1560 954 per
1588 919 1710 954 gladium
1734 921 1796 947 ani-

1004 964 1224 992 madversionem
1237 972 1384 999 perpessus
1399 969 1503 999 martyr
1513 970 1641 992 ostensus
1651 971 1702 992 est.
1716 966 1796 993 llunc

1005 1011 1251 1038 declamationibus
1266 1018 1426 1049 sermonum
1449 1011 1597 1038 honoravit
1610 1016 1723 1039 sanctus
1744 1012 1798 1039 l'a-

1007 1062 1049 1084 ter
1072 1062 1167 1085 noster
1192 1056 1330 1089 Joannes.
1355 1055 1404 1091 qui
1429 1055 1499 1084 bene
1526 1056 1737 1091 cognominatus
1754 1060 1799 1084 est

1005 1101 1328 1137 Cbrysorroas'propter
1348 1108 1459 1128 auream
1478 1105 1515 1128 et
1541 1100 1672 1135 fulgidam
1708 1101 1796 1128 sancti

1007 1147 1127 1182 Spiritus
1138 1147 1266 1182 gratiam,
1283 1154 1345 1182 qua
1365 1147 1393 1174 in
1410 1146 1471 1181 ipso
1493 1150 1549 1173 tam
1564 1147 1594 1173 in
1608 1146 1695 1174 verbo
1713 1154 1798 1181 quam

1007 1192 1035 1220 in
1046 1193 1108 1220 vitae
1122 1197 1184 1219 actu
1198 1192 1329 1219 etIloruit.
1346 1192 1432 1224 Quem
1457 1191 1586 1219 videlicet
1600 1191 1800 1221 Constantinus

1008 1238 1109 1272 impius
1128 1239 1279 1272 imperator
1301 1245 1394 1264 annuo
1415 1242 1530 1271 propter
1552 1236 1722 1265 eminentem
1750 1245 1799 1264 or-

1008 1283 1168 1312 thodoxiam
1190 1284 1251 1318 eius
1276 1284 1444 1310 anathemati
1471 1283 1664 1315 submittebat,
1687 1288 1715 1310 ct
1745 1291 1797 1317 pro

1008 1332 1130 1366 Mansur,
1144 1333 1216 1366 quod
1233 1336 1275 1359 est
1290 1332 1393 1359 avitum
1417 1340 1515 1359 nomen
1530 1333 1590 1367 eius
1608 1333 1737 1367 quodque
1755 1340 1800 1359 re-

1007 1377 1136 1412 demptus
1146 1378 1346 1413 interpretatur
1354 1385 1437 1405 sensu
1451 1379 1577 1409 Judaico,
1592 1385 1693 1404 novum
1703 1377 1800 1404 Eccle-

1008 1424 1055 1451 sim
1070 1424 1229 1459 magistrum
1240 1424 1386 1452 Manzeron
1398 1430 1503 1452 mutato
1522 1426 1634 1452 nomine
1648 1425 1796 1453 vocitabat.

1043 1469 1145 1496 Eodem
1161 1477 1271 1504 quoque
1302 1477 1374 1497 anno
1390 1470 1487 1497 Vhalid
1503 1469 1618 1504 Cyprios
1638 1471 1665 1497 in
1691 1470 1797 1505 Syriam

1009 1515 1159 1546 transtulit,
1175 1514 1366 1543 Artahuasdus
1379 1520 1470 1543 autem
1489 1516 1614 1543 Nicelam
1638 1516 1723 1543 filium
1736 1524 1794 1543 mo—

164 1561 261 1589 dream
276 1562 460 1597 spatharium.
473 1562 664 1591 Artahuasdus
687 1567 780 1607 θυμω
794 1562 957 1598 Gregorium
971 1570 991 1597 ς
1009 1565 1196 1596 nostrategum
1213 1558 1368 1595 promotu'm
1378 1562 1411 1588 ad
1425 1562 1516 1589 thema
1533 1562 1634 1590 direxit
1646 1563 1795 1591 Armenia-

165 1608 336 1644 logothetam
370 1609 584 1637 transmiserunt
600 1628 608 1642 ,
635 1609 771 1636 auxilium
803 1613 959 1644 quaerentes

167 1653 290 1688 utrique.
306 1653 392 1680 Porro
405 1653 505 1688 pluviae
518 1652 644 1680 defectus
658 1657 687 1680 et
703 1657 784 1680 terra:
801 1657 893 1680 motus
909 1660 959 1687 per

166 1699 228 1727 loca
243 1698 306 1726 facti
323 1703 399 1731 sunt,
413 1699 452 1725 ita
465 1702 496 1725 ut
508 1701 616 1725 montes
629 1697 775 1724 unirentur
790 1697 825 1724 ad
838 1697 958 1725 invicem

166 1753 219 1780 per
236 1752 361 1773 eremum
375 1744 475 1772 Sabba:
494 1748 524 1772 et
538 1743 650 1772 castella
663 1742 714 1771 sub
732 1746 833 1770 terram
846 1742 958 1770 immer-

167 1794 301 1825 gerentur
322 1789 462 1824 absorpta.

202 1835 308 1863 Eodem
320 1843 387 1863 vero
401 1842 475 1863 anno
487 1834 601 1862 Cosmus
614 1833 787 1862 Alexandriae
801 1833 957 1868 patriarcha

168 1890 224 1909 una
238 1889 301 1909 cum
319 1886 375 1909 tota
392 1881 503 1909 civitate
517 1888 532 1909 a
548 1880 794 1908 monothelitarum
809 1879 957 1907 cacodoxia

168 1928 253 1956 rediit
266 1928 301 1955 ad
315 1928 519 1960 orthodoxiam,
532 1934 596 1955 cum
608 1926 744 1955 tenuisset
766 1933 783 1953 a
808 1925 891 1961 Cyro,
908 1925 958 1960 qui

168 1974 222 2002 sub
249 1974 376 2002 Heraclio
403 1973 576 2001 Alexandriae
600 1972 757 2008 patriarcha
779 1971 842 1999 fuit.
870 1971 957 1999 Porro

167 2021 321 2049 exercitum
340 2019 426 2047 movit
444 2019 543 2047 Camer
557 2026 621 2046 cum
643 2018 765 2046 Arabum
779 2017 957 2045 multitudine

168 2071 266 2094 contra
283 2065 456 2097 Romaniam,
471 2069 500 2092 et
519 2065 613 2092 multis
626 2065 655 2092 in
666 2064 854 2099 captivitatem
867 2062 956 2093 abdu-

168 2113 223 2139 ctis
241 2118 371 2139 reversus
396 2114 450 2143 est,
465 2115 493 2138 et
509 2109 638 2145 apparuit
652 2110 762 2145 signum
788 2110 816 2137 in
830 2109 902 2137 ccelo
921 2108 957 2136 ad

167 2157 326 2192 aquilonem
351 2164 447 2184 mense
477 2156 570 2184 Iunio.
600 2155 698 2183 Vhalid
725 2160 818 2183 autem
844 2155 956 2183 Petrum

166 2203 374 2232 sanctissimum
400 2202 604 2238 metropolitam
621 2201 746 2229 Damasci
760 2201 854 2237 lingua
872 2201 956 2229 muti-

165 2250 229 2278 lari-
241 2249 371 2285 praecepit
387 2253 517 2284 tanquam
534 2252 696 2284 arguentem
719 2248 809 2283 palam
833 2247 956 2275 Arabum

165 2300 195 2324 et
216 2295 428 2323 Manichaeorum
451 2294 655 2330 cognationem,
672 2298 700 2322 et
722 2294 846 2322 exsulem
871 2301 956 2329 penes

166 2341 276 2369 felicem
293 2341 422 2368 Arabiam
439 2340 515 2373 fecit,
536 2340 583 2368 ubi
604 2345 633 2368 et
651 2340 769 2368 moritur
784 2346 833 2375 pro
842 2339 956 2367 Christo

166 2386 298 2422 martyrio
314 2391 456 2421 percepto,
471 2393 534 2413 cum
546 2386 704 2420 expressius
725 2385 835 2413 divinas
857 2385 956 2413 missas

166 2432 383 2469 pronuntiasset,
407 2431 479 2459 sicut
504 2432 588 2467 huius
619 2431 659 2458 rei
680 2436 837 2459 narratores
864 2431 955 2464 aiunt,

165 2479 214 2514 qui
229 2486 259 2506 se
271 2478 391 2514 propriis
406 2477 549 2505 auditibus
564 2484 649 2512 super
664 2477 717 2504 hoc
728 2476 957 2505 satisfactosesw

164 2526 297 2554 fatentur.
328 2524 415 2560 Huius
448 2524 591 2552 aemulator
612 2527 642 2551 et
666 2523 826 2559 aaquivocus
854 2523 954 2551 Petrus

165 2571 237 2607 apud
264 2571 409 2606 Maiumam
433 2570 538 2597 eisdem
566 2570 737 2605 temporibus
760 2574 889 2598 ostensus
909 2573 952 2597 est

164 2626 216 2654 pro
237 2618 347 2646 Christo
373 2621 476 2653 martyr
490 2618 645 2649 ultroneus,
662 2617 795 2653 languore
812 2617 951 2652 siquidem

164 2664 293 2691 detentus
305 2663 441 2698 primores
452 2662 575 2690 Arabum
586 2663 741 2696 advocavit,
752 2667 848 2698 utpote
859 2670 954 2690 assue-

164 2709 251 2738 factos
277 2710 331 2738 sibi
355 2717 417 2737 cum
436 2709 623 2738 chartularius
641 2714 716 2737 esset
731 2713 760 2737 et
781 2709 891 2744 publica
905 2709 955 2737 tri-

164 2756 230 2784 buta
244 2756 315 2784 facta
328 2756 434 2784 ratione
449 2755 597 2789 conferret,
609 2760 638 2784 et
649 2756 688 2783 ait
700 2756 734 2783 ad
751 2756 813 2783 illos
826 2765 834 2783 :
852 2755 954 2783 Merce-

165 2803 222 2831 dem
233 2803 337 2839 quidem
350 2811 398 2839 pro
410 2803 460 2830 mei
474 2803 625 2830 cititatione
636 2811 653 2830 α
666 2802 720 2830 Deo
734 2803 877 2838 recipiatis,
893 2803 952 2830 licet

1009 1614 1115 1640 corum,
1132 1616 1215 1642 porro
1227 1607 1414 1642 Nicephorum
1430 1616 1507 1642 aeque
1524 1608 1608 1635 lilium
1626 1617 1705 1635 suum
1719 1617 1793 1636 coro.

1009 1654 1085 1679 navit
1107 1660 1161 1690 per
1185 1653 1361 1680 Anastasium
1389 1654 1585 1687 patriarcham.
1614 1654 1707 1682 Mense
1734 1663 1800 1682 vero

1008 1698 1078 1725 Maio
1094 1705 1157 1724 cum
1177 1698 1368 1725 Artahuasdus
1382 1698 1415 1724 ad
1440 1704 1534 1732 partes
1553 1699 1655 1726 Obsicii
1670 1708 1799 1734 egressus

1008 1743 1106 1770 fuisset
1123 1748 1151 1771 et
1167 1744 1270 1771 milites
1285 1744 1423 1779 elegisset.
1438 1748 1523 1771 totam
1537 1745 1628 1772 Asiam
1651 1745 1735 1779 cepit,
1751 1745 1797 1772 de-

1008 1790 1143 1824 populans
1161 1797 1232 1816 eam.
1247 1790 1307 1823 Quo
1322 1790 1520 1817 Constantinus
1543 1795 1686 1825 comperto
1707 1794 1800 1818 motus

1008 1839 1050 1862 est
1066 1839 1161 1862 contra
1190 1835 1289 1870 ipsum.
1321 1835 1389 1863 Cum
1414 1843 1482 1863 vero
1507 1836 1541 1863 ad
1572 1844 1636 1863 eum
1660 1837 1688 1864 in
1706 1841 1800 1871 partes

1009 1880 1176 1909 Sardeornm
1192 1890 1206 1908 a
1220 1882 1351 1909 Celbiano
1367 1882 1530 1910 redeuntem
1548 1883 1670 1910 venisset
1690 1888 1718 1911 et
1735 1891 1798 1910 cutn

1008 1927 1056 1954 illo
1079 1927 1182 1954 bellant
1212 1928 1331 1960 iniisset,
1363 1928 1448 1954 vertit
1479 1936 1542 1955 eum
1577 1936 1610 1956 ac
1644 1929 1799 1963 insequitur

1007 1972 1148 2008 Cyzicum.
1164 1973 1198 1999 At
1211 1973 1256 2000 ille
1271 1981 1334 2000 cum
1349 1974 1479 2008 Cyzicum
1495 1974 1675 2008 pervenisset,
1692 1974 1799 2002 dromo-

1008 2026 1070 2045 nem
1083 2019 1223 2053 ingressus
1237 2019 1265 2046 in
1280 2019 1391 2047 civitate
1405 2020 1539 2047 salvetur.
1552 2020 1688 2047 Prmterca
1703 2028 1799 2048 mense

1007 2066 1130 2101 Augusto
1159 2067 1283 2101 ejusdem
1316 2067 1474 2094 undecima:
1502 2067 1662 2094 indictionis
1688 2068 1799 2095 Nicctas

1008 2116 1230 2146 monostrategus
1257 2112 1329 2139 filius
1352 2112 1539 2144 Artahuasdi,
1570 2120 1632 2138 Clllll
1660 2112 1800 2140 intulisset

1008 2157 1190 2184 Constantino
1218 2158 1290 2192 apud
1317 2158 1470 2185 Modrinem
1495 2162 1523 2185 et
1541 2158 1666 2185 Cisscum
1682 2158 1798 2189 bellum,

1010 2207 1084 2238 terga
1102 2208 1214 2231 vertens
1237 2204 1353 2239 aufugit.
1379 2204 1413 2231 Et
1428 2204 1540 2238 quidem
1557 2204 1702 2239 patricium
1717 2204 1797 2230 Teri-

971 2242 992 2268 Ῐ)
1007 2249 1099 2276 datcm
1119 2250 1294 2283 Armenium,
1310 2250 1425 2277 militem
1452 2250 1633 2277 fortissimum
1649 2254 1677 2276 et
1696 2257 1799 2277 conso-

1007 2295 1118 2322 brinum
1135 2296 1313 2327 Arlahuasdi,
1333 2304 1395 2323 cum
1417 2297 1479 2322 aliis
1496 2296 1590 2323 multis
1607 2296 1702 2322 electis
1718 2296 1794 2330 prin-

1006 2341 1114 2375 cipibus
1140 2341 1277 2367 interfecit
1300 2349 1306 2366 :
1332 2340 1476 2375 utriusque
1508 2348 1575 2367 vero
1602 2341 1688 2374 partis
1715 2349 1798 2370 casus

1006 2386 1080 2413 haud
1110 2386 1235 2412 modicus
1258 2386 1347 2413 factus
1370 2391 1424 2418 est,
1444 2387 1637 2413 Armeniorum
1650 2387 1753 2414 scilicet
1770 2392 1797 2414 ct

1006 2431 1232 2458 Armeniacorum
1257 2431 1479 2466 impugnantium
1496 2432 1628 2459 adversus
1641 2433 1797 2461 Orientales

1008 2482 1091 2513 atque
1106 2478 1281 2511 Thraccsios,
1295 2479 1470 2506 Constantini
1497 2484 1725 2514 propugnatores.
1738 2480 1797 2507 Ca:-

1007 2529 1098 2552 terum
1114 2525 1246 2559 antiquus
1263 2526 1351 2553 hostis
1368 2525 1495 2553 diabolus
1510 2532 1605 2554 contra
1621 2526 1796 2554 Christianos

1008 2573 1180 2607 temporibus
1208 2572 1269 2600 istis
1306 2573 1386 2600 talem
1420 2573 1550 2600 excitavit
1585 2574 1736 2601 suavitatem
1769 2579 1798 2601 et

1005 2619 1198 2646 mactationem
1212 2620 1357 2652 alternam,
1371 2623 1403 2646 ut
1421 2620 1470 2647 ﬁlii
1486 2621 1568 2647 etiam
1588 2623 1684 2647 contra
1697 2627 1796 2654 paren-

1006 2670 1047 2693 tes
1058 2670 1088 2693 et
1104 2665 1205 2692 fratres
1229 2670 1324 2692 contra
1350 2666 1449 2693 fratres
1469 2671 1720 2698 commoverentur,
1740 2674 1796 2693 non

1006 2717 1152 2747 parcentes
1165 2713 1198 2739 ad
1228 2713 1341 2745 credam,
1358 2717 1385 2739 et
1406 2713 1662 2740 immisericorditcr
1685 2713 1798 2740 alterum

1007 2759 1140 2786 stationes
1157 2766 1189 2785 ac
1204 2758 1303 2786 domus
1319 2759 1542 2786 incenderentur.

1042 2804 1117 2832 inter
1137 2804 1194 2839 (79)
1214 2804 1273 2832 haec
1287 2809 1379 2832 autem
1400 2810 1430 2833 et
1461 2805 1618 2841 huiusmodi
1637 2804 1798 2840 Stephanus

937 2870 1054 2899 ΝΟΤιΕ.

202 2943 258 2981 (79)
270 2943 333 2978 Qum
345 2942 378 2972 de
393 2942 490 2979 l’ipino
502 2943 546 2971 hic
561 2915 720 2976 narrantur,
736 2949 791 2971 non
804 2945 910 2971 exstant
923 2941 995 2979 apud
1008 2940 1217 2977 Theophanem,
1235 2940 1283 2969 sed
1296 2941 1371 2976 apud
1383 2940 1538 2970 Cedrenum
1555 2949 1580 2974 ι).
1601 2942 1661 2970 liii).
1680 2941 1762 2970 an.
