2052 3153
238 168 302 202 1371

813 172 1013 203 ANASTASII
1030 173 1347 206 BIBLIOTHECARII

1798 178 1868 210 1372

237 232 306 261 papa
335 225 477 252 Romanus
507 225 595 252 multa
624 226 696 253 mala
728 227 764 254 ab
790 227 928 264 Astulpho
965 237 1029 265 rege
1044 233 1065 261 Α
1080 231 1199 258 tensium
1224 235 1251 259 et
1266 231 1361 260 classis
1374 231 1473 268 Abydi.
1491 233 1585 261 ethos
1605 233 1820 268 comprehensos
1832 235 1867 262 ad

237 272 484 307 Langobardorum
514 280 663 307 perpessus
688 273 722 300 ad
752 273 874 302 Francos
901 275 1026 311 confugit

237 317 290 345 sub
303 317 412 352 Pipibo,
439 318 486 352 qui
514 318 602 352 major
627 318 726 346 domus
754 323 814 346 erat
835 324 863 346 et
879 320 983 354 primas
996 320 1026 348 in

238 363 364 390 omnium
391 362 573 398 dispositione
601 371 695 391 rerum
723 364 893 392 Francorum
919 366 1024 401 gentis,

238 408 342 443 quibus
358 408 488 435 videlicet
502 408 568 435 olim
583 409 669 436 moris
693 414 754 437 eral.
769 409 923 443 dominum,
938 411 967 438 id
984 415 1027 439 est

238 461 332 490 regem
345 452 438 485 suuni,
465 454 617 482 secundum
642 462 729 489 genus
753 456 916 491 principari,
938 462 967 484 et
987 457 1027 485 nil

237 508 319 535 agere
334 501 376 528 vel
394 501 542 535 disponere
558 508 641 535 quam
659 501 885 530 irrationabiliter
903 503 985 531 edere
998 508 1028 532 et

237 545 346 579 bibere,
359 545 489 581 domique
503 546 616 578 morari,
628 550 656 573 et
667 545 792 574 kalendis
803 547 866 575 Maii
878 548 1026 583 pmiders

238 599 331 620 coram
343 597 399 619 tota
407 596 499 628 gente,
506 596 535 620 et
543 592 662 620 salutare
675 592 748 626 illos,
757 594 904 621 etsalutari
913 594 947 622 ab
956 594 1021 628 illis,

236 642 265 665 et
279 638 410 673 obsequia
425 638 506 665 solita
529 638 652 673 impensa
663 639 816 674 percipere,
835 644 863 667 et
877 640 932 668 illis
952 640 1026 668 dona

237 684 399 719 rependere,
411 688 439 711 et
452 684 494 712 sic
507 691 601 712 secum
614 685 739 719 uSquead
745 685 829 712 alium
839 686 939 713 Maium
946 685 1027 714 habi-

237 721 306 762 tare,
320 730 423 758 habere
436 734 528 758 alitem
542 731 672 766 majorem
694 731 793 759 domus
807 732 924 759 consilio
935 739 986 760 suo
998 736 1028 760 et

235 776 326 811 gentis
332 776 424 804 omnia
431 776 480 803 ord
484 777 604 804 inantem
614 777 722 812 negotia
729 786 736 804 :
742 778 838 806 diceba
842 779 986 812 ntuﬁenim
992 786 1027 807 ex

235 829 337 856 genere
361 822 409 850 illo
427 822 628 851 descendentes
642 823 774 857 cristatis,
790 825 864 860 quod
886 825 1027 861 interpre—

235 872 311 895 tatur
326 868 523 896 trichorachati
539 879 546 896 :
566 869 637 903 pilos
660 869 734 896 enim
750 869 890 897 habebant
903 876 983 898 natos
998 870 1026 898 in

236 914 314 949 spina
328 915 412 942 veluti
430 915 518 949 porci.
535 915 689 943 Prsedictus
718 916 811 951 itaque
825 924 895 952 papa
909 917 1026 952 Stepha-

235 969 290 989 nus
316 961 354 988 vi.
367 969 480 997 pressus
501 967 530 990 et
558 962 723 991 crudelitate
751 964 879 1000 Astulphi
901 969 1025 1000 coactus,

235 1007 319 1034 simul
336 1007 420 1034 etiam
433 1007 468 1034 ab
482 1007 542 1043 ipso
559 1008 723 1036 adhortatus
735 1009 776 1038 ire
789 1010 818 1037 in
833 1010 976 1038 Franciam
996 1016 1026 1039 et

235 1053 327 1081 facere
341 1052 526 1088 quodcunque
537 1057 642 1088 posset,
656 1055 772 1082 veniens
786 1055 913 1091 Pipinum
926 1064 1026 1092 prove-

234 1098 286 1131 hit,
305 1098 395 1126 virum
410 1098 439 1126 in
451 1099 581 1127 omnibus
596 1099 834 1135 probatissimum,
846 1102 894 1137 qui
907 1107 1025 1137 praeerat

236 1148 303 1172 tunc
321 1151 434 1180 quoque
446 1145 531 1173 rebus
545 1150 610 1181 post
619 1153 712 1182 regem
722 1150 751 1175 et
761 1147 948 1177 debellaverat
956 1148 1026 1177 Ara-

235 1191 296 1224 bes,
310 1191 412 1226 qui-ab
431 1191 523 1220 Africa
546 1192 575 1219 in
590 1192 750 1228 Hispaniam
773 1197 1023 1230 transmeaverant,

234 1238 338 1273 quique
350 1242 499 1266 tenuerunt
509 1246 597 1274 usque
609 1246 685 1267 nunc
706 1240 833 1269 eamdem
851 1240 1023 1276 Hispaniam,

234 1289 263 1311 et
276 1284 460 1319 probaverant
478 1285 596 1321 pmiiari
615 1285 797 1315 nihilominus
825 1291 921 1316 contra
937 1287 1024 1316 Fran-

235 1337 293 1359 cos.
306 1330 413 1364 Quibus
424 1339 439 1359 e
449 1337 546 1360 contra
561 1332 634 1360 idem
644 1333 760 1369 Pipinus
766 1341 830 1361 cum
844 1335 1024 1363 multitudine

234 1377 377 1410 resistens,
403 1378 506 1406 occidit
532 1379 679 1414 quemdam
707 1380 790 1408 etiam
807 1381 960 1416 principem
974 1388 1024 1409 eo-

234 1431 297 1451 rum
313 1432 320 1451 :
336 1424 546 1453 Abderachman
562 1426 636 1454 enim
663 1426 738 1454 ﬁlius
763 1426 873 1455 liahuhi
886 1427 1025 1463 principa-

234 1474 293 1497 tum
305 1470 388 1506 hujus
405 1471 513 1499 tencbat
522 1472 621 1507 gentis.
635 1471 777 1501 interiecit
788 1477 881 1501 autem
897 1474 980 1501 simul
995 1478 1024 1502 et

234 1517 441 1544 multitudinem
456 1518 530 1545 haud
548 1519 627 1546 facile
642 1519 841 1547 numerabilem
853 1519 929 1555 juxta
945 1520 1023 1548 Rbo-

233 1562 336 1589 danum
355 1562 480 1595 ﬂuvium,
493 1567 521 1591 et
535 1563 710 1591 admirationi
724 1564 852 1596 habetur,
874 1569 903 1592 et
915 1570 1023 1592 amatur

233 1615 250 1634 a
261 1612 352 1642 gente,
362 1615 419 1635 non
428 1608 518 1635 solum
533 1613 648 1643 propter
660 1608 723 1642 hoc,
739 1609 787 1636 sed
802 1614 831 1636 et
846 1613 960 1644 propter
969 1609 1023 1638 alia

233 1652 374 1688 praecipua
388 1657 475 1688 gesta,
490 1658 519 1681 et
540 1653 690 1689 praeﬁcitur
704 1654 778 1690 genti
795 1662 850 1682 non
865 1654 1024 1690 ignobiliter

233 1698 350 1734 primus,
365 1699 489 1727 solvente
505 1699 611 1727 scilicet
639 1707 703 1728 eum
717 1707 732 1727 a
748 1700 870 1737 periurio
885 1702 913 1728 in
930 1709 1023 1737 regem

233 1744 381 1772 commisso
397 1745 494 1772 eodem
508 1745 666 1780 Stephano;
680 1746 728 1781 qui
743 1751 772 1774 et
790 1747 911 1775 attendit
925 1747 1024 1776 deces-

232 1797 324 1818 sorem
336 1791 396 1827 ejus
409 1798 512 1827 regem,
527 1797 556 1820 et
571 1791 599 1820 in
615 1793 785 1822 monasterio
798 1800 861 1822 cum
874 1794 979 1822 honore
994 1797 1024 1822 et

232 1836 329 1871 requie
345 1836 573 1873 circumscripsit.
600 1838 650 1866 Hic
675 1840 791 1875 Pipinus
803 1840 875 1869 duos
887 1840 960 1869 ﬁlios
971 1841 1022 1869 ha-

233 1881 305 1915 buit,
321 1882 451 1910 Carolum
476 1883 583 1911 scilicet
597 1888 626 1912 et
651 1884 885 1914 Carolomannum
909 1886 1023 1914 fratrem

231 1927 301 1963 ejus.

267 1973 362 2002 Mundi
375 1982 449 2004 anno
459 1976 539 2009 6235,
550 1976 651 2005 divina:
664 1976 863 2007 iucamationis
870 1986 944 2006 anno
957 1978 1020 2013 7'55,

231 2027 305 2048 anno
320 2027 388 2048 vero
413 2021 522 2057 imperii
550 2021 725 2050 Constantini
754 2023 839 2051 tertio
866 2023 1022 2059 Stephanus

230 2067 420 2095 Antiochenus
440 2067 559 2095 habetur
580 2069 705 2096 antistes.
723 2067 859 2104 A'pparuit
879 2075 971 2098 autem
985 2070 1023 2098 si-

231 2119 314 2146 gnum
328 2111 362 2139 ad
377 2112 546 2146 aquilonem,
561 2117 590 2140 et
611 2113 683 2141 cinis
709 2114 855 2142 descendit
875 2121 926 2149 per
949 2115 1019 2149 loca,

232 2157 376 2192 [aeuisque
393 2162 436 2185 est
463 2162 542 2185 terrae
554 2163 648 2186 motus
662 2159 690 2185 in
707 2158 814 2193 Caspiis
825 2160 924 2194 portis.
940 2160 1021 2188 Occi-

232 2209 279 2229 sus
290 2201 374 2229 etiam
386 2206 430 2230 est
440 2202 537 2230 Vhalid
551 2203 586 2230 ab
595 2203 745 2236 Arabibus,
758 2204 807 2238 qui
823 2204 934 2239 praefuit
947 2213 1021 2233 anno

1077 277 1273 312 imperatorem
1286 278 1376 310 duxit,
1392 277 1441 313 qui
1462 277 1631 306 frumentum
1646 278 1760 313 quidem
1780 287 1869 314 popu-

1076 322 1111 350 lis
1126 323 1185 351 suis
1194 323 1317 358 donavit,
1329 324 1511 352 Athanasium
1519 328 1612 352 autem
1621 328 1650 352 et
1659 325 1867 353 Artabuasdum

1076 370 1165 399 oculis
1181 370 1326 398 confestim
1348 370 1477 406 privavit.
1496 370 1561 398 Post
1587 370 1646 398 haec
1658 378 1726 398 vero
1739 371 1870 405 probavit

1078 415 1270 443 Artabuasdus
1292 423 1308 444 a
1331 420 1406 444 terra
1428 420 1523 451 portas
1552 416 1663 451 aperire
1686 420 1717 444 et
1740 418 1868 452 praelium

1077 468 1140 489 eum
1150 461 1332 490 Constantino
1349 462 1430 490 inire.
1454 463 1556 490 Verum
1574 462 1647 489 facta
1669 463 1867 498 congressione

1076 507 1162 543 fugati
1179 511 1244 536 sunt
1268 508 1371 536 milites
1399 508 1577 542 Artabuasdi,
1605 513 1634 537 et
1659 509 1738 536 multi
1762 510 1866 537 mortui

1076 558 1152 586 sunt,
1177 554 1252 581 inter
1276 561 1345 589 quos
1367 559 1395 582 et
1420 554 1556 582 Mouutes.
1584 553 1758 583 Constructis
1772 561 1865 583 autem

1076 599 1266 627 Artabuasdus
1281 599 1405 628 dieribus
1415 600 1517 628 cacabo
1530 600 1683 628 ferentibus
1697 601 1797 636 ignem.
1813 602 1867 629 mi-

1077 644 1113 671 sit
1123 643 1158 671 ad
1175 643 1204 671 S.
1220 644 1337 672 Mamam
1363 645 1513 672 nonnullos
1528 650 1625 672 contra
1640 640 1756 673 classem
1781 646 1866 682 Ciby-

1078 691 1352 719 rzeotensium.Cum
1375 695 1466 719 autem
1486 691 1608 719 venisset
1633 691 1668 719 ad
1681 691 1710 720 S.
1738 692 1864 725 Mamam,

1076 742 1210 764 exeuntes
1224 737 1443 773 Cibyrseotenses
1454 738 1623 773 pepulerunt
1638 737 1709 766 illos.
1726 738 1808 766 Facta
1822 742 1868 766 est

1077 787 1170 810 autem
1185 783 1213 810 in
1227 783 1295 811 urbe
1312 784 1403 811 valida
1429 784 1526 817 fames,
1545 783 1583 811 ita
1600 788 1631 811 ut
1657 785 1868 812 venundaretur

1077 829 1188 857 modius
1201 825 1298 857 hordei
1315 829 1462 858 duodecim
1477 829 1702 863 numismatibus,
1719 830 1869 866 leguminis

1078 883 1145 903 vero
1157 875 1329 910 quindecim,
1341 875 1410 902 milii
1421 882 1454 902 ac
1468 875 1558 910 lupini
1567 875 1780 903 numismatibus
1791 878 1866 907 octo,

1076 920 1130 949 olei
1147 925 1239 948 autem
1255 921 1332 948 librae
1343 921 1468 956 quinque
1496 921 1664 949 numismate
1684 928 1751 954 uno,
1776 925 1868 949 sexta-

1076 967 1135 995 rius
1148 967 1208 995 vini
1218 967 1344 995 dimidio.
1360 966 1485 1002 Cumque
1499 969 1619 1003 populus
1630 973 1788 1000 necaretur,
1804 974 1870 995 coa-

1075 1019 1137 1041 ctus
1151 1017 1194 1041 est
1206 1013 1396 1041 Artabuasdus
1411 1013 1554 1041 dimittere
1566 1013 1630 1040 illos
1640 1020 1656 1040 e
1670 1013 1784 1041 civitate
1793 1012 1868 1041 foras

1074 1059 1206 1087 exeundi.
1215 1059 1316 1090 Verum
1324 1059 1480 1088 observatis
1487 1059 1612 1087 faciebas
1621 1059 1757 1095 quosdam
1768 1067 1868 1087 eorum

1075 1104 1251 1140 prohibebat.
1269 1105 1348 1133 Unde
1372 1105 1488 1140 quidam
1520 1112 1618 1133 eorum
1646 1105 1869 1133 emundaveruut

1074 1149 1169 1177 vultus
1178 1157 1255 1182 suos,
1270 1154 1299 1177 et
1321 1149 1450 1178 muliebri
1465 1150 1666 1178 circumamicti
1681 1155 1749 1178 sunt
1764 1155 1841 1179 veste
1856 1171 1865 1178 .

1075 1198 1118 1222 ast
1132 1194 1178 1222 alii
1195 1194 1359 1223 onachico
1376 1195 1523 1227 schemate
1538 1199 1622 1230 atque
1644 1195 1757 1223 cilicino
1779 1195 1864 1223 vesti-

1075 1244 1170 1267 mento
1193 1240 1421 1275 contegebantur,
1448 1243 1477 1267 et
1502 1240 1540 1268 ita
1568 1240 1655 1268 latere
1682 1245 1812 1275 poterant
1836 1245 1866 1268 et

1074 1286 1161 1313 exire.
1176 1285 1286 1314 Nicetes
1296 1291 1388 1313 autem
1401 1290 1625 1322 monostrategus
1635 1291 1798 1314 coacervata
1811 1294 1864 1322 po-

1074 1332 1141 1367 pulo
1159 1339 1211 1360 suo
1224 1339 1239 1359 a
1253 1332 1377 1360 Modriua
1397 1332 1527 1368 disperso
1539 1333 1617 1361 venit
1634 1340 1722 1368 usque
1745 1332 1866 1368 Chryso-

1074 1378 1175 1413 polim;
1191 1381 1219 1406 et
1231 1385 1295 1406 cum
1317 1379 1514 1412 reverteretur,
1529 1385 1702 1408 transmeaus
1715 1379 1866 1414 imperator

1074 1428 1237 1460 persecutus
1245 1430 1290 1452 est
1303 1429 1366 1460 post
1383 1429 1459 1460 terga
1472 1425 1607 1460 ipsorum.
1621 1425 1656 1452 Et
1665 1432 1729 1452 cum
1743 1425 1867 1453 venisset

1073 1470 1107 1497 ad
1125 1477 1189 1498 eum
1202 1469 1276 1506 apud
1304 1470 1506 1504 Nicomediam,
1530 1478 1615 1499 manu
1628 1471 1704 1506 cepit
1717 1478 1782 1499 eum
1797 1478 1862 1498 cum

1073 1520 1215 1550 curatore,
1230 1516 1277 1552 qui
1294 1516 1384 1544 fuerat
1403 1517 1508 1544 dudum
1526 1517 1730 1545 Marcelliorum
1757 1517 1866 1552 episeo-

1074 1569 1144 1597 pus;
1173 1570 1256 1597 quem
1280 1567 1309 1592 et
1331 1562 1463 1590 decollari
1489 1563 1625 1591 continuo
1649 1563 1866 1599 jussit:mono-

1075 1611 1225 1642 strategum
1241 1614 1308 1635 vero
1322 1607 1446 1636 vinctum
1463 1608 1534 1643 patri
1546 1615 1597 1642 per
1606 1616 1717 1635 murum
1733 1612 1867 1636 monstra-

1074 1652 1133 1681 bat.
1172 1653 1258 1682 Porro
1284 1659 1384 1688 quarto
1414 1661 1502 1682 nonas
1531 1653 1713 1682 Novembrias
1749 1659 1867 1690 repente

1073 1699 1215 1735 proeliatus
1228 1704 1292 1735 post
1301 1700 1444 1728 meridiem
1458 1707 1507 1735 per
1520 1704 1664 1728 terrenum
1679 1707 1790 1727 murum
1815 1708 1863 1727 ur-

1073 1745 1137 1773 bem
1148 1745 1278 1780 captavit.
1295 1745 1332 1773 At
1353 1753 1420 1773 vero
1438 1745 1631 1774 Artahuasdus
1644 1753 1699 1774 una
1723 1753 1788 1773 cum
1813 1745 1866 1773 Ba-

1073 1791 1203 1827 gatangio
1215 1791 1333 1827 patricio
1362 1791 1502 1827 ingressus
1520 1791 1611 1819 navim
1622 1791 1657 1819 ad
1669 1799 1793 1827 prresens
1805 1792 1866 1820 exi-

1074 1836 1129 1865 lsse
1142 1837 1219 1865 visus
1234 1841 1277 1865 est
1296 1837 1325 1864 in
1341 1837 1471 1871 Obsiciis,
1502 1842 1532 1865 et
1556 1837 1655 1865 abiens
1681 1836 1717 1864 ad
1740 1841 1864 1865 castrum

1072 1884 1192 1912 Puzame
1217 1888 1305 1912 semet
1321 1883 1444 1911 inclusit.
1472 1883 1579 1918 Quibus
1604 1884 1756 1918 imperator
1779 1891 1864 1911 manu

1072 1930 1163 1965 captis
1178 1929 1384 1958 Artabuasdum
1398 1937 1460 1957 cum
1472 1930 1584 1958 duobus
1597 1929 1662 1957 ﬁliis
1672 1930 1731 1958 suis
1745 1929 1864 1965 privavit

1073 1975 1171 2009 oculis,
1188 1975 1364 2011 Bagatangim
1381 1980 1475 2003 autem
1483 1975 1519 2003 'in
1533 1975 1640 2003 vivario
1657 1975 1816 2008 deoollavit,
1833 1979 1866 2003 et

1071 2022 1156 2058 hujus
1165 2027 1249 2058 caput
1265 2021 1294 2049 in
1314 2021 1388 2049 Milio
1402 2021 1547 2057 suspendit
1563 2021 1664 2049 diebus
1680 2021 1780 2049 tribus.
1797 2021 1865 2048 Post

1071 2067 1183 2103 triginta
1201 2075 1268 2095 vero
1290 2075 1377 2095 annos
1402 2067 1467 2094 mali
1482 2074 1589 2095 memor
1613 2072 1642 2095 et
1665 2066 1864 2094 immisericors

1072 2113 1225 2149 imperator
1234 2113 1366 2148 praecepit
1380 2113 1464 2148 hujus
1490 2118 1605 2140 uxorem
1619 2113 1649 2140 in
1663 2112 1862 2141 monasterium

1070 2159 1175 2187 Cboras
1188 2166 1306 2194 pergere
1320 2158 1388 2193 (illic
1404 2159 1479 2186 enim
1494 2159 1621 2194 sepultus
1643 2159 1715 2193 erat)
1731 2163 1761 2186 et
1777 2158 1864 2193 hujus

1070 2212 1132 2233 ossa
1142 2205 1266 2233 eﬂ‘odere
1280 2208 1308 2232 et
1322 2204 1351 2232 in
1366 2204 1451 2240 pallio
1465 2212 1518 2232 suo
1531 2208 1643 2239 portare
1658 2209 1742 2239 atque
1764 2204 1792 2231 in
1816 2211 1861 2231 se-

232 2255 298 2281 uno,
312 2251 443 2283 tenetque
472 2248 659 2283 principatum
673 2248 751 2276 Hisid
776 2249 884 2285 Lipsos.
896 2250 922 2278 la
932 2258 1018 2286 pecu-
1031 2255 1058 2286 υ
1070 2250 1176 2285 pulcra,
1193 2257 1256 2285 quae
1267 2249 1401 2277 dicuntur
1413 2249 1527 2285 Pelagii,
1540 2257 1594 2277 una
1606 2257 1670 2276 cum
1689 2248 1863 2277 Biothanatis

230 2293 286 2322 niis
299 2293 394 2321 multis
408 2294 529 2330 crogatis
544 2294 852 2328 obtinuit'Damascum,
864 2300 893 2324 et
908 2295 1020 2325 dextras

228 2340 336 2376 accepit
351 2344 382 2367 ut
395 2340 608 2376 principaretur.

267 2385 355 2412 Porro
375 2385 575 2414 Constantinus
601 2386 773 2422 Septembrio
803 2395 899 2416 mense
913 2387 1019 2416 duode-

227 2429 312 2458 cima
337 2430 498 2459 indletionis
519 2432 691 2460 descendens
707 2433 742 2460 ad
757 2439 848 2468 partes
865 2434 1020 2462 Chalcedo-

228 2477 275 2504 nis
286 2478 422 2505 remeavit
436 2477 471 2506 ad
495 2478 638 2507 Tbraeoas
656 2483 760 2514 partes,
792 2488 856 2508 cum
881 2480 1020 2509 Sisinnius

228 2526 334 2557 prator
358 2522 571 2551 Thraeesiorum
593 2528 673 2552 antea
690 2532 741 2560 per
752 2525 879 2560 Abydum
895 2533 1015 2553 remeas-

229 2572 273 2596 set
288 2572 488 2604 terrennmque
508 2577 618 2597 murum
634 2570 713 2598 urbis
731 2570 882 2599 obsideret.
898 2571 934 2599 At
945 2579 1013 2600 vero

229 2614 346 2642 veniens
358 2614 509 2650 imperator
521 2615 555 2643 ad
572 2615 680 2644 Cbarsii
694 2621 804 2651 portam
820 2617 952 2645 diswrrit
967 2625 1015 2646 us-

229 2668 285 2696 que
296 2660 331 2688 ad
343 2668 457 2689 auream
470 2665 590 2696 portam,
607 2662 788 2698 semetipsum
817 2663 907 2691 turbis
921 2668 1017 2692 osten-

229 2711 302 2739 tans,
317 2711 347 2735 et
361 2706 462 2735 iterum
487 2715 617 2736 reversus
630 2713 720 2736 castra
733 2713 854 2737 metatus
876 2714 921 2738 est
943 2710 1017 2745 apud

228 2751 258 2779 S.
273 2752 400 2781 Mamam.
412 2753 494 2781 Cives
515 2758 607 2782 autem
619 2755 761 2790 augustari
772 2761 916 2791 cmperuut
927 2765 1016 2785 anno-

229 2797 273 2825 nis
286 2798 493 2828 deficientibus.
516 2800 651 2833 Quocirca
677 2801 762 2829 misso
780 2801 931 2830 Athanasio
944 2811 960 2830 a
973 2811 1017 2831 se-

229 2844 314 2872 cretis
326 2849 354 2872 et
367 2846 541 2875 Artabuasdo
554 2846 708 2875 domestico
730 2856 782 2876 suo
794 2848 827 2876 ad
850 2849 1015 2877 deferendos

229 2893 357 2926 sumptus
371 2891 400 2919 in
415 2892 535 2927 scaphis,
555 2892 661 2921 invenit
679 2893 729 2922 hos
750 2894 846 2923 classis
875 2894 1014 2930 Cibyram-

1068 2297 1171 2333 jacere.
1187 2295 1210 2324 0
1223 2295 1469 2323 inhumanitateml
1483 2295 1583 2323 Multos
1594 2298 1687 2322 autem
1697 2298 1727 2321 et
1742 2293 1813 2321 alios
1827 2301 1862 2321 ex

1068 2342 1249 2378 primoribus,
1263 2341 1448 2377 quiﬁutiliati
1467 2341 1578 2368 fuerant
1591 2340 1777 2372 Artabuasdo,
1794 2347 1861 2375 per-

1068 2389 1145 2422 emit,
1170 2388 1442 2423 innumerabilesque
1464 2387 1555 2415 oculis
1583 2392 1612 2414 et
1632 2386 1703 2414 alios
1729 2386 1862 2413 manibus

1068 2441 1118 2463 seu
1134 2434 1254 2470 pedibus
1263 2433 1363 2461 ablatis
1375 2433 1542 2460 debilitavit.
1557 2432 1694 2467 Praecepit
1704 2436 1797 2459 autem
1810 2438 1860 2458 ex-

1069 2480 1157 2508 ternis
1170 2479 1318 2512 militibus,
1332 2478 1381 2514 qui
1400 2486 1496 2506 secum
1516 2477 1633 2514 ingressi
1647 2482 1724 2509 sunt,
1742 2477 1860 2504 introire

1068 2527 1166 2555 domos
1179 2530 1207 2554 et
1219 2533 1318 2562 rapere
1333 2525 1485 2553 familiares
1498 2524 1601 2552 civium
1617 2530 1673 2551 res.
1688 2523 1773 2550 Multa
1788 2529 1860 2557 quo-

1068 2581 1122 2609 que
1134 2578 1164 2601 et
1175 2572 1239 2604 alia,
1257 2566 1325 2607 quin
1336 2576 1366 2600 et
1387 2571 1533 2599 innumera
1551 2570 1622 2597 mala
1638 2569 1700 2596 urbi
1718 2572 1859 2596 monstra-

1067 2620 1118 2647 vit.
1133 2619 1261 2654 Cumque
1273 2617 1499 2653 hippodro'mium
1515 2616 1680 2647 celebraret,
1702 2614 1860 2642 introduxit

1067 2664 1273 2693 Artabuasdum
1285 2671 1339 2691 una
1354 2671 1416 2691 cum
1430 2662 1497 2690 ﬁliis
1517 2662 1577 2698 ejus
1589 2666 1617 2690 et
1632 2661 1729 2689 amicis
1742 2661 1858 2696 ligatum

1067 2719 1119 2747 per
1137 2709 1339 2745 Dihippiumin
1364 2709 1480 2742 circum,
1509 2708 1592 2736 simul
1621 2715 1684 2735 cum
1712 2707 1858 2735 Anastasio

1067 2756 1130 2784 falsi
1153 2755 1275 2784 nominis
1297 2754 1471 2790 patriarcha,
1486 2761 1618 2790 percusso
1641 2752 1753 2788 publice
1778 2757 1807 2780 et
1831 2753 1859 2780 in

1067 2802 1145 2830 asino
1156 2809 1239 2830 verso
1253 2801 1332 2829 vultu
1355 2801 1481 2833 sedente,
1497 2808 1569 2835 quos
1582 2807 1679 2827 omnes
1698 2806 1748 2834 per
1762 2798 1858 2833 Dihip-

1067 2849 1143 2884 pium
1156 2848 1331 2876 intromissos
1343 2847 1371 2874 in
1382 2847 1488 2875 circum
1501 2846 1651 2881 pompavit.
1667 2845 1770 2873 Verum
1787 2845 1858 2871 Ana-

1067 2894 1182 2923 stasium
1197 2898 1292 2930 utpote
1312 2898 1531 2922 consentaneum
1546 2901 1625 2922 suum
1641 2892 1668 2920 in
1696 2892 1796 2920 throno
1812 2898 1857 2918 sa-
