2052 3153
158 171 230 203 1373

551 173 736 205 HISTORIA
752 172 1042 204 ECCLESIASTICA
1057 175 1110 205 EX
1126 174 1371 207 ΤΗΕΟΡΙΙΑΝΕ.

1713 178 1781 211 1374

153 219 272 255 cerdotii
307 236 405 258 rursus
431 229 545 263 locavit,
581 231 727 258 deterrens
752 234 780 257 et
815 228 1091 264 servitutiAgnatos
1104 234 1132 258 et
1145 230 1261 260 libertos
1272 230 1377 264 Hisam,
1394 236 1588 269 expugnatque
1613 241 1708 262 muros
1731 235 1784 263 lle-

152 274 313 310 subjiciens.
329 275 481 304 Sisinnium
495 284 561 305 vero
575 277 723 312 patricium
745 280 774 303 et
794 278 942 311 praetorem

152 321 377 355 Thracesiorum,
399 323 446 358 qui
466 324 584 351 multum
602 331 664 351 cum
680 331 714 351 eo
730 326 892 350 cucurrcrat
916 325 945 349 et

150 374 203 403 pro
220 367 279 402 ipso
292 373 447 397 certaverat
467 370 584 405 ejusque
606 369 793 397 consobrinus
818 376 879 396 esse
894 375 944 395 no-

151 413 292 447 scebatur,
305 419 368 449 post
384 415 418 442 40
437 415 497 444 dies
512 416 634 448 caecavit,
648 416 697 443 Dei
723 415 855 443 nimirum
867 414 944 450 judi-

151 458 207 487 cio.
224 459 276 494 Qui
290 461 367 488 enim
387 462 537 490 auxiliatur
563 462 658 497 impio,
687 462 790 489 incidet
803 461 832 490 in
846 469 944 489 manus

149 504 222 540 ejus,
238 507 389 535 secundum
402 508 476 543 quod
492 509 627 543 scriptum
640 512 692 536 est.

137 550 140 554 ’
187 552 282 580 Mundi
307 561 380 581 anno
408 554 489 587 6256,
513 554 615 582 divinae
638 553 837 583 incarnationis
870 561 943 582 anno

150 597 213 630 736,
236 606 310 626 anno
323 607 389 627 vero
415 599 522 635 imperii
546 599 721 628 Constantini
735 604 834 635 quarto
851 599 944 627 Theo-

149 644 296 680 phylactus
310 646 501 674 Antiochenus
514 647 632 675 habetur
644 646 772 680 antistes,
786 646 834 681 qui
850 645 942 674 Eccle-

148 691 196 718 sia:
211 696 316 727 septem
328 693 438 727 praefuit
452 693 547 721 annis.
562 693 735 727 Marubaque
748 692 804 720 dux
818 692 942 720 Arabum

147 738 288 771 noscitur,
304 740 351 773 qui
375 738 546 774 principatus
565 744 607 767 est
624 739 665 767 eis
693 739 774 767 annis
802 746 861 766 sex.
883 738 943 765 Hoc

147 790 262 818 quoque
275 791 348 811 anno
364 789 488 812 cometes
502 792 618 819 magnus
631 784 659 811 in
682 783 762 820 Syria
785 783 862 811 visus
886 788 940 816 est,

146 833 174 856 et
184 829 351 857 seditionem
367 830 519 857 concitavit
545 830 648 859 Thebit
664 834 760 858 contra
785 830 940 863 Maruham,

145 875 174 900 et
190 872 313 900 Dacbata
329 873 530 907 Ruritensium,
550 882 620 910 quos
638 874 751 902 Maruha
775 879 870 910 captos
893 883 940 902 oc-

145 918 217 946 cidit
235 919 262 946 in
277 920 403 948 terminis
417 920 541 948 Hemcsae
560 928 623 948 cum
648 921 828 948 multitudine
855 920 940 949 bella-

147 970 253 997 torum.
273 966 299 993 id
313 971 356 994 est
370 967 486 994 millium
498 966 604 995 decem.
631 967 735 995 Eodem
763 967 846 995 etiam
866 974 940 994 anno

146 1018 232 1045 prece
249 1011 469 1040 Christianorum
484 1012 608 1041 Orientis
631 1012 757 1048 permisit
780 1012 940 1040 consecrari

145 1054 385 1093 Theophylactum
402 1058 595 1095 presbyterum
607 1058 792 1087 Hedessinum
820 1059 940 1095 patriar-

145 1102 228 1130 cham
250 1105 414 1138 Antiochiae,
442 1105 585 1141 Stephano
612 1105 781 1137 dormiente.
807 1109 836 1133 et
865 1106 940 1134 hunc

145 1149 251 1178 litteris
273 1151 419 1179 catholicis
434 1152 565 1179 honorari
578 1152 711 1187 praecepit
725 1152 760 1179 ab
777 1153 939 1181 Arabibus:

144 1194 229 1221 donis
239 1195 312 1222 enim
330 1199 390 1223 erat
401 1196 595 1230 spiritualibus
608 1196 769 1229 adornatus,
782 1201 811 1224 et
821 1192 940 1226 maxime

144 1239 292 1274 pudicitia.
304 1240 382 1276 Apud
397 1241 456 1269 Etzi
471 1245 562 1269 autem
580 1246 690 1269 centum
701 1242 848 1270 etvicenos
861 1242 941 1271 Chal-

144 1285 235 1313 benos
251 1285 277 1313 in
293 1286 368 1321 ligno
390 1287 543 1323 suspendit.
561 1288 647 1315 Porro
671 1287 773 1321 Habas,
796 1288 845 1323 qui
867 1289 940 1316 mul—

146 1336 206 1359 tum
222 1331 443 1360 Christianorum
458 1334 620 1369 sanguinem
635 1333 745 1361 {uditet
757 1334 843 1361 multa
857 1334 942 1369 depo-

146 1378 259 1412 pulatus
276 1383 304 1406 et
317 1379 493 1415 deprasdatus
506 1384 549 1408 est
567 1381 639 1414 loca,
655 1380 759 1408 occidit
770 1381 799 1408 in
817 1388 940 1409 carcere.

146 1424 217 1452 Cum
234 1426 308 1453 enim
324 1418 436 1461 quidam
450 1435 466 1455 a
480 1427 622 1455 Maruham
644 1426 679 1456 ad
692 1428 745 1455 hoc
754 1428 856 1455 missus
868 1432 942 1456 esset

148 1468 290 1506 (Ethiops,
303 1471 390 1504 venit,
404 1477 433 1499 et
442 1472 556 1507 impleto
569 1480 649 1501 sacco
661 1473 723 1500 viva
734 1473 809 1501 calce
816 1473 941 1501 introivit

130 1548 133 1552 ι
147 1515 182 1543 ad
199 1523 274 1549 eum,
287 1516 407 1553 folleqne
420 1518 453 1545 ad
467 1523 553 1546 totum
571 1524 654 1554 caput
667 1523 695 1546 et
713 1527 795 1548 nares
807 1520 869 1555 ejus
891 1520 942 1546 im-

148 1561 239 1595 posito
250 1562 395 1592 suti‘ocavit
408 1564 496 1596 illum,
516 1564 618 1599 justam
634 1564 819 1593 adinveniens
840 1565 940 1593 malell-
955 1571 978 1601 (ι

147 1602 191 1635 cio
207 1607 291 1637 Habte
304 1617 414 1644 poenam
430 1618 437 1636 :
454 1611 570 1645 magicis
581 1611 657 1638 enim
679 1611 893 1647 deceptionibus
910 1619 943 1639 ac

148 1654 309 1682 daemonum
325 1656 549 1684 invocationihus
564 1657 649 1689 multa
661 1662 759 1685 contra
769 1657 943 1686 Christianos

149 1700 302 1729 fabricatus
312 1706 355 1729 est
365 1702 446 1730 mala.
466 1701 516 1730 Hic
530 1703 614 1730 etiam
635 1702 763 1738 sanguini
788 1704 943 1731 communi-

148 1747 223 1775 cavit
238 1747 346 1776 Vhalid.

184 1794 265 1820 Anno
280 1793 387 1829 imperii
399 1794 573 1823 Constantini
589 1794 686 1830 quinto
705 1794 868 1823 Sulehiman
881 1802 945 1824 coa-

149 1838 271 1866 cervatis
287 1838 394 1866 militiis
405 1847 502 1867 rursus
516 1840 545 1867 in
564 1840 706 1867 Maruham
720 1840 823 1868 bellum
845 1848 943 1876 aggre-

149 1884 237 1917 ditur.
249 1889 277 1913 et
284 1885 394 1913 amissis
406 1886 500 1922 populi
512 1891 617 1922 septem
633 1887 758 1915 millibus
785 1891 942 1922 superatur,

149 1935 178 1958 et
193 1931 274 1967 fugax
285 1939 372 1967 penes
388 1932 542 1969 Palmyram
558 1933 689 1965 salvatur,
703 1937 732 1961 et
757 1932 891 1968 deinceps
913 1932 942 1960 in

148 1975 275 2005 Perside.
292 1977 465 2006 Seditionem
475 1986 587 2013 quoque
605 1978 818 2006 concitaverunt
831 1977 942 2006 Metsini

148 2027 178 2050 et
210 2023 383 2058 Heliopolita
407 2032 440 2051 ac
466 2023 627 2052 Damasceni
651 2024 779 2052 civitates
798 2024 942 2051 Maruham

149 2068 324 2102 obserantes,
348 2069 396 2104 qui
412 2069 469 2101 ﬁlio
495 2077 546 2097 suo
571 2070 685 2105 quidem
712 2074 809 2097 contra
835 2070 943 2099 Dachac

113 2142 116 2145 ,
148 2121 215 2142 cum
231 2115 333 2142 virtute
351 2112 446 2149 misso,
462 2115 521 2151 ipse
544 2116 621 2143 venit
646 2116 784 2148 Emesam,
811 2124 893 2151 quam
913 2117 941 2146 in

149 2164 271 2195 quatuor
297 2161 441 2190 mensibus
465 2161 548 2197 cepit.
564 2162 673 2189 Dacbac
687 2166 779 2190 autem
798 2170 813 2189 a
827 2162 941 2191 Perside

151 2213 215 2233 cum
230 2206 349 2241 plurimo
364 2211 506 2241 potentatu
523 2206 662 2235 veniebat.
674 2206 710 2234 At
722 2215 787 2235 vero
799 2208 941 2235 Maruham

151 2259 297 2286 aggressus
334 2260 398 2280 eum
436 2252 464 2280 in
506 2252 705 2287 Mesopotamia
740 2261 803 2281 cum
840 2254 981 2283 multosD

151 2297 321 2332 collegarum
337 2298 531 2333 interfecisset,
552 2299 627 2328 hunc
649 2300 881 2335 comprehensum
902 2300 944 2327 in-

153 2343 271 2371 terfecit.

177 2391 220 2421 Vin
236 2390 280 2418 his
303 2390 501 2419 Constantinus
516 2391 720 2420 Germaniciam
744 2392 829 2427 cepit,
854 2392 944 2420 aciem

154 2436 278 2472 dirigens
292 2441 389 2464 contra
399 2436 505 2472 Syriam
517 2441 546 2464 et
557 2437 729 2470 Dulechiam,
744 2437 819 2465 aditu
835 2442 945 2472 reperto

154 2487 269 2518 propter
295 2482 417 2511 Arabum
443 2488 569 2511 mutuam
601 2490 732 2518 pugnam,
764 2484 853 2512 verbo
876 2491 946 2512 sane

154 2529 260 2563 Arabes
276 2530 397 2557 inermes
414 2529 567 2562 dimittens,
582 2528 629 2564 qui
657 2533 737 2557 erant
758 2529 787 2557 in
802 2529 879 2564 ipsis.
893 2530 947 2557 As-

154 2576 274 2611 sumpsit
289 2580 382 2604 autem
404 2580 433 2603 et
448 2579 580 2611 cognatos
599 2582 664 2603 suos
677 2583 712 2603 ex
726 2580 852 2603 materna
872 2576 945 2603 linea

155 2621 368 2654 descendentes,
384 2626 413 2649 et
426 2621 551 2657 Byzantii
565 2621 712 2649 collocavit
724 2629 778 2649 una
795 2630 858 2649 cum
872 2622 946 2649 mul-

156 2668 192 2697 tis
212 2668 289 2704 Syris
304 2668 505 2704 monopbysitis
530 2668 679 2701 hiereticis.
693 2676 727 2696 ex
741 2668 844 2704 quibus
853 2669 949 2704 plures

156 2717 184 2744 in
210 2716 318 2744 Thrace
335 2723 423 2751 usque
447 2714 675 2744 nunc'hahitant
695 2719 723 2742 et
740 2715 816 2750 juxta
834 2715 947 2743 Petrum

156 2762 285 2798 Cnaphea
297 2762 461 2790 Trinitatem
473 2762 501 2790 in
514 2761 629 2797 trisagio
639 2761 814 2796 cruciﬂgunt.
830 2761 917 2788 Porro
931 2768 946 2788 a

157 2814 256 2845 quarto
268 2810 332 2837 idus
346 2809 484 2845 Augustas
501 2816 589 2843 usque
612 2807 647 2835 ad
669 2812 797 2835 octavum
811 2807 948 2835 Kalendas

158 2855 329 2892 Septembris
357 2855 478 2884 tenebrat
501 2854 580 2882 factae
609 2857 676 2880 sunt
699 2853 851 2882 nebulosae.
869 2852 948 2880 Tunc

158 2902 299 2931 Meruham
312 2902 401 2931 victor
419 2902 517 2930 Emesa
534 2907 614 2937 capta
636 2900 775 2930 interfecit
796 2907 892 2928 omnes
904 2907 948 2927 eo-

995 276 1127 311 liopoleos
1140 282 1168 305 et
1182 278 1307 306 Damasci
1318 284 1348 306 et
1362 279 1625 316 Hierosolymorum,
1641 282 1786 311 trucidans

995 323 1097 351 multos
1110 327 1237 359 potentes
1253 329 1282 351 et
1300 324 1468 354 detruncans
1485 326 1625 356 residuos.

1029 369 1123 397 Mundi
1135 377 1208 397 anno
1222 369 1302 402 6238,
1313 370 1414 398 divinae
1429 371 1628 400 incarnationis
1638 380 1711 401 anno
1721 374 1785 407 738,

994 422 1067 442 anno
1093 423 1159 443 vero
1189 416 1300 452 imperii
1327 416 1500 445 Constantini
1531 420 1610 444 sexto
1635 417 1730 445 factus
1741 423 1785 446 est

995 462 1074 486 terra:
1093 464 1185 487 motus
1203 468 1319 496 magnus
1336 461 1364 489 in
1387 461 1532 489 Palaestina
1555 465 1583 489 et
1599 462 1673 490 circa
1687 462 1785 491 Jorda—

993 512 1057 532 nem
1071 509 1100 533 et
1111 509 1197 533 totam
1213 506 1319 542 Syriam
1335 515 1430 535 mense
1438 506 1581 539 Januario,
1598 507 1666 535 hora
1674 512 1782 542 quarta,

993 555 1021 578 ct
1030 551 1116 579 multa
1132 552 1229 585 millia,
1242 552 1310 587 quiti
1324 556 1352 580 et
1363 552 1577 581 innumerabilia
1591 559 1700 582 mortua
1707 559 1782 585 sunt.

992 598 1172 634 ecclesiaeque
1189 607 1221 627 ac
1234 601 1400 628 monasteria
1419 606 1602 635 corruerunt,
1619 606 1647 629 et
1664 602 1783 630 maxime

992 651 1077 678 penes
1088 652 1213 672 eremum
1228 650 1330 674 sanctae
1347 646 1479 674 civitatis.

1027 689 1132 718 Eodem
1146 698 1213 719 vero
1224 699 1297 719 anno
1312 693 1443 727 pestilens
1461 701 1536 722 mors
1555 702 1571 722 a
1584 693 1679 722 Sicilia
1689 697 1718 722 et
1731 693 1784 727 Ca-

992 732 1080 760 labria
1099 733 1247 768 incipiens,
1265 734 1353 762 veluti
1363 735 1476 770 quidam
1488 736 1560 771 ignis
1571 736 1734 771 depascens,
1747 736 1782 763 ad

993 778 1190 812 Monobasiam,
1206 779 1347 808 lielladem
1363 785 1446 816 atque
1466 781 1660 817 interjacentes
1677 782 1784 810 insulas

992 824 1068 852 venit
1092 832 1141 860 per
1165 829 1251 853 totam
1269 826 1405 854 decimam
1434 831 1561 862 quartam
1589 827 1782 860 indictionem,

992 870 1134 906 ﬂagellans
1157 871 1248 906 ipsum
1274 872 1486 901 Constantinum
1500 893 1508 904 .
1539 878 1568 901 et
1596 873 1731 902 cohibens
1747 874 1784 901 ab

992 915 1109 949 insania,
1126 925 1178 952 qua
1196 917 1328 946 adversus
1342 925 1452 946 sanctas
1464 920 1596 947 ecclesias
1614 924 1643 947 et
1666 927 1784 948 venera~

991 963 1061 990 biles
1077 963 1211 999 imagines
1227 964 1399 992 irritabatur.
1412 966 1515 993 Verum
1544 966 1600 1000 ille,
1619 970 1652 994 ut
1675 967 1784 994 Pharao

991 1008 1141 1043 quondam,
1159 1010 1332 1038 incorrectus
1347 1012 1510 1046 permansit.
1528 1012 1599 1040 Sane
1625 1013 1782 1047 pestilentia

991 1055 1050 1082 haec
1066 1056 1186 1084 bubonis
1203 1056 1364 1085 discurrens
1387 1058 1494 1086 decima
1517 1060 1614 1094 quinta
1632 1059 1784 1088 indictione

992 1102 1095 1136 regiam
1112 1102 1239 1137 pervenit
1256 1103 1289 1130 ad
1320 1104 1430 1131 urbem.
1446 1104 1599 1139 Coeperunt
1620 1110 1714 1134 autem
1739 1114 1786 1134 su-

992 1148 1049 1175 bito
1059 1148 1232 1175 invisibiliter
1244 1149 1313 1182 ﬁeri,
1324 1154 1378 1177 tam
1389 1150 1415 1177 in
1424 1151 1567 1178 hominum
1577 1152 1748 1180 vestimentis
1754 1158 1785 1181 et

993 1194 1019 1220 in
1028 1195 1143 1222 sacratis
1153 1195 1333 1222 ecclesiarum
1342 1196 1510 1224 indumentis
1527 1205 1610 1232 quam
1619 1202 1648 1226 et
1664 1198 1693 1226 in
1703 1199 1783 1232 velis,

992 1241 1138 1267 cruciculze
1146 1241 1271 1275 plurimm
1280 1242 1363 1269 veluti
1374 1251 1407 1269 ex
1413 1243 1475 1270 oleo
1484 1243 1643 1279 designatae.
1650 1245 1732 1273 Facta
1741 1251 1786 1273 est

992 1294 1057 1321 ergo
1073 1286 1138 1313 hinc
1149 1287 1259 1314 tristitia
1273 1293 1300 1314 et
1312 1288 1431 1316 defectio
1448 1290 1532 1317 animi
1557 1291 1642 1319 multa
1667 1297 1785 1327 propter

994 1332 1110 1359 dubium
1130 1333 1323 1367 hujuscemodi
1336 1335 1416 1370 signi.
1435 1336 1516 1363 Venit
1545 1337 1728 1366 nihilominus
1757 1344 1786 1366 et

993 1378 1127 1405 divinitus
1140 1378 1303 1413 indignatio.
1318 1380 1455 1415 dissipans
1483 1382 1656 1409 incessanter
1667 1390 1724 1410 non
1736 1390 1784 1410 so-

992 1424 1048 1450 lum
1065 1424 1140 1451 urbis
1155 1424 1229 1451 cives
1245 1425 1292 1451 sed
1316 1430 1344 1452 ct
1361 1426 1387 1452 in
1402 1427 1714 1456 omnibussuburbanis
1724 1429 1785 1464 ejus

992 1469 1132 1504 degentes.
1152 1470 1240 1497 Factm
1254 1471 1327 1497 enim
1353 1477 1417 1498 sunt
1437 1477 1464 1499 et
1492 1472 1618 1501 fantasia:
1639 1474 1667 1501 in
1682 1474 1786 1502 multos

994 1516 1146 1548 hominum,
1163 1517 1209 1551 qui
1225 1517 1250 1542 in
1268 1518 1368 1544 ecslasi
1391 1518 1456 1545 l'acti
1472 1519 1669 1547 existimabant
1681 1528 1785 1548 secum

993 1563 1146 1597 peregrinis
1159 1563 1336 1597 quibusdam.
1350 1568 1381 1590 ut
1393 1564 1538 1598 putabant,
1562 1569 1590 1593 et
1604 1566 1730 1594 trucibus
1744 1567 1786 1594 fa-

993 1608 1091 1636 ciehus
1118 1609 1258 1641 comitari,
1287 1614 1316 1636 et
1332 1617 1381 1637 eos
1405 1610 1454 1645 qui
1484 1610 1510 1638 in
1527 1611 1628 1639 itinere
1644 1611 1696 1639 sibi
1708 1612 1786 1640 obvii

994 1653 1098 1682 ﬁebant
1111 1662 1142 1682 se
1157 1655 1236 1690 quasi
1248 1655 1352 1683 amicos
1379 1656 1499 1684 salutare
1510 1664 1544 1684 ac
1555 1657 1686 1692 colloqui.
1704 1658 1788 1686 Nota-

994 1699 1031 1727 tis
1049 1707 1115 1727 vero
1135 1700 1178 1727 his
1187 1708 1249 1735 qua:
1263 1700 1430 1729 dicebantur
1444 1701 1480 1729 ab
1497 1702 1549 1734 eis,
1561 1703 1619 1730 haec
1629 1708 1726 1737 postea
1743 1711 1787 1731 re-

992 1745 1130 1773 ferebant.
1158 1746 1426 1780 Contcmplabanlnr
1447 1751 1539 1775 autem
1565 1749 1676 1776 eosdem
1689 1754 1719 1776 et
1734 1750 1786 1777 do—

993 1798 1054 1818 mos
1076 1791 1194 1826 ingredi,
1221 1796 1249 1819 et
1270 1792 1340 1820 alios
1370 1793 1485 1827 quidem
1511 1801 1546 1821 ex
1569 1795 1653 1822 domo
1678 1795 1785 1831 egredi,

993 1845 1077 1872 porro
1101 1838 1170 1866 alios
1196 1838 1355 1866 vulnerare.
1381 1838 1607 1874 Contigitautem
1635 1845 1664 1868 et
1687 1848 1785 1870 eorum

993 1890 1053 1917 quae
1072 1883 1147 1911 dicta
1167 1887 1233 1911 sunt
1259 1884 1295 1911 ab
1312 1884 1365 1916 eis,
1378 1884 1499 1919 plurima
1516 1890 1547 1912 nt
1566 1886 1695 1914 viderant
1712 1888 1783 1916 ﬁeri.

993 1927 1129 1956 Praeterea
1145 1929 1251 1956 vernali
1263 1933 1386 1964 tempore
1407 1929 1502 1964 primas
1526 1930 1689 1960 indictionis
1700 1933 1787 1968 magis

993 1978 1106 2002 extensa
1123 1979 1176 2002 est.
1191 1974 1301 2003 IEstivo
1316 1981 1408 2003 autem
1425 1983 1540 2010 prorsus
1553 1977 1687 2010 incendit,
1708 1978 1744 2006 ita
1757 1983 1788 2006 ut

993 2018 1108 2054 integrae
1130 2027 1243 2054 quoque
1257 2020 1357 2048 domus
1374 2021 1485 2055 penitus
1500 2021 1710 2055 clauderentur,
1734 2031 1788 2051 nec

993 2070 1086 2093 essent
1099 2065 1146 2100 qui
1162 2065 1295 2093 deberent
1312 2071 1438 2094 mortuos
1466 2067 1595 2101 sepelire.
1611 2066 1652 2094 Ex
1666 2067 1789 2095 necessi-

994 2116 1049 2139 tate
1065 2111 1159 2146 itaque
1188 2112 1276 2139 multa
1300 2112 1487 2147 excogitatum
1508 2116 1552 2140 est
1565 2120 1621 2147 quo
1632 2120 1716 2147 super
1728 2113 1790 2140 ani-

996 2158 1078 2186 malia
1095 2158 1194 2186 tabulae
1209 2162 1413 2191 sternerentur,
1436 2162 1465 2186 ct
1479 2158 1517 2186 ita
1534 2166 1619 2193 super
1632 2158 1683 2186 bas
1699 2159 1790 2194 impo-

995 2204 1041 2232 siti
1058 2204 1161 2231 mortui
1180 2204 1367 2232 deferrentur.
1381 2204 1443 2232 Pari
1459 2204 1543 2233 modo
1557 2208 1586 2232 et
1601 2205 1630 2232 in
1656 2205 1792 2240 plaustris

996 2251 1041 2279 alii
1057 2252 1225 2287 suprapositi
1242 2251 1306 2279 aliis
1318 2252 1542 2286 asportabantnr.
1555 2252 1625 2279 Cum
1638 2257 1730 2280 autem
1742 2260 1788 2280 re-

996 2298 1070 2333 pleta
1085 2298 1205 2326 fuissent
1218 2297 1359 2329 universa,
1375 2302 1430 2324 tam
1451 2297 1561 2325 scilicet
1581 2298 1688 2325 urbana
1704 2306 1788 2332 quam

997 2344 1168 2375 suburbana,
1197 2347 1387 2375 monumenta,
1409 2347 1437 2370 et
1449 2343 1578 2370 cisternae
1589 2350 1702 2378 quoque
1728 2344 1789 2371 sine

996 2397 1067 2423 aqua
1080 2393 1109 2416 et
1125 2388 1202 2415 lacus
1225 2391 1253 2414 et
1275 2387 1403 2422 plurimae
1432 2387 1531 2420 vinem,
1548 2395 1657 2416 necnon
1674 2392 1703 2416 et
1715 2388 1789 2415 inte-

996 2434 1085 2461 riores
1098 2433 1184 2465 horti,
1202 2433 1250 2467 qui
1265 2432 1336 2460 intra
1347 2436 1457 2460 veteres
1467 2440 1562 2460 muros
1574 2438 1666 2465 erant,
1683 2433 1718 2460 ad
1737 2433 1790 2461 hu-

993 2479 1115 2515 jusmodi
1128 2478 1326 2514 capessendam
1355 2479 1526 2513 sepulturam
1548 2471 1643 2507 ed‘ossi
1659 2484 1735 2511 sunt,
1760 2483 1792 2508 et

997 2525 1038 2554 ita
1045 2525 1092 2553 vix
1101 2525 1195 2553 omnia
1209 2525 1270 2552 haec
1282 2524 1317 2552 ad
1333 2528 1437 2551 tantam
1452 2524 1648 2552 necessitatem
1664 2524 1792 2552 subicere

998 2572 1155 2600 valuerunt.
1171 2570 1252 2599 Omni
1266 2575 1361 2598 autem
1370 2569 1453 2598 domo
1478 2570 1527 2598 tali
1554 2569 1710 2602 calamitate
1727 2577 1784 2597 cor-

999 2623 1079 2654 rupta
1091 2623 1204 2654 propter
1215 2617 1429 2652 dispositionem,
1440 2623 1502 2651 quae
1515 2615 1601 2651 impie
1618 2615 1690 2642 facta
1706 2613 1794 2642 estalt

1000 2665 1204 2701 imperantibus
1218 2664 1246 2691 in
1261 2671 1355 2691 sacras
1383 2662 1527 2697 imagines,
1546 2661 1692 2689 confestim
1707 2660 1776 2687 nimi

999 2719 1061 2740 rum
1070 2711 1259 2747 Agarenorum
1272 2708 1368 2736 classis
1387 2707 1422 2735 ab
1435 2706 1600 2734 Alexandria
1609 2705 1686 2733 venit
1700 2705 1729 2732 in
1739 2704 1788 2740 Cy-

1000 2766 1092 2795 prum,
1109 2756 1155 2784 ubi
1172 2760 1272 2784 eratet
1285 2754 1433 2782 Romaicus
1450 2752 1549 2780 stolus.
1569 2752 1604 2780 At
1616 2759 1683 2780 vero
1693 2754 1791 2786 praetor

1000 2805 1219 2840 Cibyratotorum
1244 2801 1354 2829 irruens
1372 2800 1399 2827 in
1419 2808 1469 2827 eos
1494 2798 1633 2833 extemplo
1656 2798 1684 2825 in
1709 2801 1796 2832 portu

1000 2852 1144 2883 Ceramea,
1156 2854 1185 2877 et
1204 2851 1311 2876 retenta
1325 2850 1423 2882 portus
1439 2846 1541 2883 fauce,
1555 2851 1619 2872 cum
1637 2848 1730 2872 essent
1746 2843 1787 2871 tri

1002 2899 1077 2933 ginta
1092 2897 1251 2928 dromones,
1269 2899 1324 2923 tres
1337 2894 1410 2923 solos
1426 2892 1562 2922 exsiliisse
1578 2891 1709 2919 fatentur.
