2052 3153
238 181 307 215 i375

768 172 969 214 'ANAsrAsn
990 184 1305 216 BIBLIOTHECARII

1803 181 1872 215 i376

273 241 367 268 Mundi
380 248 453 268 anno
464 240 546 274 6239,
559 241 659 268 divinae
673 241 872 269 incarnationis
880 249 954 269 anno
962 241 1024 274 739,
1041 245 1062 274 Α
1079 242 1189 275 ruham,
1206 242 1350 270 venientes
1368 241 1401 269 ab
1416 240 1533 277 Egypto
1559 240 1586 268 in
1600 219 1736 271 'Africam.
1749 240 1872 276 indeque

236 295 309 316 anno
331 294 400 315 vero
428 287 536 322 imperii
557 287 732 315 Constantini
747 287 876 322 septimo,
890 287 1028 315 occiditur

236 334 386 368 Gregorius
402 333 437 360 ab
450 333 674 366 Arirutensibus,
688 337 717 360 et
732 333 816 361 evicit
830 333 981 366 Marullum,
996 337 1028 360 ut

237 380 357 415 praetuli.

273 427 352 454 Anno
378 426 486 461 imperii
506 425 682 454 Constantini
713 430 811 453 octavo
833 430 925 452 motus
944 425 1027 452 estin

236 472 423 500 exterioribus
435 472 556 500 Orientis
572 472 697 507 partibus
709 471 830 499 Persidis
838 471 967 506 populus,
979 470 1026 506 qui

237 519 370 546 dicuntur
378 518 567 546 Chorosaniue
580 516 767 554 Manrqphori,
777 520 872 544 contra
885 516 1026 544 Maruham

236 569 265 591 et
283 571 393 592 omnem
407 564 601 600 cognationem
615 564 687 599 ejus,
697 563 744 598 qui
758 562 904 598 principali
920 567 983 590 sunt
993 563 1028 590 ab

237 611 297 644 ipso
318 611 443 638 Maumed
469 609 710 645 pseudopropheta
737 617 824 644 usque
848 609 880 636 ad
897 608 1027 636 eumdem

237 656 389 688 Maruham,
411 657 438 684 id
464 660 507 684 est
524 662 621 684 contra
639 664 687 684 eos
697 656 744 691 qui
758 655 890 683 dicuntur
905 655 954 682 lilii
970 655 1028 682 llu-

237 702 318 729 msia.
337 702 385 730 His
393 702 466 729 enim
479 706 540 735 post
563 701 805 739 intereinptionem
819 699 918 728 Vhaiid
933 699 1029 727 debel-

237 746 358 774 lantibus
371 751 399 774 et
411 746 665 782 constringentibus
682 745 811 776 invicem.
828 745 856 772 hi
881 744 928 780 qui
947 744 1023 772 dice-

237 791 339 819 bautur
357 791 405 819 lilii
421 791 516 819 Echim
532 796 559 819 et
581 792 681 824 Halim,
703 790 810 827 cognaii
828 794 855 818 et
878 790 930 826 ipsi
947 798 1029 825 pseu-

236 837 425 872 doprophetaa.
442 838 490 865 sed
503 837 658 866 absconditi
672 841 756 873 atque
769 837 879 872 fugaces
892 836 1029 864 exsisten-

237 888 278 911 tes
289 884 316 910 in
328 884 427 911 minori
444 884 554 917 Arabia,
570 883 744 919 congregati,
756 887 869 911 tenente
880 883 907 910 in
921 883 962 911 eis
970 883 1028 918 pri-

1080 291 1284 314 transmeantes
1309 287 1409 315 fretum
1438 287 1546 322 angusti
1562 286 1647 314 maris
1671 286 1706 314 ad
1728 277 1887 320 Oceanum!

1078 332 1174 367 positi,
1193 332 1268 368 quod
1294 333 1398 360 dicitur
1416 332 1499 368 Septc
1512 332 1641 367 quodque
1669 331 1771 359 diliinit
1797 331 1873 360 inter

1078 377 1192 413 Libyam
1220 383 1249 405 et
1272 378 1419 412 Europam,
1447 378 1565 412 Europa
1587 376 1746 412 Hispaniam
1762 376 1858 404 habita

1078 429 1143 451 runt
1155 432 1242 459 usque
1261 424 1295 452 ad
1319 432 1442 460 przesens
1454 429 1573 459 tempus,
1590 423 1726 451 habentes
1734 423 1870 458 quosdam

1078 471 1126 506 qni
1142 470 1244 498 ibidem
1259 470 1417 498 habitantes
1429 475 1509 498 antea
1525 470 1720 502 noscebantur,
1733 478 1749 497 a
1761 469 1872 497 lauhia

1079 516 1145 550 illuc
1169 517 1277 552 trajecti
1291 516 1412 552 navigio,
1439 524 1501 544 cum
1521 520 1615 544 essent
1638 517 1698 551 ejus
1713 515 1822 551 cognati
1842 519 1872 543 et

1079 561 1166 595 ipsius
1182 561 1337 598 religionis.
1353 562 1518 590 Perduravit
1536 567 1628 590 autem
1647 562 1787 590 excidium
1817 563 1871 591 sub

1079 607 1187 634 Maultia
1214 615 1262 635 sex
1286 608 1376 640 annis,
1397 616 1452 644 quo
1472 608 1558 636 diruti
1571 614 1636 637 sunt
1653 609 1778 636 omnium
1803 609 1872 636 illu-

1079 653 1177 680 strium
1193 653 1336 681 civitatum
1366 654 1393 681 in
1416 654 1494 690 Syria
1522 663 1610 689 usque
1636 654 1670 682 ad
1696 654 1871 682 Antiochiam

1079 698 1162 731 muri,
1185 705 1219 726 eo
1235 699 1309 734 quod
1339 699 1410 727 hanc
1433 700 1460 727 in
1476 699 1614 735 refugium
1630 700 1734 728 habere
1758 700 1873 728 medita-

1079 748 1186 776 rentur.
1201 745 1398 781 innumerique
1409 745 1532 773 Arabum
1546 745 1581 773 ab
1593 753 1627 773 eo
1644 746 1797 781 perierunt.
1814 745 1872 782 0p-

1079 790 1145 826 pido
1175 791 1250 818 enim
1272 792 1565 826 eratcircumspectus
1581 791 1656 819 circa
1680 792 1783 820 civilia.
1806 792 1875 820 Erat

1079 841 1170 865 autem
1184 837 1437 869 automatistarum.
1451 838 1478 865 id
1493 842 1536 866 est
1548 838 1764 873 Epicureorum.
1779 839 1873 867 barre-

1079 887 1153 913 seos,
1182 888 1215 908 ex
1231 881 1364 916 gentibus
1377 882 1424 917 qui
1438 882 1602 909 habitabant
1620 882 1724 910 Carran
1741 882 1873 918 impieta-

237 933 341 956 matum
353 928 496 961 Abrahim.
507 930 622 957 mittunt
633 930 762 957 libertum
780 937 861 956 suum
875 929 1025 964 quendam.
1043 923 1063 951 Β
1079 931 1134 955 tem
1148 935 1302 956 assumens.
1319 928 1405 955 Porro
1420 933 1518 956 octavo
1541 927 1721 956 kalendarum
1748 929 1874 957 Februa-

237 975 372 1002 Amuslim
387 974 504 1007 dictum,
518 975 546 1002 in
562 975 713 1003 Chorosam
725 975 759 1002 ad
776 975 908 1010 quosdam
924 975 1026 1002 ibidem

237 1020 459 1055 p'ateminentes,
475 1024 570 1048 contra
584 1020 729 1047 Marnham
743 1020 796 1048 sibi
817 1020 960 1056 suli‘ragari
977 1028 1027 1055 pes

238 1071 338 1094 tentes.
355 1066 407 1100 Qui
420 1066 528 1094 collecti
544 1067 617 1102 apud
639 1066 782 1094 Caecaban
794 1067 941 1102 quemdam
959 1074 1027 1094 eon-

238 1113 379 1145 eiliantur,
394 1117 422 1140 et
437 1113 579 1140 concitant
597 1121 693 1141 servos
706 1113 734 1140 in
751 1113 878 1140 dominos
887 1113 1025 1148 proprios,

238 1162 268 1185 ct
280 1157 410 1185 occidunt
421 1158 523 1185 multos
534 1162 615 1185 nocte
629 1166 694 1189 una.
707 1165 826 1193 quorum
839 1157 936 1189 armis,
948 1157 1028 1192 equis

238 1208 269 1231 et
281 1203 406 1238 pecuniis
418 1203 577 1238 locupletati
591 1203 657 1230 facti
671 1207 736 1231 sunt
747 1202 929 1238 potentiores.
947 1201 1026 1230 Divi-

239 1249 344 1276 duntur
355 1254 448 1277 autem
460 1249 488 1277 in
505 1249 595 1277 tribus
618 1250 698 1282 duas,
718 1248 864 1277 Chaisinos
877 1248 983 1276 scilicet
999 1251 1028 1276 et

240 1295 421 1322 iiiamanitas.
437 1295 561 1328 Quorum
578 1295 750 1330 potentiores
766 1295 877 1322 intuens
890 1294 1029 1323 Abumus—

242 1340 290 1368 lim
302 1348 363 1368 esse
376 1339 557 1372 Hiamanitas,
579 1341 700 1368 concitat
717 1345 814 1367 contra
830 1339 985 1373 Chaisinos,
1001 1343 1029 1368 et

240 1385 394 1414 interfectis
405 1385 446 1413 eis
455 1386 532 1413 venit
546 1387 575 1413 in
593 1386 736 1414 Persidem
749 1394 812 1414 cum
824 1385 978 1418 Caecaban,
1000 1390 1029 1413 et

239 1440 403 1467 expugnans
420 1432 636 1460 Hibindabarem
657 1433 732 1468 capit
747 1439 810 1460 cum
825 1432 942 1460 victoria
959 1439 1029 1459 cun-

239 1482 312 1510 ctos,
328 1478 453 1505 virorum
470 1478 576 1506 scilicet
587 1478 673 1505 ferme
687 1482 798 1506 centum
820 1477 916 1506 millia.
930 1478 965 1505 Et
980 1484 1029 1504 ve-

240 1524 320 1551 niens
330 1524 363 1550 ad
378 1524 548 1551 llibinubera
573 1524 712 1551 hostiliter
726 1531 789 1552 cum
805 1523 932 1551 duc‘entis
945 1522 1029 1550 milli-

241 1569 294 1597 bus
307 1569 538 1604 proliciscentem,
552 1569 600 1596 sed
612 1573 639 1596 et
653 1569 730 1596 illum
742 1569 878 1596 dissolvit.
894 1568 1030 1596 Veniens-

241 1622 295 1648 que
324 1614 358 1642 ad
380 1615 522 1642 Marubam
539 1615 611 1649 apud
629 1614 728 1642 Zabari
751 1614 863 1641 lluvium
881 1613 1029 1641 habentem

243 1665 365 1689 trecenta
376 1661 477 1694 millia,
494 1660 614 1688 debellat
625 1667 688 1687 eum
706 1665 734 1687 et
747 1659 951 1688 multitudinem
965 1660 1029 1688 inli-

241 1707 328 1734 nitam
354 1706 457 1734 occidit
482 1714 516 1734 ex
531 1706 582 1734 eis.
602 1706 722 1741 Eratque
737 1705 797 1733 visu
810 1706 945 1739 mirabile,
965 1713 1029 1733 cum

241 1752 393 1780 secundum
416 1751 588 1786 Scripturam
616 1756 683 1779 tunc
712 1759 785 1779 unus
811 1756 1030 1787 persequeretur

241 1798 327 1831 mille,
342 1802 371 1825 et
387 1798 443 1825 duo
459 1801 682 1825 transmoverent
693 1797 764 1826 dena
777 1798 872 1826 millia.
883 1798 1028 1832 Quoscum

241 1845 279 1872 ita
293 1844 483 1879 potentialiter
503 1844 646 1872 vincentes
658 1845 799 1873 Ilaruham
816 1846 932 1874 intuitus
942 1847 1028 1874 exsti-

243 1890 332 1921 tisset,
345 1889 404 1917 adit
413 1889 529 1922 Carran,
547 1893 577 1917 et
599 1896 664 1916 cum
686 1889 800 1917 lluvium
825 1895 1029 1924 transmeasset,

242 1935 341 1964 incidit
365 1940 476 1971 pontem
507 1944 543 1963 ex
570 1935 690 1964 navibus
712 1936 827 1970 factum,
841 1941 869 1964 et
880 1938 1030 1974 assumptis

241 1989 335 2010 secum
352 1981 482 2010 omnibus
504 1982 630 2017 pecuniis
644 1989 678 2010 ac
701 1982 784 2010 domo
806 1990 867 2016 sua,
881 1991 944 2011 cum
959 1992 1031 2020 qua-

241 2035 306 2056 tuor
319 2029 444 2056 millibus
457 2029 526 2057 viris
535 2029 692 2057 vernaculis
718 2029 778 2058 suis
794 2029 857 2066 fuga
871 2029 965 2066 lapsus
987 2034 1030 2059 est

242 2076 271 2104 in
283 2076 440 2112 Egyptum.
607 2083 613 2089 '

276 2122 357 2150 Anno
387 2122 495 2157 imperii
512 2122 688 2150 Constantini
705 2122 722 2150 9
747 2122 967 2158 persecutionem
980 2130 1029 2158 pa-

242 2169 312 2196 titur
328 2169 470 2196 Maruham
488 2177 503 2196 a
518 2169 730 2204 Manrophoriis,
756 2173 784 2197 et
813 2170 1030 2205 comprehensus

241 2213 278 2240 ab
292 2213 332 2240 eis
354 2213 500 2246 occiditur,
529 2213 602 2241 bello
621 2218 699 2249 gesto
722 2214 895 2249 gravissimo.
909 2215 1031 2243 Praeerat

242 2263 335 2286 autem
354 2259 395 2286 eis
411 2259 500 2286 Salich
518 2259 591 2287 illius
601 2259 700 2292 Halim,
716 2259 763 2295 qui
779 2268 851 2288 unus
865 2268 899 2288 ex
911 2261 1030 2296 pneiatis

242 2305 365 2340 profugis
380 2309 449 2337 erat,
462 2305 509 2340 qui
521 2310 550 2333 et
565 2305 753 2334 destinaverat
777 2306 940 2334 Bumuslim.
953 2306 1030 2334 Reli-

241 2350 288 2385 qui
304 2358 370 2378 vero
385 2351 542 2387 congregati
559 2355 656 2378 contra
674 2351 826 2379 Samariam
852 2356 882 2379 et
907 2352 1030 2380 Tracho-

242 2396 359 2424 nitidem
388 2396 529 2432 regionem
560 2401 636 2425 sorte
663 2397 850 2433 principatum
879 2397 1032 2427 distribue-

243 2446 318 2474 runt,
339 2441 471 2469 Abulalas
491 2442 608 2475 scilicet,
625 2446 654 2469 et
679 2435 839 2477 postrillum
855 2442 955 2471 fratres
971 2443 1032 2479 ejus

243 2487 358 2520 Abdela,
369 2492 398 2515 et
414 2488 557 2523 posthunc
570 2487 695 2516 liiseidiu
712 2488 804 2516 Musas.
824 2488 860 2516 Et
871 2488 956 2525 Syrize
968 2489 1032 2525 qui-

243 2534 306 2562 dem
323 2542 460 2561 summam
477 2539 625 2569 praaturam
653 2538 815 2562 taxaverunt
838 2534 971 2563 Abdelam
988 2540 1031 2564 te-

243 2587 310 2609 nere
326 2581 413 2608 lilium
435 2580 536 2614 ﬂaiim,
555 2581 667 2609 fratrem
683 2589 749 2609 vero
763 2581 859 2615 Salim,
874 2582 963 2617 ipsum
980 2590 1032 2610 au-

243 2632 299 2654 tem
316 2626 400 2654 Salim
428 2625 546 2662 Egypt!)
562 2633 690 2661 praeesse.
719 2626 808 2654 Porro
828 2626 960 2653 Abdelam
976 2626 1032 2654 fra-

244 2677 315 2701 trem
329 2671 469 2700 Abulabas
483 2672 519 2700 ab
536 2672 583 2700 illo
607 2671 711 2700 habere
732 2676 836 2699 sortem
860 2672 1032 2707 principatus

244 2726 329 2754 super
348 2718 572 2754 Mesopotamiam
588 2722 756 2746 statuerunt.
770 2717 831 2753 Ipse
850 2725 915 2746 sane
927 2718 1032 2746 Abula-

245 2765 305 2798 bas,
321 2765 369 2801 qui
382 2770 411 2793 et
433 2766 557 2794 omnium
573 2765 676 2800 primas
693 2765 859 2798 habebatur,
873 2765 900 2793 in
918 2765 1031 2794 Perside

243 2811 326 2847 sedit,
343 2811 475 2839 translato
483 2818 593 2846 quoque
607 2811 761 2846 principatu
770 2811 822 2839 sub
831 2819 861 2839 se
873 2811 1030 2844 Persarum,

243 2855 292 2890 qui
309 2856 336 2882 ci
363 2857 486 2884 auxiliati
514 2857 625 2884 fuerant
642 2865 657 2884 a
675 2857 818 2885 Damasco.
843 2857 876 2884 lli
893 2864 959 2884 vero
982 2856 1030 2892 qui

246 2901 343 2929 salvati
355 2901 475 2936 fuerant,
488 2907 543 2931 tam
553 2902 682 2932 videlicet
696 2902 745 2931 lilii
762 2910 844 2939 qnam
855 2903 964 2939 cognati
976 2903 1031 2932 Ma-

1080 973 1184 1001 riarum
1199 974 1321 1009 ejusdem
1341 975 1430 1002 tertize
1453 974 1614 1002 indictionis
1630 980 1713 1003 natus
1725 980 1768 1003 est
1784 975 1875 1011 impe-

1080 1019 1166 1047 ratori
1182 1019 1364 1048 Constantino
1379 1020 1462 1051 filius,
1471 1028 1554 1056 quem
1569 1020 1722 1049 nominavit
1737 1020 1873 1055 Leonum,

1079 1073 1114 1094 ex
1128 1066 1244 1101 chagani
1255 1065 1396 1094 Chazariae
1411 1066 1478 1094 ﬁlia.

1115 1112 1195 1139 Anno
1208 1119 1275 1140 vero
1289 1112 1388 1140 eodem
1403 1113 1493 1141 factus
1504 1117 1548 1141 est
1562 1110 1642 1142 terra:
1663 1118 1754 1142 motus
1775 1115 1803 1141 in
1818 1113 1873 1150 Sy-

1081 1158 1133 1190 ria,
1154 1163 1183 1186 et
1210 1158 1308 1194 ingens
1318 1167 1350 1187 ac
1371 1159 1509 1188 terribilis
1522 1167 1613 1193 casus,
1636 1161 1710 1189 unde
1728 1161 1872 1188 civitatum

1080 1204 1142 1232 alite
1156 1204 1268 1239 quidem
1289 1205 1401 1240 penitus
1416 1207 1607 1234 exterminata!
1629 1211 1705 1238 sunt.
1731 1207 1791 1234 aliae
1806 1215 1873 1235 vero

1081 1250 1271 1284 mediocriter,
1284 1251 1343 1279 alia:
1365 1255 1457 1279 autem
1483 1259 1499 1279 a
1527 1253 1666 1280 montanis
1685 1253 1720 1280 ad
1748 1252 1872 1288 subjecta

1081 1297 1246 1332 campestria
1264 1304 1326 1324 cum
1340 1297 1428 1325 muris
1439 1301 1467 1325 et
1488 1297 1708 1326 habitationibus
1724 1299 1784 1326 suis
1798 1298 1873 1326 inte-

1081 1350 1137 1378 grae
1150 1342 1340 1378 migraverunt
1353 1347 1382 1371 et
1395 1343 1476 1371 salvae
1488 1343 1566 1378 quasi
1580 1344 1613 1371 ad
1624 1344 1753 1371 milliaria
1769 1352 1817 1372 se:
1828 1344 1872 1371 vel

1081 1388 1164 1416 etiam
1191 1388 1331 1416 modicum
1357 1389 1424 1424 quid
1441 1389 1524 1416 ultra.
1541 1389 1666 1424 Denique
1697 1397 1871 1417 asseverare-

1083 1438 1148 1462 runt
1162 1434 1191 1461 hi
1208 1434 1257 1469 qui
1281 1434 1401 1470 propriis
1419 1435 1528 1463 visibus
1551 1441 1654 1463 terram
1668 1435 1875 1470 Mesopotamia:

1082 1480 1261 1515 contemplati
1273 1484 1348 1512 stmt,
1364 1480 1393 1508 in
1406 1480 1612 1516 longitudinem
1631 1481 1770 1517 diruptam
1785 1480 1873 1510 fuisse

1082 1527 1117 1554 ad
1145 1526 1274 1554 milliaria
1290 1527 1356 1560 duo,
1373 1531 1402 1555 et
1423 1534 1458 1555 ex
1470 1527 1609 1562 profundo
1632 1528 1695 1563 ejus
1716 1528 1875 1556 ascendisse

1082 1572 1164 1600 aliam
1177 1577 1278 1600 terram
1293 1572 1377 1600 nimis
1396 1573 1488 1600 albam
1504 1577 1533 1600 et
1559 1581 1715 1606 arenosam,
1735 1573 1769 1600 de
1795 1573 1877 1608 cujus

1082 1617 1174 1645 medio
1192 1617 1327 1651 ascendit,
1342 1622 1374 1645 ut
1397 1618 1485 1652 aiunt,
1510 1618 1611 1646 animal
1626 1618 1761 1646 mulinum
1778 1617 1877 1645 incon-

1082 1664 1258 1697 taminatum,
1276 1664 1392 1699 loquens
1411 1665 1532 1693 humana
1549 1673 1627 1697 voce,
1639 1670 1668 1693 et
1684 1665 1876 1700 pnenuntians

1080 1710 1171 1745 gentis
1201 1709 1388 1738 incursionem
1412 1710 1448 1738 ab
1467 1718 1562 1738 eremo
1587 1711 1722 1738 adversus
1755 1711 1876 1738 Arabes.

1080 1753 1159 1788 Quod
1171 1758 1199 1782 et
1215 1754 1317 1782 factum
1328 1758 1382 1782 est.
1393 1754 1528 1782 Prteterea
1543 1755 1670 1790 sequenti
1685 1762 1759 1782 anno
1768 1758 1878 1790 quarta

1081 1799 1254 1832 indictionis,
1270 1800 1446 1828 solemnitate
1459 1805 1561 1828 sanctas
1585 1801 1776 1833 Pentecostes.
1790 1808 1874 1828 coro-

1080 1846 1158 1873 navit
1169 1845 1368 1874 Constantinus
1385 1846 1536 1881 imperator
1552 1846 1673 1874 Leonem
1688 1846 1774 1874 lilium
1790 1855 1873 1874 suum

1081 1891 1278 1926 imperatorem
1290 1899 1340 1927 per
1350 1891 1526 1919 Anastasium
1551 1891 1736 1926 patriarcham
1748 1899 1870 1920 consen-

1081 1940 1193 1964 taneum
1216 1945 1308 1965 suum.

1116 1983 1211 2011 Mundi
1239 1991 1312 2011 anno
1338 1983 1432 2017 6242,
1467 1984 1568 2012 divinae
1595 1984 1795 2013 incarnationis
1823 1993 1878 2013 an-

1081 2036 1119 2056 no
1141 2028 1195 2056 742
1210 2050 1218 2063 ,
1243 2037 1317 2057 anno
1343 2037 1410 2058 vero
1441 2029 1550 2065 imperii
1565 2029 1741 2058 Constantini
1764 2031 1798 2059 to
1813 2031 1877 2059 κα·
1907 2056 1910 2057 ,

1079 2071 1179 2103 hamed
1206 2074 1236 2102 lit
1260 2075 1384 2103 Arabum
1416 2075 1483 2108 dux,
1512 2076 1560 2111 qui
1591 2076 1634 2104 eis
1661 2076 1785 2112 quinque
1801 2084 1875 2112 prze-

1080 2121 1134 2149 fuit
1157 2121 1247 2150 annis.
1266 2120 1368 2149 Eodem
1396 2129 1507 2157 quoque
1522 2130 1596 2150 anno
1623 2123 1779 2151 simultates
1791 2123 1876 2151 Chal-

1080 2166 1207 2195 cidenses
1244 2167 1378 2195 adversus
1418 2167 1617 2204 Maurophoros
1651 2169 1749 2197 Persas
1778 2169 1875 2197 conci-

1081 2216 1221 2246 taverunt,
1252 2217 1279 2240 et
1303 2214 1469 2249 interempta
1493 2218 1611 2243 suntex
1625 2214 1710 2243 eisin
1734 2219 1841 2242 montar
1851 2215 1876 2243 is

1081 2257 1219 2286 Hemessa:
1242 2267 1292 2295 per
1304 2259 1366 2287 illos
1389 2264 1509 2295 quatuor
1533 2259 1630 2287 millia.
1656 2260 1686 2288 id
1703 2260 1794 2296 ipsum
1807 2269 1875 2288 vero

1082 2303 1183 2332 factum
1196 2308 1275 2332 estet
1292 2312 1342 2340 per
1360 2305 1490 2333 Arabiam
1514 2306 1541 2333 in
1556 2305 1704 2334 Chaisinos
1720 2306 1755 2334 ab
1766 2307 1872 2335 eisdem

1082 2347 1184 2375 Persis.
1196 2347 1265 2375 Cum
1285 2354 1378 2376 autem
1389 2355 1472 2385 caput
1487 2350 1629 2378 Maruham
1649 2351 1761 2387 myrrha
1776 2352 1876 2379 condi-

1084 2396 1142 2420 tum
1158 2393 1257 2421 fuisset
1273 2394 1400 2428 allatum,
1427 2395 1523 2430 plures
1537 2403 1552 2423 a
1567 2396 1758 2424 simultatibus
1780 2405 1875 2426 cessa-

1081 2442 1192 2466 verunt.

1117 2484 1198 2512 Anno
1209 2484 1319 2520 imperii
1331 2485 1373 2513 sui
1392 2486 1422 2513 il
1443 2485 1644 2514 Constantinus
1660 2487 1874 2523 Theodosiopo-

1082 2530 1130 2559 lim
1146 2536 1175 2559 et
1189 2531 1345 2559 Melitenam
1358 2533 1480 2568 cepit.et
1491 2533 1704 2568 eaptivosduxit
1715 2534 1875 2562 Armenios.

1082 2577 1246 2606 Theodorus
1261 2584 1386 2614 iquoque
1409 2579 1482 2607 illius
1511 2579 1608 2608 vicarii
1636 2580 1751 2608 minoris
1763 2581 1876 2609 Arabia

1082 2623 1229 2656 oriundus.
1253 2624 1374 2652 obeunte
1398 2625 1573 2653 sanctissimo
1597 2626 1804 2663 Theophylacto
1817 2627 1875 2656 Au-

1083 2670 1192 2698 tiochize
1206 2671 1363 2705 patriarcha
1375 2671 1535 2706 praeﬁcitur,
1548 2672 1596 2707 qui
1611 2679 1659 2700 sex
1670 2672 1782 2708 prefuit
1792 2674 1875 2703 annis

1082 2716 1222 2745 Ecclesiae.

1117 2762 1198 2790 Anno
1223 2763 1330 2797 imperii
1343 2762 1386 2790 sui
1413 2763 1446 2790 12
1459 2762 1658 2791 Constantinus
1672 2763 1773 2798 impius
1785 2764 1874 2800 impe-

1083 2813 1171 2840 rator,
1199 2808 1290 2836 elatus
1313 2816 1408 2841 sensu,
1432 2808 1518 2836 multa
1544 2814 1641 2836 contra
1664 2808 1816 2836 Ecclesiam
1843 2815 1874 2836 et

1081 2855 1264 2883 orthodoxam
1278 2855 1359 2883 lidem
1369 2855 1516 2889 meditans,
1526 2860 1555 2883 et
1566 2855 1675 2884 silentia
1688 2863 1738 2891 per
1748 2855 1873 2891 singulos

1081 2902 1142 2930 dies
1165 2901 1279 2936 faciens,
1308 2902 1442 2938 populum
1465 2901 1499 2931 ad
1517 2908 1630 2930 sensum
1656 2909 1738 2929 suum
1768 2900 1875 2929 inﬂexit
