2052 3153
142 166 207 198 1317

140 223 285 253 infeliciter
297 224 525 259 consectandum,
537 226 658 261 pravius
669 226 771 254 futurae
780 226 930 262 impietatis
945 228 966 256 A

140 272 285 300 exsistens.

125 325 128 332 ι
175 316 255 344 Anno
271 315 379 351 imperii
389 315 562 344 Constantini
574 317 606 344 i5
614 317 775 346 Anastasius
787 318 931 351 scelestus,

141 354 186 397 qui
199 362 330 390 Ecclesia:
347 363 449 390 throno
470 362 783 399 Constantinopolitanae
810 364 931 399 praefuit.

141 413 266 436 mortuus
290 413 333 436 est
362 416 478 444 corpore
499 409 581 436 simul
610 413 639 437 et
665 410 757 438 anima
779 411 932 439 miserabili

140 454 267 490 passione
287 462 349 490 quae
378 454 479 482 dicitur
505 455 676 491 chordapsos
698 456 839 493 fatigatus.
868 466 932 485 eum

140 506 246 529 stercus
261 508 311 537 per
327 502 545 535 osevomuisset,
566 503 677 539 dignam
701 504 848 532 exsolvens
871 504 932 532 vin-

141 547 255 581 dictam,
280 555 331 582 pro
360 547 475 575 audacia
493 549 611 582 scilicet,
636 557 718 584 quam
729 554 826 578 contra
845 549 932 578 Deum

140 598 291 629 contraque
308 593 467 629 magistrum
491 602 573 622 suum
585 595 721 623 exhibuit.

174 639 279 667 Eodem
308 648 419 676 quoque
448 649 521 669 anno
547 645 575 669 et
603 641 805 671 Constantinus
831 642 934 679 impius

141 689 237 712 contra
261 689 370 713 sanctas
390 690 419 713 et
435 686 611 714 venerabiles
636 687 772 723 imagines
785 688 933 716 concilium

141 730 267 766 iniquum
298 730 350 758 338
380 731 574 767 episcoporum
595 733 772 768 congregavit
792 733 820 761 in
832 734 934 770 palatio

141 776 263 808 ﬂicriat.
297 783 415 812 quorum
446 777 554 812 primus
582 780 643 805 erat
672 778 829 813 Ephesinus
861 779 934 806 ﬁlius

140 820 278 857 Apsimari
303 826 331 848 et
346 821 472 848 Pastillas
496 821 652 857 Pergensis.
669 823 716 857 qui
741 823 814 858 apud
828 831 857 851 se
873 832 934 859 quae

141 867 193 895 sibi
226 867 286 894 visa
317 873 383 894 sunt
402 867 634 903 dogmatizarunt.
651 868 728 896 nullo
751 874 887 904 praesente
899 877 933 897 ex

140 915 286 943 catholicis
300 914 425 947 sedibus.
441 901 563 942 liomana
588 915 695 943 scilicet
705 920 734 943 et
746 901 930 949 Antiochena,
946 901 970 930 Β

141 961 327 989 Alexandrina
354 960 413 988 sive
435 960 696 997 llierosolymitana.
723 961 858 996 Aquarto
870 962 933 990 idus

141 1008 308 1036 Februarias
337 1007 503 1043 incipientes
532 1007 754 1043 perduraverunt
784 1015 872 1042 usque
898 1007 932 1035 ad

139 1058 249 1082 sextum
264 1052 327 1080 idus
334 1052 473 1088 Augustas
487 1053 611 1089 ejusdem
623 1052 748 1088 septimae
761 1052 932 1081 indictionis.

141 1099 193 1133 Qui
207 1106 270 1127 cum
297 1099 325 1126 in
341 1098 508 1127 Blachernas
530 1098 578 1126 Dei
594 1098 744 1127 Genitricis
759 1098 853 1126 hostes
869 1106 935 1126 con-

140 1145 306 1177 venissent,
336 1143 460 1172 ascendit
490 1143 696 1172 Constantinus
732 1144 883 1179 imperator
906 1144 934 1171 in

138 1189 299 1221 ambonem,
325 1192 422 1216 tenens
436 1188 653 1216 Constantinum
681 1189 859 1222 monachum,
886 1189 934 1225 qui

140 1233 195 1262 fuit
222 1232 302 1268 Sylmi
331 1233 489 1268 episcopus.
506 1232 576 1260 Cum
600 1238 717 1266 orasset,
743 1241 810 1261 voce
835 1242 934 1269 magna

139 1279 333 1315 pronuntiavit
354 1278 450 1306 dicens
475 1286 482 1306 :
509 1278 686 1306 Constantino
715 1279 861 1307 universali
883 1289 934 1316 pa-

141 1324 269 1353 triarcha
282 1323 378 1351 multos
395 1332 491 1352 annos.
509 1324 543 1351 Et
558 1324 622 1352 dein
640 1324 766 1352 ascendit
784 1325 935 1360 imperator

141 1378 205 1400 cum
220 1370 401 1398 Constantino
412 1370 546 1398 scelerato
558 1371 675 1406 prmsule
703 1374 732 1398 et
748 1371 863 1406 reliquis
876 1371 935 1407 epi-

145 1416 240 1452 scopis
257 1417 358 1450 forum,
372 1421 401 1444 et
415 1416 640 1444 exclamaverunt
659 1416 833 1453 divulgantes
857 1425 935 1445 suam

142 1463 312 1491 cacodoxam
340 1463 468 1490 haeresim
485 1463 513 1492 in
542 1467 692 1498 conspectu
722 1463 807 1491 totius
834 1463 935 1499 plebis,

142 1508 411 1537 anathematizantes
423 1508 591 1537 Germanum
605 1508 807 1537 sanctissimum
829 1514 857 1537 et
868 1509 935 1538 Gre-

141 1555 249 1591 gorium
263 1555 394 1591 Cyprium
412 1554 583 1604 e-t-Joannem
605 1553 823 1590 Chrysorrhoam
843 1556 938 1584 Dama-
949 1572 973 1604 α

142 1608 270 1635 scenum,
284 1605 412 1636 nepotem
422 1600 545 1634 Mansur.
560 1601 632 1628 viros
642 1607 752 1630 sanctos
765 1607 793 1630 et
806 1610 937 1630 reveren-

143 1646 193 1675 dos
204 1646 363 1682 magistros.

178 1687 275 1719 Mundi
289 1699 362 1720 anno
373 1691 455 1724 6246,
467 1691 568 1720 divinae
580 1691 781 1720 incarnationis
791 1700 866 1721 anno
873 1693 937 1727 746,

143 1745 218 1765 anno
244 1745 310 1765 vero
335 1738 445 1773 imperii
470 1737 646 1766 Constantini
666 1738 712 1771 14,
739 1738 939 1767 Constantinus

142 1784 470 1819 Constantinopolitanus
489 1784 608 1812 habetur
623 1782 748 1817 antistes,
768 1784 815 1819 qui
831 1784 864 1811 12
888 1784 939 1813 Ec-

143 1831 236 1858 clesiae
254 1830 367 1865 praefuit
388 1831 478 1858 annis.
498 1829 556 1858 Hoc
579 1838 690 1866 quoque
712 1838 785 1857 anno
800 1829 938 1863 Maumed,

148 1877 192 1913 qui
220 1880 248 1904 et
272 1876 422 1910 Abulabas.
445 1881 574 1904 mortuus
592 1882 645 1910 est,
666 1884 729 1904 cum
749 1876 765 1904 5
783 1877 939 1912 praefuisset

143 1923 238 1952 annis.
255 1923 377 1958 Eratque
395 1923 515 1951 Abdelas
538 1923 622 1951 frater
635 1923 696 1958 ejus
714 1923 742 1950 in
758 1922 863 1950 Machia
877 1923 939 1951 loco

143 1968 324 2004 blasphemia:
338 1969 474 2003 ipsorum.
489 1967 595 1996 Scribit
609 1976 675 2004 ergo
686 1968 874 2000 Abumuslim,
890 1968 938 2003 qui

143 2017 205 2043 erat
221 2014 248 2042 in
265 2014 391 2047 Perside,
414 2014 638 2042 conservandum
657 2014 710 2043 sibi
724 2015 815 2043 locum
833 2015 939 2051 princi-

143 2065 239 2096 patus.
261 2061 333 2087 sicut
349 2060 403 2087 sibi
422 2065 497 2087 sorte
518 2060 609 2088 fuerat
631 2060 791 2096 deputatus.
807 2061 859 2096 Qui
875 2069 939 2089 cum

143 2106 289 2134 didicisset
315 2106 449 2134 Abdelam
476 2105 563 2133 tilium
592 2106 702 2138 llalim,
727 2107 841 2135 fratrem
873 2116 940 2136 vero

142 2151 242 2184 Salim,
258 2158 398 2179 summum
411 2156 558 2186 praetorem
575 2151 670 2188 Syriae.
686 2152 873 2188 principatum
886 2152 940 2181 sibi

143 2197 333 2229 allectantem,
350 2201 378 2224 et
393 2197 562 2225 veniendum
584 2197 618 2225 ad
640 2198 819 2225 obtinendam
840 2198 940 2230 .Persi-

545 168 731 199 HISTORIA
746 168 1038 200 ECCLESIASTICA
1054 170 1107 202 EX
1124 169 1368 202 THEOPHANE.

1704 170 1773 205 1373

980 226 1182 262 Maurophoros
1200 227 1405 255 insnrrexerint
1424 231 1453 255 et
1466 228 1569 257 multos
1583 229 1610 256 in
1628 228 1774 259 Palaestina

981 279 1010 301 et
1020 274 1118 301 Emesa
1129 277 1158 301 et
1174 274 1312 301 maritima
1324 274 1458 309 ceperint,
1471 279 1553 309 atque
1568 275 1595 303 in
1606 283 1655 303 eos
1668 276 1775 304 irruere

983 319 1163 347 meditantem
1176 319 1303 347 cohibuit
1315 328 1378 347 cum
1388 320 1566 347 exercitibus.
1577 320 1612 347 At
1624 320 1671 348 ille
1688 321 1776 349 iratus

980 363 1093 391 Abdelte
1112 364 1146 391 ad
1164 363 1328 391 interiorem
1351 364 1491 392 Persidem
1515 373 1578 392 cum
1596 366 1775 393 multitudine

982 410 1152 445 properavit.
1166 409 1253 443 Quem
1277 418 1341 437 cum
1360 410 1541 438 vehementer
1561 411 1609 438 ille
1626 416 1776 445 metueret,

982 455 1099 483 accersit
1121 463 1185 483 eum
1207 455 1342 484 suasoriis
1363 456 1457 483 verbis
1481 460 1509 484 et
1525 457 1667 492 precibus.
1692 461 1779 492 atque.

983 501 1052 537 ipsis
1073 501 1293 529 exsecrabilibns
1315 502 1449 537 principis
1465 510 1564 530 eorum
1576 503 1708 539 symbolis
1728 503 1778 531 de-

983 547 1105 580 stinatis.
1121 547 1198 582 virga
1211 547 1342 575 videlicet
1353 553 1437 583 atque
1455 548 1590 576 sandaliis
1604 548 1779 584 pseudopro~

983 593 1074 629 pheta
1098 593 1235 626 Maumed.
1248 599 1382 629 expetens
1397 600 1428 622 ut
1446 594 1480 622 ad
1500 603 1530 622 se
1547 595 1591 623 via
1618 595 1703 623 unius
1721 595 1778 622 dici

983 638 1180 672 diverteretur,
1204 644 1342 674 quatenus
1361 640 1386 667 ei
1407 639 1539 667 decentes
1562 641 1714 674 gratiarum
1734 648 1780 668 ac-

985 683 1074 712 tiones
1088 683 1222 711 del'erret.
1240 684 1276 711 At
1289 685 1335 712 ille
1350 684 1484 720 deceptus
1501 685 1577 712 venit
1593 692 1654 712 cum
1665 690 1779 712 centum

984 730 1108 758 millibus
1120 731 1257 766 equitum,
1270 731 1421 766 unitusqne
1432 731 1470 758 illi
1481 732 1618 759 occiditur
1629 731 1664 759 ab
1676 739 1710 759 eo
1721 739 1780 759 ma-

985 774 1068 802 nibus
1083 775 1216 810 propriis.
1233 776 1331 811 sicque
1345 776 1519 810 principatus
1533 775 1646 804 Abdela:
1669 776 1779 803 confer-

986 825 1042 853 tur,
1054 821 1102 855 qui
1118 821 1151 848 2i
1170 821 1309 850 Arabibus
1323 822 1435 857 praefuit
1448 823 1538 850 annis.

1021 867 1101 895 Anno
1126 867 1236 902 imperii
1260 867 1434 895 Constantini
1463 869 1498 896 15
1530 869 1631 896 Paulus
1650 869 1782 896 Romanas

985 913 1059 941 sedis
1077 914 1177 948 praesul
1203 913 1335 940 habetur.
1348 913 1459 941 Nicetas
1476 910 1651 949 Heliopoleos
1666 914 1782 941 anathe-

984 958 1133 985 matizatus
1153 962 1198 986 est
1222 966 1238 985 ι
1267 962 1325 985 tota
1345 958 1479 986 Ecclesia.
1503 959 1657 994 Imperator
1687 963 1782 987 autem

983 1004 1184 1032 Constantinus
1203 1004 1287 1039 Syros
1308 1009 1338 1032 et
1355 1005 1511 1037 Armenios.
1529 1013 1600 1040 quos
1620 1013 1635 1032 a
1649 1005 1780 1032 Theodo-

984 1050 1084 1085 siopoli
1095 1055 1124 1077 et
1140 1050 1270 1077 Helitana
1282 1051 1412 1081 duxerat,
1428 1051 1457 1077 in
1473 1051 1610 1078 Thracem
1622 1052 1781 1087 emigravit,

984 1104 1017 1124 ex
1032 1097 1134 1131 quibus
1144 1097 1227 1123 etiam
1239 1096 1460 1123 Paulicianorum
1473 1102 1515 1124 est
1531 1098 1645 1124 hmresis
1657 1097 1781 1125 dilatata.

986 1140 1119 1169 Similiter
1132 1146 1159 1168 ct
1177 1141 1204 1168 in
1221 1141 1289 1168 urbe
1318 1141 1414 1176 paucis
1430 1150 1488 1176 pra:
1509 1143 1677 1170 mortalitate
1701 1142 1784 1170 factis

985 1186 1188 1214 habitatoribus
1203 1188 1272 1221 ejus.
1287 1187 1366 1214 duxit
1381 1195 1434 1213 una
1452 1195 1514 1214 cum
1534 1188 1655 1219 familiis.
1675 1192 1730 1214 tam
1747 1195 1782 1216 ex

986 1232 1086 1259 insutis
1106 1237 1136 1260 et
1161 1233 1273 1261 Hellade
1289 1240 1371 1267 quam
1393 1241 1426 1260 ex
1449 1234 1630 1261 interioribus
1644 1234 1781 1269 partibus,

986 1277 1081 1312 sicque
1102 1277 1200 1305 urbem
1224 1277 1352 1307 habitare
1368 1278 1445 1312 fecit,
1460 1286 1544 1313 quam
1558 1283 1586 1307 et
1608 1279 1782 1307 condensam

986 1323 1120 1351 reddidit.

1021 1369 1127 1397 Eodem
1151 1377 1265 1405 quoque
1288 1378 1362 1399 anno
1386 1371 1520 1406 quaesiere
1546 1372 1680 1407 Volgares
1701 1376 1783 1406 pacta

986 1420 1101 1451 propter
1113 1419 1203 1443 castra
1222 1424 1285 1451 qua:
1298 1421 1460 1444 constructa
1483 1416 1605 1444 fuerant.
1620 1416 1669 1444 Ast
1692 1415 1782 1451 impe-

987 1466 1080 1488 ratore
1096 1461 1308 1496 apocrisiarium
1325 1468 1422 1489 eorum
1437 1461 1638 1489 debonestante
1652 1460 1784 1488 exierunt

987 1506 1136 1540 hostiliter,
1146 1510 1174 1533 et
1198 1513 1287 1541 usque
1304 1506 1339 1533 ad
1359 1505 1484 1541 Longum
1506 1514 1617 1534 murum
1633 1509 1782 1538 venerunt.

988 1557 1017 1582 et
1029 1553 1118 1581 multo
1132 1552 1241 1581 excidio
1253 1556 1413 1588 perpetrato
1429 1552 1509 1580 illast
1525 1553 1630 1581 reversi
1643 1556 1718 1579 sunt.
1767 1565 1769 1568 ι

1025 1601 1106 1629 Δηιιο
1127 1600 1235 1636 imperii
1252 1600 1427 1629 Constantini
1443 1599 1477 1627 16
1494 1604 1575 1627 terra
1592 1604 1685 1627 motus
1709 1598 1784 1626 haud

988 1647 1115 1675 modicus
1138 1646 1227 1674 iactus
1242 1652 1286 1674 est
1308 1646 1337 1673 in
1353 1646 1507 1680 .Pakestina
1518 1650 1547 1674 et
1567 1646 1646 1682 Syria
1664 1646 1785 1681 septimo

988 1693 1052 1721 idus
1066 1693 1193 1725 Martias;
1206 1697 1235 1720 et
1248 1692 1328 1720 exsul
1340 1692 1431 1719 iactus
1446 1696 1490 1719 est
1505 1692 1669 1719 Theodorus
1683 1691 1782 1718 Antio-

988 1739 1060 1767 ehias
1083 1738 1252 1774 patriarcha.
1276 1738 1383 1765 invidia
1401 1737 1551 1772 derogatus
1566 1736 1622 1772 (80)
1647 1736 1784 1768 Arabum,

989 1785 1062 1820 quod
1077 1784 1178 1812 crebro
1198 1783 1358 1818 imperatori
1373 1782 1558 1811 Constantino
1577 1789 1675 1809 ausas
1687 1788 1787 1809 eorum

989 1839 1039 1866 per
1061 1830 1169 1857 litteras
1193 1829 1338 1856 indicaret.
1363 1829 1398 1855 Et
1415 1828 1450 1855 de
1475 1833 1575 1855 cetero
1596 1827 1683 1855 Salim
1709 1827 1786 1855 hunc

990 1877 1113 1905 exsulem
1131 1875 1208 1908 iecit,
1225 1875 1339 1903 mittens
1352 1882 1417 1902 eum
1435 1875 1464 1902 in
1480 1874 1677 1901 Mobabitidem
1693 1874 1787 1910 regio-

991 1932 1067 1956 nem.
1087 1923 1207 1959 patriam
1224 1930 1315 1950 suam.
1330 1922 1521 1957 Praecepitque
1537 1921 1611 1949 idem
1629 1921 1701 1948 Aiim
1724 1928 1783 1949 non

989 1969 1194 1998 construendas
1199 1976 1284 1997 novas
1292 1969 1424 1997 ecclesias
1433 1977 1486 1997 nec
1496 1976 1607 1997 crucem
1621 1967 1784 2000 videndam.

989 2016 1038 2045 sed
1055 2024 1148 2052 neque
1161 2016 1196 2044 de
1219 2016 1274 2043 iide
1290 2025 1306 2043 a
1320 2015 1480 2044 Christiano
1500 2023 1565 2043 cum
1582 2014 1721 2042 Arabibus
1735 2013 1787 2041 do-

989 2065 1207 2102 gmatizandum.
1225 2066 1314 2093 Porro
1328 2064 1482 2092 exercitum
1495 2063 1583 2091 movit
1599 2062 1672 2090 idem
1690 2066 1787 2089 contra

990 2112 1154 2141 Romanius
1166 2119 1229 2139 cum
1246 2111 1283 2139 80
1295 2111 1430 2143 millibus,
1448 2114 1477 2138 et
1490 2109 1609 2138 veniens
1632 2108 1660 2135 in
1677 2107 1787 2143 Cappa-

993 2159 1103 2187 dociam
1117 2157 1224 2186 audivit
1244 2156 1457 2185 Constantinum
1473 2155 1607 2183 adversus
1625 2162 1656 2182 se
1671 2154 1788 2181 venien-

992 2209 1049 2233 tem
1067 2209 1216 2236 armatnm.
1234 2208 1262 2232 et
1272 2203 1390 2231 territus
1410 2201 1536 2230 inetiicax
1550 2200 1704 2237 repedavit,
1718 2200 1789 2227 nihil

124 2256 128 2259 -
144 2243 221 2275 dem.
238 2242 489 2279 adversantcmquc
507 2243 610 2277 Persis,
629 2248 657 2271 et
674 2243 813 2272 faventem
832 2244 877 2272 bis
893 2245 942 2280 qui
955 2242 982 2272 D
995 2251 1190 2287 depopuhms,
1203 2250 1259 2278 nisi-
1269 2249 1343 2284 quod
1361 2249 1460 2284 paucis
1473 2247 1614 2275 Armeniis
1624 2246 1659 2274 ad
1675 2253 1706 2274 se
1722 2253 1790 2273 con-

144 2292 225 2317 erant
253 2289 339 2325 Syriae
365 2289 469 2325 quique
490 2290 697 2318 auxiliabantur
720 2290 766 2325 ei.
798 2292 942 2320 concitatis

144 2334 317 2363 exercitibus
336 2335 395 2363 suis
410 2336 571 2372 aggreditur
584 2344 648 2364 eum
668 2336 741 2372 apud
764 2337 897 2370 Nitzibin,
913 2342 943 2366 et

145 2380 222 2408 victo
235 2387 270 2407 eo
285 2379 461 2408 Abumuslim
484 2382 588 2408 multos
606 2382 725 2417 peremit
739 2390 746 2409 :
769 2387 849 2410 erant
865 2383 941 2410 enim

146 2427 243 2462 plures
265 2434 299 2454 ex
323 2426 369 2454 bis
391 2426 484 2454 Sclavi
499 2430 527 2454 et
548 2426 726 2455 Autiocheni.
753 2428 802 2456 Ast
822 2429 942 2456 Abdclas

145 2473 223 2501 solus
238 2473 333 2501 salvus
351 2480 498 2501 remanens
510 2476 573 2508 post
592 2480 695 2508 paucos
709 2473 769 2501 dies
787 2474 867 2509 petiit
882 2482 943 2502 ver-

147 2520 214 2548 bum
231 2520 358 2556 accipere
381 2520 417 2548 ab
440 2520 528 2547 altero
554 2519 670 2553 Abdela.
698 2519 784 2547 fratre
805 2519 943 2555 Maumed,

147 2564 280 2593 veniente
303 2565 330 2593 in
352 2565 494 2593 Persidem
517 2565 610 2593 studio
626 2565 713 2592 multo
730 2573 745 2593 a
762 2565 868 2599 )lacha,
887 2574 942 2602 quo

148 2611 177 2639 in
189 2611 358 2640 domuncula
372 2612 528 2647 putrefacta
543 2616 653 2640 retruso
664 2612 749 2640 eﬂ'odi
764 2612 943 2641 fundamenta

148 2659 314 2694 pracipiens
328 2659 403 2687 hunc
415 2658 485 2686 clam
499 2658 651 2686 interfecit.
668 2658 754 2686 Porro
769 2658 943 2687 Abumuslim

149 2704 301 2733 furientcm
323 2705 457 2734 adversus
471 2705 576 2734 Arabes
596 2705 681 2742 Syria:
702 2714 753 2741 pro
774 2714 807 2734 eo
824 2706 898 2742 quod
915 2707 944 2734 in

995 2296 1150 2325 liuentibus
1164 2295 1316 2330 assumptis
1326 2301 1458 2321 reversus
1472 2297 1526 2320 est.

1030 2342 1111 2370 Anno
1119 2340 1229 2376 imperii
1244 2338 1421 2367 Constantini
1438 2338 1472 2365 i7
1486 2337 1608 2365 Abdelas
1620 2336 1789 2364 tributorum

994 2388 1130 2415 rationem
1162 2385 1329 2413 Christianis
1351 2383 1505 2418 ampliavit.
1534 2383 1603 2411 adeo
1631 2387 1662 2410 ut
1690 2389 1790 2410 omnes

995 2432 1147 2462 monachos
1159 2436 1188 2459 et
1199 2431 1339 2459 inclausus
1347 2435 1434 2465 atque
1448 2429 1576 2461 cionitas,
1588 2429 1636 2464 qui
1650 2429 1707 2456 Deo
1717 2428 1791 2456 bene

995 2478 1106 2514 placere
1129 2477 1327 2508 noscebantur,
1348 2476 1401 2504 sub
1424 2476 1538 2504 tributis
1564 2475 1715 2511 redigeret.
1743 2473 1789 2501 Si-

994 2522 1090 2559 gnavit
1110 2526 1205 2550 autem
1217 2521 1399 2550 ecclesiarum
1417 2520 1613 2552 cimiliarcbia,
1636 2524 1668 2548 et
1691 2518 1789 2546 eduxit

996 2568 1170 2597 Hebraeosad
1181 2567 1396 2596 venundandam
1407 2567 1462 2600 illa,
1469 2572 1497 2595 et
1507 2571 1636 2595 emerunt
1643 2573 1676 2593 ea
1684 2564 1789 2592 liberti.

994 2648 997 2651 ξ
1031 2615 1111 2642 Anno
1141 2613 1254 2649 imperii
1279 2612 1323 2641 sui
1346 2613 1381 2640 18
1408 2612 1611 2641 Constantinus
1636 2610 1789 2639 Scluvinias

994 2668 1081 2696 penes
1106 2659 1296 2687 Macedoniam
1321 2658 1427 2694 positas
1440 2657 1589 2693 captivavit
1611 2661 1641 2685 et
1665 2656 1789 2690 reliquos

995 2707 1164 2745 subjugavit.
1188 2706 1293 2735 Eodem
1314 2714 1381 2734 vero
1398 2713 1471 2734 anno
1493 2704 1606 2740 quidam
1619 2712 1654 2732 ex
1676 2703 1790 2731 Mauro-

916 2775 1033 2807 NOT/E.

186 2821 242 2857 (80)
263 2821 421 2857 Derogatus.
432 2821 596 2857 διαϐληθείς.
612 2821 682 2857 Hist.
703 2821 767 2857 trip.
779 2821 814 2849 32
829 2830 836 2848 :
851 2831 861 2848 ‹
876 2830 939 2850 cre-

152 2857 220 2893 dens
228 2856 452 2893 derogatiouibus
460 2856 533 2893 his.)
546 2856 617 2893 Non.
626 2856 938 2893 detraheretderogare.

151 2891 253 2921 Gloss:
265 2891 385 2920 Dosithci
407 2892 549 2920 mauistri:
569 2891 693 2927 derogat,
705 2891 837 2925 detrahit,
861 2891 939 2921 oblo-

990 2811 1095 2860 quitur.
1111 2824 1252 2860 Goﬂ'ridus
1264 2823 1350 2860 abbas
1368 2821 1484 2860 Vindoc.
1497 2821 1577 2856 epist.
1595 2819 1671 2860 ""29
1685 2827 1692 2845 :
1708 2828 1716 2844 ι
1732 2825 1788 2846 nec

991 2855 1116 2897 pontiuci
1131 2860 1204 2889 sicut
1220 2858 1304 2887 Maria
1320 2857 1406 2894 Moysi
1419 2855 1595 2892 derogarent.
1613 2855 1693 2882 FAllt.
1713 2863 1725 2880 ι
