2052 3153
244 157 313 191 ῙἾἸο

772 151 973 183 ANASTASII
991 142 1307 181 BI'BLIO’I'HECARii

1798 128 1886 173 ‘1380

243 214 340 248 phoris
359 212 462 244 Persis,
482 217 547 239 cum
568 209 680 244 magica
702 207 845 243 religionis
859 212 965 240 essent,
985 206 1035 233 de-

1101 217 1219 244 nulieres
1236 224 1243 243 :
1262 209 1421 242 manserant
1436 214 1512 241 enim
1531 220 1564 240 cx
1583 212 1624 239 eis
1639 211 1666 239 in
1685 210 1768 238 domo
1786 209 1814 237 in
1829 218 1887 245 qua

244 259 373 294 eeptione
388 257 494 286 detenti
510 255 626 286 diaboli,
638 253 794 282 venundata
810 253 965 281 substantia
987 259 1037 280 sua

203 296 207 301 ’
243 305 312 333 nudi
333 312 416 339 supra
431 310 526 331 muros
541 301 721 329 ascendentes
730 299 914 335 projiciebant
934 302 1038 326 semet-

245 351 331 387 ipsos,
345 350 383 377 ita
397 354 426 377 ut
441 357 471 377 se
484 349 577 376 volare
594 348 621 375 in
641 346 742 374 omium
753 345 975 377 arbitrarentur;
991 343 1038 379 qui

246 397 315 425 nihil
338 396 448 425 ratione
471 395 586 430 dignum
608 393 692 421 sortis
706 393 781 420 illius
802 392 946 423 habentes,
962 395 1039 418 artus

246 443 429 471 conterebant
449 441 484 469 ad
514 441 569 468 ima
588 439 719 467 demersi.
735 439 858 472 Quorum
887 438 1038 470 sexdecim,

246 497 295 517 eos
311 489 454 517 dumtaxat
468 487 515 522 qui
538 487 565 514 in
583 493 678 514 errore
694 484 903 520 praminebant,
920 483 1040 511 Abdelas

248 543 299 570 per
310 534 395 562 Salim
411 533 550 561 interfecit
561 532 588 559 in
603 531 701 559 Berea
717 535 746 558 et
761 529 903 557 Chalcide.

283 581 363 608 Anno
379 579 488 615 imperii
505 577 679 606 Constantini
697 577 731 605 19
751 576 855 603 invidia
867 575 1041 603 Christianos

251 617 456 662 prohibuerunt
479 625 584 652 Arabes
600 632 616 651 a
644 623 764 658 publicis
784 622 980 650 chartothesiis
1007 621 1041 648 ad

252 673 392 702 modicum
406 676 526 706 tempus.
541 670 594 698 Sed
607 677 705 697 rursus
716 669 804 697 coacti
815 668 990 696 committunt
1001 667 1043 695 eis

250 718 350 746 eadem
365 718 435 753 ipsa,
452 725 485 745 eo
496 716 572 752 quod
587 723 643 744 non
658 716 766 750 possint
781 715 833 750 ipsi
850 714 973 742 scribere
986 714 1042 741 cal-

251 764 422 795 culationes,
452 763 582 797 aciesque
613 761 776 789 direxerunt
802 761 912 788 multas.
937 760 990 788 Sed
1015 763 1044 787 et

253 810 366 839 Paulum
385 813 531 844 praetorem
555 809 783 836 Armeniacorum
804 808 907 835 bellum
932 811 1043 843 agentes

251 855 325 890 apud
334 855 432 884 Melum
442 858 622 889 peremerunt
633 862 696 882 cum
706 854 845 882 exercitus
854 846 1042 886 multitudine,

253 909 361 929 necnon
379 905 409 928 ct
436 900 471 928 42
488 900 611 935 insignes
629 900 704 927 viros
720 900 829 927 vinctos
848 899 997 932 duxerunt,
1017 904 1046 926 et

252 946 343 981 capita
360 946 456 974 multa.
477 946 630 981 Imperator
643 951 735 973 autem
751 946 904 973 exercitum
921 946 1006 973 movit
1018 946 1045 972 in

253 993 423 1028 Vulgariam,
434 996 464 1020 et
477 992 593 1020 veniens
606 991 634 1019 in
649 992 808 1027 Veregaban
822 991 855 1018 ad
878 991 1045 1023 clausuram,

243 1038 366 1073 ,obviam
378 1037 406 1065 ei
421 1038 555 1072 Vulgares
564 1037 738 1064 advenerunt
750 1041 778 1064 et
792 1036 894 1064 multos
908 1037 1047 1064 exercitus

255 1083 316 1118 ejus
334 1083 556 1116 trucidaverunt,
569 1083 597 1111 in
611 1083 713 1118 quibus
727 1087 755 1110 et
764 1083 884 1110 Leonem
900 1083 1046 1118 patricium

254 1133 441 1164 etpraetorem
457 1129 682 1161 Thracesiorum,
700 1132 729 1155 et
739 1128 823 1155 alium
836 1128 956 1155 Leonem
971 1128 1047 1164 logo-

250 1176 360 1204 rthetam
372 1182 481 1208 cursus,
498 1179 527 1202 et
542 1175 675 1210 populum
692 1175 821 1208 multum,
834 1182 866 1202 ac
883 1178 1049 1210 acceperunt

257 1229 335 1250 arma
350 1229 463 1255 eorum;
483 1226 513 1250 et
535 1222 576 1249 sic
595 1221 742 1249 inhoneste
755 1220 859 1249 reversi
878 1226 944 1249 sunt
962 1221 1051 1256 impe-

258 1273 334 1296 rator
343 1271 375 1296 et
387 1268 431 1295 sui
446 1268 495 1303 qui
509 1272 715 1296 remanserunt.

294 1313 376 1341 Anno
396 1314 506 1349 imperii
529 1313 702 1341 Constantini
723 1313 758 1341 20
783 1313 872 1341 factus
897 1317 940 1341 est
971 1319 1051 1341 error

248 1359 382 1392 Passim.
393 1364 422 1388 et
436 1359 581 1387 orthodoxi
594 1359 707 1394 quidem
717 1359 744 1387 in
757 1358 872 1387 Oriente
882 1363 980 1387 octavo
988 1359 1052 1386 idus

259 1405 381 1440 Aprilias
395 1405 501 1433 Pascha
515 1405 737 1438 celebraverunt,
750 1410 779 1433 at
792 1412 858 1433 vero
870 1405 980 1433 erronei
996 1405 1052 1432 has-

260 1452 340 1479 retici
355 1452 417 1480 idus
427 1452 560 1487 Aprilias.

297 1499 401 1526 Eodem
416 1506 490 1526 anno
505 1498 666 1526 translatum
674 1502 717 1525 est
723 1501 808 1532 caput
819 1497 849 1525 Β.
860 1496 973 1525 Joannis
983 1489 1053 1532 prae-

1090 267 1145 290 tres
1156 263 1255 290 fratres
1271 260 1431 292 manebant,
1448 263 1477 286 et
1490 258 1642 286 voluerunt
1661 263 1763 284 uxores
1785 262 1887 282 eorum

1089 309 1118 338 in
1141 309 1256 345 pelagus
1278 308 1379 344 jacere.
1408 305 1559 341 Surgentes
1583 307 1676 331 autem
1698 307 1756 330 tres
1784 301 1890 329 fratres

1091 355 1256 384 occiderunt
1283 359 1311 381 et
1334 353 1490 381 obruerunt
1508 351 1580 383 illos,
1601 349 1650 377 sed
1674 353 1703 376 et
1728 347 1890 377 coacervati

1090 401 1252 429 occiderunt
1261 400 1344 428 etiam
1362 399 1493 434 reliquos.
1504 397 1611 425 Etcum
1625 395 1750 428 misisset,
1758 394 1892 422 Selichus

1091 448 1214 479 militias,
1237 445 1431 474 fraudulenter
1446 451 1548 472 venere
1563 451 1648 478 super
1670 441 1744 474 illos,
1761 446 1790 469 et
1811 448 1892 469 com-

1091 494 1238 530 prehensis
1261 492 1302 520 eis
1326 491 1450 527 patibulo
1470 490 1677 526 suspenderunt
1696 494 1752 516 tres
1774 488 1891 520 fratres,

1091 543 1120 567 et
1140 538 1243 566 multos
1266 538 1334 565 alios
1357 536 1530 565 occiderunt.
1553 536 1641 563 Porro
1662 534 1809 562 festivitate
1835 533 1893 561 Pa-

1092 585 1180 613 schali
1196 585 1340 619 ingressus
1354 588 1396 610 est
1411 582 1445 610 ad
1459 586 1582 610 sanctam
1594 581 1739 608 collectam
1748 580 1777 607 in
1790 579 1894 607 catho-

1092 630 1145 658 lica
1167 629 1302 657 Ecclesia.
1331 629 1456 663 Cumque
1493 626 1724 662 metropolitanus
1742 625 1893 659 episcopus

1093 681 1206 709 astarct,
1217 682 1245 704 et
1256 676 1425 704 exclamaret
1437 681 1514 701 more
1527 673 1609 700 solito
1617 671 1673 699 Deo
1687 670 1800 699 dicens:
1813 669 1892 697 Plebs

1096 723 1166 750 enim
1179 727 1226 749 tua
1242 726 1265 748 et
1279 720 1398 748 Ecclesia
1411 724 1457 746 tua
1469 719 1602 754 supplicat
1614 722 1638 744 te
1651 717 1718 753 (8|),
1733 716 1894 744 eduxerunt

1094 775 1156 795 eum
1172 770 1200 794 et
1223 766 1396 794 incluserunt
1415 765 1442 791 in
1460 771 1585 796 carcere,
1602 767 1630 790 et
1650 762 1722 790 alius
1740 761 1893 797 complevit

1095 819 1218 841 sanctam
1228 813 1383 843 collectam,
1399 815 1427 838 et
1444 811 1535 838 factus
1549 814 1592 837 est
1606 809 1690 837 timor
1707 816 1842 844 magnus;
1863 812 1894 835 et

1094 859 1147 885 nisi
1160 856 1335 892 metrOpolila
1349 855 1504 884 moralitale
1520 863 1553 883 ac
1569 853 1723 882 humilibus
1732 853 1826 881 verbis
1841 853 1895 881 mi-

1097 904 1208 940 tigassct
1220 911 1294 935 cum,
1308 903 1411 929 malum
1425 901 1549 937 profecto
1568 901 1665 936 ingens
1679 900 1749 927 hora
1765 900 1810 927 illa
1827 907 1895 927 con-

1097 955 1268 979 summatum
1297 949 1405 977 fuisset.
1429 948 1496 976 Erat
1521 952 1613 975 autem
1640 947 1686 975 hic
1715 947 1895 974 beatissimus

1097 997 1271 1025 Anastasius.

1130 1043 1232 1071 Eodem
1250 1049 1361 1077 quoque
1381 1049 1454 1070 anno
1469 1046 1497 1070 et
1512 1040 1713 1069 Constantinus
1730 1043 1895 1076 persecutor

1097 1088 1234 1116 Andream
1258 1086 1467 1114 memorabilem
1491 1085 1669 1123 monachum,
1686 1084 1733 1119 qui
1749 1083 1895 1111 dicebatur

1098 1132 1247 1168 Calybites,
1261 1130 1334 1167 apud
1357 1130 1525 1158 Blachernas
1539 1129 1631 1166 ﬂagris
1645 1129 1673 1156 in
1692 1128 1896 1164 Hippodromio

1099 1178 1129 1206 S.
1146 1178 1240 1205 Mamaz
1255 1176 1383 1212 peremit.
1399 1175 1612 1212 redarguentem
1634 1175 1805 1210 impietatem
1821 1174 1892 1209 ejus,

1099 1228 1129 1252 et
1140 1222 1399 1251 Valentinianistam
1415 1230 1447 1250 ac
1458 1222 1601 1256 Iulianum
1613 1221 1798 1256 appellantem
1811 1227 1893 1253 eum;

1100 1277 1183 1305 quem
1199 1274 1228 1298 et
1251 1269 1279 1297 in
1299 1269 1416 1297 rheuma
1439 1269 1525 1296 maris
1542 1267 1641 1304 jactari
1665 1267 1808 1303 prmecpit,
1840 1266 1895 1294 nisi

1101 1323 1211 1344 sorores
1231 1315 1291 1351 ejus
1316 1314 1392 1342 hunc
1407 1314 1547 1349 rapientes
1572 1313 1599 1340 in
1621 1310 1748 1348 emporio
1767 1311 1896 1339 Leucadii

1102 1363 1277 1399 sepeliSSent.

1138 1409 1218 1436 Anno
1234 1407 1342 1444 imperii
1362 1406 1536 1435 Constantini
1551 1406 1588 1433 ‘22
1604 1400 1733 1442 apparuit
1749 1405 1856 1433 dociles
1868 1405 1897 1433 in

1098 1455 1226 1488 Oriente,
1239 1458 1267 1483 ct
1289 1454 1454 1483 interfectus
1470 1458 1512 1482 est
1528 1453 1601 1481 filius
1621 1452 1764 1480 Phatimm.
1782 1453 1817 1479 At
1829 1459 1900 1479 vero

1101 1502 1237 1537 angares
1252 1501 1429 1537 insurgentes
1442 1500 1608 1529 occiderunt
1629 1499 1756 1527 dominos
1772 1506 1839 1526 suos
1862 1498 1898 1527 ad

261 1543 385 1571 cursoris
404 1548 487 1578 atque
513 1543 644 1578 Baptistae
666 1551 681 1570 a
703 1543 873 1571 monasterio
902 1543 1000 1579 Spelasi
1024 1542 1050 1571 in

1105 1555 1133 1575 se
1147 1548 1174 1575 in
1197 1548 1266 1575 iram
1282 1547 1433 1580 derivatos,
1444 1551 1473 1575 et
1493 1550 1652 1574 statuerunt
1665 1546 1755 1573 virum
1774 1545 1901 1572 insensa-

252 1589 397 1624 “templum
415 1597 496 1617 suum
514 1589 542 1616 in
569 1589 798 1616 Emesenensium
821 1588 933 1617 civitate
956 1589 1051 1622 situm,

254 1641 327 1662 .cum
343 1637 418 1662 esset
432 1633 559 1666 illustre;
571 1639 600 1661 et
611 1633 761 1661 descensus
773 1634 925 1662 aediﬁcatus
937 1638 988 1662 est.
1000 1635 1054 1663 Ubi

264 1687 353 1715 usque
374 1679 456 1708 hodie
476 1687 492 1707 a
516 1679 646 1707 ﬁdelibus
664 1679 809 1707 adoratum
825 1679 901 1708 omni
919 1679 1054 1707 suavitate

263 1725 403 1761 corporali
418 1725 525 1754 scilicet
538 1734 571 1754 ao
591 1726 730 1762 spirituali
749 1724 904 1754 honoratur
912 1726 1010 1759 odore,
1026 1731 1055 1754 et

262 1780 396 1801 emanns
413 1772 533 1800 eﬁundit
551 1772 682 1801 omnibus
702 1772 844 1805 sanitates,
860 1772 906 1808 qui
929 1772 981 1800 fide
1006 1771 1054 1800 fla-

255 1824 377 1856 grantes
387 1823 550 1847 occurrunt.

300 1865 461 1900 Eodemque
483 1871 561 1892 anno
579 1863 688 1891 docites
711 1863 865 1891 clarissima
891 1863 918 1890 in
942 1863 1056 1892 Oriente

261 1912 394 1948 apparuit
417 1920 468 1947 per
491 1911 525 1939 10
555 1911 626 1943 dies,
649 1914 678 1938 et
699 1909 800 1938 iterum
824 1910 858 1938 ad
877 1911 1055 1939 Occidentem

262 1958 365 1988 diebus
375 1958 421 1985 21.
436 1957 553 1991 Quidam
566 1964 635 1985 vero
650 1956 744 1992 Syrus,
756 1956 920 1990 Theodorus
931 1956 1055 1988 nomine,

265 2004 409 2033 Eibanites
421 2003 496 2031 circa
520 2002 662 2038 regionem
679 2001 863 2037 Heliopole‘os,
882 2010 944 2038 qua
958 2006 1002 2030 est
1020 2002 1056 2030 ad

265 2051 421 2084 Libanum,
453 2050 586 2078 adversus
611 2049 716 2077 Arabes
747 2049 914 2081 insurrexit,
939 2054 968 2076 et
993 2056 1056 2077 cum

266 2097 369 2126 bellum
395 2097 527 2124 movisset
552 2096 582 2125 in
605 2103 666 2126 eos,
691 2095 853 2124 ceciderunt
875 2103 910 2122 ex
932 2095 1057 2130 utrisque

267 2144 347 2171 multi
361 2152 369 2170 :
387 2142 539 2170 novissime
554 2149 621 2169 vero
641 2145 716 2176 terga
733 2145 763 2169 et
782 2141 841 2177 ipse
857 2145 969 2170 vertens
983 2142 1057 2170 etfu-

267 2189 317 2224 git,
333 2193 362 2216 et
378 2188 524 2220 Libanitre.
542 2187 589 2222 qui
606 2195 670 2214 cum
689 2187 750 2222 ipso
767 2192 858 2220 erant,
878 2195 976 2216 omnes
992 2191 1057 2216 sunt

1105 1599 1163 1621 tum
1186 1593 1300 1621 nomine
1324 1591 1460 1626 Zeletzin,
1491 1591 1526 1620 50
1550 1600 1614 1620 cum
1649 1595 1724 1619 esset
1750 1597 1900 1618 annorum.

1104 1639 1183 1667 Multi
1211 1645 1345 1675 praeterea
1369 1638 1460 1666 Sclavi
1483 1638 1622 1675 fugientes
1642 1638 1677 1666 ad
1701 1638 1899 1673 imperatorem

1105 1684 1309 1718 conﬂuxerunt,
1324 1693 1395 1720 quos
1407 1685 1552 1713 constituit
1566 1693 1650 1720 super
1661 1685 1804 1712 Artanam.
1815 1684 1902 1712 Porro

1076 1758 1081 1763 ,
1106 1731 1140 1759 l6
1161 1731 1301 1759 Kalendas
1319 1731 1406 1759 Iulias
1430 1730 1517 1758 exivit
1537 1730 1688 1766 imperator
1701 1730 1729 1758 in
1752 1730 1900 1762 Thracem.

1106 1778 1191 1806 misso
1206 1785 1318 1814 quoque
1331 1777 1442 1813 navigio
1453 1785 1504 1813 per
1517 1776 1656 1805 Euxinum
1672 1781 1799 1812 pontum,
1814 1783 1902 1811 usque

1106 1824 1140 1851 ad
1151 1823 1202 1852 800
1215 1824 1361 1852 chelandia
1381 1823 1500 1852 ferentia
1513 1821 1658 1851 duodenos
1670 1830 1767 1858 equos.
1782 1823 1819 1860 At
1836 1830 1902 1850 vero

1103 1869 1235 1903 Zelctzis,
1246 1870 1340 1897 audita
1352 1873 1448 1897 contra
1460 1877 1490 1897 se
1503 1873 1556 1896 tarn
1568 1877 1617 1904 per
1635 1873 1737 1896 terram
1750 1876 1834 1903 quam
1852 1875 1903 1903 per

1106 1925 1182 1945 mare
1197 1917 1268 1944 facta
1290 1916 1485 1950 commotione,
1503 1915 1690 1951 assumpsitin
1711 1914 1844 1942 auxilium
1869 1921 1903 1942 ex

1107 1962 1296 1998 adjacentibus
1316 1961 1370 1989 sibi
1393 1960 1556 1990 nationibus
1577 1960 1614 1988 20
1637 1959 1734 1992 millia,
1755 1964 1783 1987 et
1805 1958 1851 1987 his
1875 1959 1902 1986 in

1108 2009 1312 2037 munitionibus
1327 2007 1491 2036 constitutis
1510 2015 1539 2036 se
1556 2011 1669 2036 cautum
1690 2011 1718 2034 et
1734 2005 1903 2041 intrepidum

1108 2056 1240 2085 reddidit.
1252 2056 1302 2084 Ast
1311 2056 1463 2091 imperator
1470 2063 1533 2083 cum
1543 2055 1675 2086 venisset,
1683 2058 1774 2086 castra
1785 2057 1905 2081 metatus

1107 2101 1189 2130 estin
1204 2108 1301 2137 campo
1320 2100 1465 2134 Anchiali;
1482 2105 1510 2128 et
1531 2100 1621 2136 pridie
1633 2099 1694 2127 Kal.
1707 2099 1794 2127 Julias
1810 2099 1906 2134 prima

1108 2148 1278 2180 intlictionis,
1291 2147 1357 2175 feria
1367 2147 1473 2183 quinta,
1489 2146 1607 2174 Zeletzis
1621 2146 1751 2181 apparuit
1760 2154 1823 2173 cum
1835 2146 1906 2173 mul-

1109 2194 1229 2222 titudine
1239 2194 1361 2230 gentium
1372 2193 1687 2227 veniens,ineuntesque
1699 2192 1802 2220 bellum
1812 2193 1907 2220 conci-

267 2234 436 2269 interempti.
459 2234 548 2262 Facta:
570 2237 663 2261 autem
678 2237 743 2260 sunt
766 2237 796 2261 et
821 2233 850 2261 in
872 2233 965 2262 Africa
980 2235 1050 2262 sedi-

1107 2241 1176 2276 dunt
1192 2240 1297 2267 diutius
1314 2239 1552 2267 invicem.VeruIn
1569 2238 1688 2266 Zeletzis
1706 2243 1782 2274 terga
1796 2244 1907 2268 vertent

269 2282 359 2310 tiones
379 2285 408 2309 et
436 2281 518 2313 bella,
546 2281 630 2308 solari
654 2279 752 2315 eclipsi
779 2280 850 2308 facta
871 2281 905 2308 18
921 2281 1056 2309 Kalendas

263 2327 466 2363 «Septembrias,
481 2326 549 2354 feria
566 2326 593 2360 6,
609 2326 677 2354 hora
688 2325 734 2353 10.
748 2326 834 2353 Porro
849 2326 1059 2355 insurrexerunt

268 2373 381 2409 quidam
408 2381 443 2402 ex
467 2372 660 2407 Haurophoris
687 2373 759 2407 apud
790 2372 909 2406 Dabcro,
937 2372 1061 2400 dicentes

269 2420 357 2448 ﬁlium
370 2419 571 2455 protosymboli
587 2418 669 2446 deum
689 2423 720 2445 ut
741 2418 909 2446 nutritorem
922 2426 1014 2451 suum,
1033 2423 1064 2446 et

270 2468 446 2504 protulerunt
459 2466 558 2501 dogma
573 2465 744 2500 huiusmodi,
759 2469 788 2493 et
800 2464 972 2493 introierunt
987 2465 1065 2493 Mau-

269 2513 384 2548 rophori
407 2513 520 2541 domum
535 2513 642 2540 erroris
664 2512 719 2544 sui,
741 2516 771 2539 et
796 2511 959 2540 occiderunt
978 2512 1065 2539 clavi-

268 2567 352 2595 geros
364 2567 481 2587 numero
491 2558 537 2587 60.
554 2559 587 2586 Et
602 2559 732 2586 exierunt
745 2558 858 2593 quidam
876 2558 902 2585 in
917 2558 1064 2592 Basrason,

267 2613 300 2635 et
323 2608 533 2643 captivaverunt
557 2607 669 2639 multos,
693 2611 722 2635 et
745 2606 878 2642 pecunias
899 2614 1062 2635 numerosas

270 2659 462 2690 sumpserunt.

307 2701 388 2729 Anno
404 2700 514 2736 imperii
532 2699 708 2729 Constantini
731 2700 763 2727 2i
789 2699 952 2728 seditionem
968 2699 1064 2728 conci-

274 2752 402 2776 laverunt
433 2747 565 2775 Cassiota:
597 2750 696 2775 contra
724 2746 924 2781 Maurophoros
950 2749 1064 2781 propter

1110 2287 1310 2323 eﬁugit.P0rro
1325 2293 1416 2321 pugna
1431 2284 1520 2313 tenuit
1535 2284 1569 2312 ab
1579 2284 1647 2312 hora
1663 2284 1759 2320 quinta
1771 2292 1859 2320 usque
1871 2285 1906 2313 ad

1112 2333 1311 2369 vespertinam,
1327 2336 1355 2360 et
1370 2331 1564 2360 multitudines
1587 2330 1738 2367 Vulgarum
1751 2339 1908 2360 numerosa

1114 2384 1264 2416 perempta:
1280 2381 1345 2407 sunt
1358 2386 1365 2404 ε
1384 2377 1464 2405 multi
1479 2385 1545 2405 vero
1559 2384 1594 2404 ex
1612 2377 1655 2404 eis
1670 2377 1753 2412 capti,
1769 2377 1909 2413 multique

1116 2424 1278 2461 imperatori
1294 2423 1400 2452 subditi
1416 2424 1481 2451 facti
1494 2426 1570 2451 sunt.
1588 2423 1638 2450 Ast
1648 2421 1798 2457 imperator
1810 2423 1909 2458 hujus-

1114 2471 1221 2500 cemodi
1236 2470 1325 2500 elatus
1337 2469 1452 2498 victoria
1466 2468 1620 2505 publicavit
1631 2467 1702 2495 hanc
1719 2475 1812 2496 coram
1828 2469 1909 2502 urbe,

1113 2524 1177 2545 eum
1200 2517 1371 2544 exercitibus
1401 2515 1543 2550 ingressus
1572 2518 1698 2542 armatus
1726 2519 1756 2542 et
1779 2514 1912 2543 laudibus

1114 2562 1304 2591 celeberrimis
1329 2562 1498 2594 diffamatus,
1521 2564 1550 2588 et
1568 2559 1766 2596 xylopanduris
1787 2561 1911 2588 constri-

1115 2614 1175 2637 ctos
1190 2608 1303 2636 trahens
1319 2608 1451 2644 Vulgares
1475 2611 1580 2641 captos,
1602 2613 1672 2640 quos
1695 2610 1773 2633 extra
1802 2611 1910 2641 portam

1117 2661 1229 2682 auream
1247 2652 1380 2681 decollari
1395 2652 1526 2687 praecepit
1539 2659 1554 2678 a
1569 2650 1685 2679 civibus.
1698 2650 1829 2678 Zelctzim
1846 2659 1911 2679 vero

1118 2700 1321 2728 tumultuantes
1339 2699 1470 2734 Vulgares
1496 2705 1550 2725 una
1576 2705 1638 2725 cum
1661 2696 1836 2732 principibus
1852 2698 1910 2732 ejus

1119 2746 1331 2779 interfecerunt,
1357 2749 1385 2773 et
1403 2744 1608 2773 constituerunt
1629 2742 1761 2770 Sabinum
1777 2750 1911 2778 generum

313 2849 368 2884 (8i)
383 2849 426 2876 Te.
443 2849 488 2877 Sic
503 2846 664 2876 Vaticanus;
687 2847 820 2875 Thuanus
843 2853 934 2875 autem
957 2846 1013 2874 tibi.
1027 2798 1188 2881 [iiii-iiii“
1216 2849 1322 2873 rectum
1343 2848 1395 2871 cst.
1418 2842 1486 2872 Vide
1509 2841 1681 2872 Priscianum
1697 2849 1757 2878 pag.
1782 2840 1850 2870 1186
1865 2839 1912 2872 ed.

277 2883 388 2911 Futsch.
407 2884 485 2911 Ιτηικ.
