2052 3153
182 157 250 191 1381

588 159 772 190 HISTORIA
788 158 1078 191 ECCLESIASTICA
1091 158 1146 188 EX
1163 158 1364 189 ΤΗΕΟΡΗΑΝ
1370 160 1403 188 Ε.

1733 158 1816 191 ’ἰ382

179 219 328 251 Comersii,
340 218 479 255 quondam
501 218 605 247 domini
631 219 686 247 sui.
703 219 755 254 Qui
775 219 904 247 videlicet
918 218 969 246 Sa-
983 221 1006 248 Α
1020 218 1073 245 alia
1097 225 1163 245 vero
1186 216 1305 252 ingentis
1328 217 1408 244 molis
1432 216 1466 244 ad
1496 224 1605 244 murum
1622 217 1719 245 collisa
1743 217 1817 244 hunc

178 266 261 294 binus
272 272 337 292 cum
357 273 420 292 mox
436 265 471 292 nd
485 265 680 300 imperatorem
694 265 815 292 misisset
827 269 855 292 et
871 272 968 300 pacem

181 312 239 339 fieri
252 311 430 347 quuisisset,
454 316 593 340 conventu
605 312 739 347 Vulgares
761 311 834 340 facto
857 312 969 340 restite-

180 361 246 384 runt
261 357 374 385 robuste
393 356 507 390 Sabino,
525 356 650 385 dicentes
663 357 709 385 ei:
727 357 854 393 Vulgaria
874 365 921 392 per
935 362 969 389 te,

182 406 210 429 ut
222 403 365 436 cernimus,
379 402 512 438 redigetur
526 402 554 430 in
569 403 721 430 servitutem
728 402 866 430 Romanis.
877 402 971 430 Facta-

180 456 234 483 que
249 448 391 475 simultate
403 448 473 484 lugit
489 448 609 476 Sabinus
619 448 647 476 in
664 452 786 477 castrum
801 447 972 476 Mesembria:

178 487 208 521 et
228 493 262 521 ad
288 494 481 529 imperatorem
497 501 527 521 se
543 494 670 522 contulit.
698 494 859 522 Statuerunt
879 497 972 522 autem

180 540 313 575 Vulgares
326 539 411 567 alium
426 540 479 567 sibi
495 540 649 573 dominum,
660 540 799 575 Paganum
814 540 936 568 nomine.

214 586 295 614 Anno
322 586 431 622 imperii
459 586 631 614 Constantini
656 587 692 614 25
720 587 872 615 Romanam
897 587 972 616 Con-

180 632 318 660 stantinus
332 631 435 659 residet
449 632 554 660 sedem.
573 633 656 661 Turci
670 640 736 661 vero
751 632 856 668 egressi
874 637 940 660 sunt
955 640 972 660 a

180 677 286 714 Caspiis
301 678 400 713 portis.
415 682 444 706 et
464 678 627 707 occiderunt
649 679 676 706 in
703 679 832 707 Armenia
859 680 971 713 multos,

180 729 209 752 et
235 724 326 759 praeda
351 729 460 760 Sumpta
477 732 532 752 non
556 732 642 760 pauca
656 725 759 753 reversi
771 730 845 753 sunt.
861 725 972 754 Cosmus

180 773 273 796 autent
298 769 410 804 quidam
434 769 581 805 episcopus
594 775 654 798 erat
669 770 840 806 Epiphaniae,
856 778 917 806 qua
931 775 973 799 est

181 813 280 840 civitas
294 813 415 848 Apamia:
427 813 524 850 Syriae.
542 814 629 842 Porro
640 814 804 850 quibusdam
817 823 852 842 cx
865 815 973 843 civibus

181 859 340 895 Epiphania),
355 859 390 887 ad
415 859 592 888 Theodorum
612 861 798 896 patriarcham
823 852 973 889 Antioche-

181 913 246 933 num
261 906 465 933 accusationem
479 910 576 934 contra
592 906 721 934 eumdem
741 906 869 935 Cosmam
890 915 973 942 super

181 951 366 980 diminutione
390 960 533 980 sacrorum
560 960 691 981 vasorum
718 953 894 985 facientibus,
912 961 974 982 cum

182 998 227 1026 ille
250 998 365 1026 minime
386 999 524 1034 potuisset
548 1000 606 1028 haec
621 1000 779 1032 restituere,
794 999 922 1027 discessit
940 999 974 1027 ab

181 1044 334 1072 orthodoxa
352 1045 416 1073 .lldc
454 1050 482 1073 et
507 1050 708 1074 consentaneus
737 1045 919 1074 Constantino
946 1045 974 1073 in

182 1089 279 1118 haeresi
310 1091 396 1118 sacris
422 1092 598 1120 adversarius
623 1091 789 1127 imaginibus
808 1092 897 1120 factus
913 1097 973 1124 est;

181 1143 264 1171 quem
283 1137 423 1164 communi
447 1138 583 1166 sententia
600 1138 763 1166 Theodorus
785 1138 975 1167 Antiochenus

182 1181 337 1216 patriarcha
363 1186 392 1209 et
416 1182 580 1210 Theodorus
605 1182 872 1218 Hierosolymitanus
892 1187 974 1217 atque

182 1225 297 1254 Cosmas
316 1227 518 1256 Alexandrinus
534 1235 598 1255 cum
622 1228 760 1263 episcopis
773 1228 827 1256 sibi
842 1228 975 1263 subjectis

181 1270 225 1299 die
239 1275 339 1299 sanctae
350 1270 539 1305 Pentecostes,
552 1277 615 1308 post
623 1273 770 1302 lectionem
784 1274 872 1302 sancti
881 1275 973 1303 Evan-

181 1316 245 1352 gelii
258 1336 265 1349 ,
284 1322 469 1346 consonanter
492 1319 795 1349 auathematizaverunt
826 1320 926 1356 singuli
945 1321 972 1348 in

182 1369 231 1390 sua
252 1363 375 1391 civitate.

218 1407 322 1436 Eodem
338 1416 449 1446 quoque
463 1418 536 1437 anno
555 1418 570 1438 a
585 1410 715 1440 Kalendis
728 1411 856 1439 Octobris
870 1411 972 1440 factum

181 1458 225 1482 est
243 1455 305 1490 gelu
332 1463 461 1492 magnum
479 1460 507 1485 et
531 1457 745 1490 amarissimum,
761 1466 816 1486 non
836 1458 924 1486 solum
944 1459 972 1487 in

183 1504 258 1527 terra
282 1505 388 1533 nostra,
402 1509 499 1530 verum
514 1503 597 1531 etiam
613 1503 641 1531 in
654 1503 777 1537 Oriente,
789 1504 877 1532 multo
887 1504 973 1540 magis

1020 270 1121 298 magno
1147 263 1267 299 impulsu
1288 263 1439 295 concussit,
1457 263 1525 291 adeo
1538 268 1569 290 ut
1582 263 1729 291 interiores
1747 271 1818 298 quo-

1021 318 1075 345 que
1091 309 1191 337 domus
1204 309 1261 337 salo
1279 310 1582 344 comparticiparentur.
1604 309 1690 336 Porro
1716 309 1745 336 in
1764 309 1818 336 tria

1021 355 1132 389 dirupta
1157 355 1243 382 cinxit
1262 355 1369 387 urbem,
1388 363 1402 382 a
1425 355 1566 390 Manganis
1587 354 1715 381 videlicet
1730 361 1818 388 usque

1021 402 1056 429 ad
1072 402 1244 436 Bosphorum
1258 402 1353 437 :cujus
1368 402 1485 429 altitudo
1499 409 1593 429 muros
1608 401 1738 429 excessit.
1750 400 1816 427 0m-

1021 455 1071 476 nes
1094 453 1186 476 autem
1215 449 1293 476 urbis
1308 452 1363 475 tam
1384 448 1437 475 viri
1451 456 1534 482 quam
1551 447 1671 477 feminae.
1693 446 1816 473 simulet

1022 494 1111 528 pueri,
1127 493 1227 521 horum
1246 494 1345 521 visioni
1371 494 1470 521 dantes
1496 493 1685 521 indesinenter
1704 500 1816 526 operam

1023 540 1246 575 perseverabant,
1270 544 1298 567 ct
1324 547 1386 567 cum
1411 540 1539 566 lamentis
1567 547 1598 566 ac
1615 539 1744 574 lacrymis
1769 540 1818 567 do-

1022 594 1097 613 mum
1125 587 1346 618 revertebantur,
1374 585 1532 621 ignorantes
1558 586 1625 621 quid
1650 587 1685 614 ad
1712 588 1739 615 id
1766 588 1816 615 lari

1022 634 1187 668 quivissent.
1207 633 1342 661 Caeterum
1358 641 1431 660 anno
1456 634 1565 665 eodem,
1589 642 1684 662 mense
1708 635 1817 666 Martio.

1023 680 1108 707 stellte
1128 680 1161 706 de
1184 680 1254 707 cado
1274 683 1387 714 repente
1410 679 1541 706 cadentes
1563 686 1760 715 apparuerunt,
1781 682 1823 708 ita.

1023 729 1054 752 ut
1066 732 1161 752 omnes
1176 725 1222 759 qui
1239 724 1292 752 hoc
1305 724 1435 752 viderun’t
1451 725 1578 752 instantis
1589 725 1680 752 saeculi
1690 733 1818 753 consum-

1024 770 1174 797 mationem
1204 777 1265 797 esse
1290 766 1430 805 putarent.
1450 769 1566 798 Siccitas
1589 778 1699 806 quoque
1730 772 1817 798 multa

1024 816 1122 843 cﬁ‘ecta
1147 820 1199 848 est,
1222 815 1290 843 adeo
1318 821 1348 843 ut
1374 815 1581 843 exsiccarentur
1605 816 1688 843 etiam
1717 816 1816 849 fontes.

1024 862 1073 890 Ast
1094 863 1244 897 imperator
1264 863 1398 890 accersito
1424 862 1580 897 patriarcha
1598 862 1665 889 dicit
1680 862 1704 889 ei
1719 871 1725 888 :
1738 861 1818 889 ιιοιιο

1026 909 1084 943 quis
1111 917 1156 935 nos
1171 909 1258 941 lwdet,
1279 910 1301 935 si
1318 910 1463 935 dixerimus
1480 909 1615 935 theotocon
1627 909 1819 935 c/zristotocon?

1025 955 1061 981 At
1077 955 1121 982 ilic
1139 955 1212 982 hunc
1233 955 1403 989 amplexatus
1426 955 1474 981 ait:
1497 955 1630 987 Miserere,
1652 955 1766 986 domine,
1788 963 1821 980 ne

1026 999 1061 1025 ad
1079 999 1265 1033 cogitationem
1279 1003 1354 1026 tuam
1369 1000 1457 1026 veniat
1478 1000 1526 1025 iste
1549 1007 1646 1025 sermo.
1666 999 1759 1026 Nonne
1783 1000 1821 1025 ui-

1025 1045 1069 1072 des
1079 1046 1194 1080 qualiter
1214 1045 1364 1080 divulgetur
1386 1050 1410 1071 et
1428 1045 1666 1071 anathematizetur
1685 1045 1821 1071 Nestorius

1027 1101 1044 1119 α
1067 1097 1123 1119 tota
1145 1091 1264 1119 Ecclesia
1278 1092 1291 1118 ?
1311 1091 1362 1124 Qui
1389 1091 1559 1126 respondens
1576 1091 1630 1118 ait:
1651 1091 1708 1126 Ego
1723 1091 1821 1118 discere

1026 1138 1114 1166 uolens
1137 1139 1309 1173 interrogavi.
1333 1137 1426 1164 Verum
1445 1145 1528 1172 usque
1555 1137 1590 1164 ad
1613 1141 1637 1163 te
1653 1145 1748 1163 sermo.

1060 1184 1153 1211 Mundi
1178 1191 1252 1211 anno
1279 1183 1359 1216 6246,
1388 1183 1489 1210 divinae
1518 1183 1714 1210 incarnationis
1747 1190 1820 1210 anno

1026 1228 1089 1260 746,
1114 1236 1188 1255 anno
1216 1236 1282 1255 vero
1310 1228 1416 1262 imperii
1444 1228 1617 1255 Constantini
1641 1228 1677 1255 24
1693 1228 1821 1256 exierunt

1027 1273 1126 1301 iterum
1140 1274 1223 1301 Turci
1240 1273 1274 1300 ad
1293 1273 1406 1308 Caspias
1429 1278 1524 1308 portas
1537 1278 1565 1301 et
1583 1273 1740 1306 Hiberiam;
1756 1274 1820 1308 qui-

1026 1320 1078 1348 bus
1098 1327 1160 1346 cum
1177 1320 1313 1347 Avaribus
1332 1319 1436 1347 bellum
1456 1313 1619 1347 ineuntibus
1640 1327 1675 1348 ex
1696 1320 1820 1355 utrisque

1025 1367 1169 1402 perierunt
1192 1367 1282 1394 multi.
1299 1366 1418 1394 Abdelas
1446 1375 1513 1394 vero
1534 1367 1725 1400 hujuscemodi
1745 1367 1820 1394 calli-

1027 1413 1114 1440 ditate
1146 1412 1274 1446 deposuit
1302 1420 1317 1439 a
1345 1412 1501 1447 principatu
1534 1412 1756 1443 Hiscrbinmuse,
1790 1412 1819 1439 in

1025 1465 1118 1493 quem.
1146 1463 1176 1484 ut
1193 1457 1322 1492 superius
1336 1457 1440 1484 dictum
1457 1462 1515 1490 est,
1532 1457 1613 1485 tertia
1630 1465 1690 1484 sors
1707 1457 1818 1484 tenendi

1026 1509 1088 1539 post
1106 1512 1170 1531 eum
1187 1503 1300 1531 cecidit.
1323 1503 1427 1531 Videns
1446 1503 1519 1530 enim
1535 1511 1597 1530 cum
1614 1503 1707 1530 dolore
1722 1503 1821 1537 capitis

184 1545 212 1573 in
233 1547 444 1581 septentrionali
463 1553 551 1584 parte,
569 1549 608 1578 ita
622 1554 653 1577 ut
669 1550 781 1586 pelagus
794 1550 873 1578 Ponti
886 1558 974 1586 usque
988 1559 1008 1587 ο
1025 1551 1212 1578 hemicranice
1232 1550 1403 1577 laborantem
1430 1553 1459 1577 et
1479 1549 1595 1577 scotomi
1619 1549 1821 1584 plenitudinem

183 1591 217 1619 ad
234 1597 345 1620 centum
371 1593 500 1622 milliaria
518 1602 573 1630 pra:
597 1596 693 1631 glaciei
714 1595 805 1631 rigore
826 1596 855 1623 in
874 1596 974 1632 lapidis

182 1635 312 1664 duritiem
323 1637 407 1665 fuerit
418 1645 540 1672 versum,
553 1639 659 1667 habens
673 1640 781 1668 cubitos
797 1648 813 1667 a
828 1641 974 1676 superﬁcie

130 1686 138 1692 ‘
184 1682 212 1710 in
229 1683 398 1718 profundum
414 1684 537 1719 triginta,
554 1685 663 1713 cunctis
674 1685 805 1713 nimirum
815 1687 975 1723 regionibus

182 1729 217 1757 ab
241 1730 300 1765 ipsa
317 1730 402 1766 Lycia
425 1738 518 1766 usque
533 1731 568 1758 ad
590 1731 746 1759 Danubium
761 1737 790 1760 et
801 1732 905 1768 Cuphae
923 1732 975 1760 ﬂu-

185 1776 269 1809 vium,
288 1776 415 1804 Danastri
439 1784 550 1812 quoque
565 1781 648 1813 atque
661 1777 791 1813 Danapri,
807 1783 891 1813 atque
918 1778 974 1806 Ne-

183 1824 305 1861 cropyla,
333 1832 443 1852 necnon
468 1830 496 1853 et
520 1825 639 1861 reliquas
661 1825 755 1860 ripas,
781 1829 810 1854 et
832 1833 920 1861 usque
939 1824 973 1853 ad

184 1870 377 1899 Mescmbriam
398 1874 426 1898 et
446 1870 563 1898 Mediam
577 1871 678 1899 similia
689 1871 867 1906 patientibus.
890 1870 974 1899 Cum-

185 1924 238 1952 que
249 1916 439 1952 hujuscemodi
451 1917 513 1952 gelu
526 1916 590 1944 nive
601 1916 699 1945 fuisset
709 1922 881 1952 coopertum,
891 1923 974 1951 super

185 1963 253 1992 alios
278 1963 378 1999 viginti
409 1963 519 1993 cubitos
543 1963 640 1996 crevit,
667 1963 704 1990 ita
729 1967 758 1990 ut
784 1970 859 1992 mare
891 1962 975 1991 arida:

184 2008 415 2042 conl'ormaretur,
433 2014 462 2036 et
479 2008 596 2044 pedibus
608 2008 761 2037 calcaretur
781 2008 810 2037 in
829 2007 975 2043 superﬁcie

184 2054 282 2089 glaciei
293 2053 451 2083 aChazaria
465 2060 493 2081 et
502 2053 642 2089 Vulgaria,
655 2052 722 2088 quin
732 2057 761 2080 et
774 2053 887 2088 reliquis
899 2052 974 2089 adja-

184 2100 313 2128 centibus
331 2100 501 2132 nationibus,
519 2103 574 2127 tam
599 2099 634 2127 ab
657 2099 821 2127 hominibus
843 2107 925 2134 quam
940 2099 975 2127 ab

185 2144 341 2179 agrestibus
356 2149 383 2172 et
399 2144 593 2173 mansuefactis
613 2144 814 2173 animantibus.
825 2144 975 2172 Februario

187 2197 253 2218 vero
280 2198 375 2218 mense
398 2190 485 2226 ipsius
509 2190 640 2219 secunda
660 2190 820 2218 iudictionis
847 2190 976 2227 hujusce-

1028 1597 1179 1632 patientcm
1203 1597 1353 1631 persuadet
1378 1596 1452 1631 quod
1477 1596 1616 1623 curandus
1640 1595 1723 1627 foret,
1739 1595 1761 1622 si
1787 1603 1822 1622 cx

1027 1644 1120 1678 aliqua
1144 1643 1318 1671 confectione
1336 1642 1470 1677 ptarmica
1488 1642 1517 1669 in
1529 1649 1612 1669 nares
1628 1642 1688 1676 ejus
1701 1641 1823 1668 insuma-

1028 1695 1106 1717 retur
1119 1697 1134 1716 a
1162 1689 1271 1716 medico
1289 1696 1339 1715 suo
1360 1688 1434 1715 Mose
1448 1688 1569 1719 nomine,
1587 1688 1703 1715 diacono
1726 1687 1823 1714 Antio-

1028 1737 1179 1764 cbenorum
1202 1735 1341 1768 Ecclesiae,
1360 1742 1444 1770 quem
1467 1735 1522 1770 jam
1539 1735 1702 1763 muneribus
1718 1734 1822 1762 fecerat

1028 1783 1193 1810 acerrimum
1220 1782 1357 1809 conﬁcere
1389 1782 1571 1814 medicamen,
1594 1781 1667 1816 quod
1697 1781 1779 1808 simul
1794 1785 1822 1808 ct

1028 1828 1197 1856 narcoticum
1214 1827 1286 1855 lore!
1303 1827 1497 1860 vehementer;
1513 1828 1570 1862 qui,
1592 1827 1723 1855 videlicet
1744 1827 1823 1858 Hise,

1027 1881 1091 1901 cum
1111 1873 1249 1908 paruisset
1272 1873 1394 1905 Abdelae,
1419 1869 1603 1908 suscepit'pcr
1623 1880 1703 1900 nares
1724 1872 1820 1900 confe-

1028 1920 1158 1951 ctioncm,
1174 1924 1202 1947 et
1215 1919 1337 1954 repletus
1354 1919 1381 1946 in
1402 1920 1532 1947 omnide
1549 1919 1621 1947 circa
1636 1923 1727 1954 caput,
1753 1926 1823 1946 cun-

1029 1967 1136 2001 ctisque
1162 1966 1291 1993 sensibus
1317 1973 1371 1993 una
1389 1973 1450 1993 cum
1476 1965 1663 2001 hegemonicis
1685 1965 1824 2000 operatio-

1028 2011 1111 2038 nibus
1125 2011 1314 2043 defraudatus,
1326 2011 1385 2038 sine
1403 2018 1472 2038 voce
1494 2018 1578 2045 porro
1589 2010 1708 2045 iacebat.
1732 2010 1822 2037 Advo-

1029 2057 1098 2084 catis
1120 2056 1213 2091 itaque
1227 2055 1347 2083 Abdelas
1364 2056 1481 2083 ducibus
1491 2063 1524 2083 ac
1537 2055 1707 2090 primoribus
1719 2055 1824 2090 gentis,

1030 2102 1098 2134 Quid
1119 2099 1199 2133 vobis,
1219 2101 1317 2136 inquit,
1332 2101 1434 2128 videtur
1446 2105 1526 2136 super
1539 2101 1627 2135 futuro
1645 2108 1705 2135 rege
1717 2104 1801 2127 uestro
1811 2100 1825 2126 ?

1028 2150 1065 2176 At
1090 2149 1128 2176 illi
1150 2148 1326 2175 concorditer
1342 2148 1479 2182 abnegato
1494 2155 1528 2174 eo
1542 2148 1670 2175 dexteras
1687 2147 1824 2174 dederunt

1031 2195 1087 2222 lilio
1103 2195 1162 2230 ejus
1175 2194 1287 2222 Abdcla:
1307 2194 1463 2225 Muhamed,
1476 2194 1523 2228 qui
1537 2197 1713 2228 nuncupatur
1735 2192 1825 2225 Madi;

186 2235 260 2263 modi
276 2236 337 2271 gelu
353 2244 404 2271 per
419 2236 554 2264 visionem
569 2236 620 2264 Dei
636 2236 664 2264 in
680 2236 785 2264 multas
796 2244 829 2265 ac
852 2236 976 2265 diversas
989 2236 1016 2266 D
1030 2248 1113 2276 porro
1135 2240 1201 2268 Rise
1223 2241 1328 2275 absque
1353 2248 1436 2268 sensu
1458 2239 1572 2266 domum
1599 2242 1822 2273 reportaverunt.

188 2282 216 2310 in
245 2283 365 2318 speciem
389 2283 526 2310 montium
560 2284 647 2311 iactas
680 2282 853 2311 concisiones
876 2283 976 2317 diviso,

187 2334 243 2361 pne
264 2327 290 2354 vi
312 2331 458 2354 ventorum
479 2327 509 2354 in
531 2327 718 2362 Daphnusiam
745 2331 775 2355 et
795 2328 899 2356 Hieron
928 2327 977 2356 de-

186 2371 362 2403 scendentes,
374 2372 465 2399 taliter
473 2380 523 2407 per
537 2377 683 2408 angustum
691 2377 827 2401 venerunt
836 2373 870 2400 ad
882 2373 979 2402 urbem

186 2422 216 2446 et
240 2425 327 2452 usque
350 2417 384 2445 ad
400 2417 596 2452 Propontidem
614 2422 642 2445 et
665 2418 770 2446 insulas
790 2422 819 2446 et
841 2418 977 2454 Abydum,

188 2470 287 2491 omnes
301 2462 456 2491 maritimos
469 2467 544 2491 toros
557 2471 591 2491 ac
601 2463 677 2499 ripas
691 2464 829 2499 replentes
841 2471 852 2497 ς
862 2471 978 2499 quarum

188 2508 318 2536 videlicet
332 2509 521 2536 concisionum
536 2508 709 2544 inspectores
722 2514 752 2537 et
767 2516 820 2537 nos
833 2509 886 2545 ipsi
897 2509 980 2537 exsti-

189 2553 286 2589 timus,
298 2554 501 2583 descendentes
512 2563 603 2590 |super
621 2562 703 2582 unam
723 2562 819 2582 earum
842 2562 904 2583 cum
918 2555 980 2592 qui-

189 2600 308 2628 busdam
326 2601 440 2637 triginta
463 2601 609 2629 coaetaneis
629 2601 744 2633 nostris,
759 2605 788 2629 et
807 2608 891 2637 super
906 2601 979 2629 illam

186 2646 321 2682 iocantes.
338 2646 461 2674 Habebat
480 2651 573 2674 autem
587 2651 616 2674 et
627 2646 755 2674 animalia
768 2647 933 2683 campestria
953 2651 981 2675 et

188 2697 331 2720 mansueta
354 2697 465 2720 mortua
476 2701 486 2719 :
499 2694 594 2721 omnis
607 2693 691 2726 enim,
712 2693 870 2729 quicunque
886 2694 979 2727 vellet,

189 2748 205 2769 a
227 2740 375 2776 Sophianis
389 2748 477 2775 usque
492 2740 526 2768 ad
539 2741 636 2768 urbem
651 2746 679 2769 et
693 2741 879 2777 aChrysopoli
894 2748 981 2777 usque

189 2786 223 2814 ad
249 2786 278 2815 S.
300 2787 415 2814 Mamam
435 2791 463 2814 et
481 2786 515 2814 ad
539 2794 576 2814 ea
596 2793 657 2821 qua:
682 2787 813 2815 dicuntur
827 2787 915 2815 Galati
932 2795 981 2824 per

190 2831 294 2858 aridam
311 2832 372 2859 sine
390 2831 578 2866 prohibitione
595 2831 738 2867 pergebat.
752 2831 787 2859 Et
802 2839 856 2859 una
868 2832 980 2867 quidem

190 2885 224 2905 ex
240 2878 280 2905 eis
292 2878 326 2906 ad
337 2878 504 2913 Acropoleos
513 2877 616 2905 scalam.
629 2877 739 2913 dirupta
754 2878 887 2906 contrivit
900 2886 980 2906 eam:

1032 2286 1111 2313 Hunc
1141 2290 1233 2312 autem
1254 2290 1318 2319 post
1345 2285 1457 2312 tertium
1481 2284 1554 2311 diem
1586 2284 1825 2310 convalescentem.

1029 2332 1258 2360 excusationibus
1269 2331 1339 2358 ﬁctis
1358 2330 1563 2362 consolabatur,
1579 2334 1690 2356 centum
1707 2329 1767 2356 auri
1783 2333 1825 2356 ta-

1029 2378 1112 2405 lentis
1130 2377 1259 2412 injuriam
1283 2383 1504 2411 recompensans.

1066 2423 1170 2450 Eodem
1185 2422 1270 2450 etiam
1285 2430 1358 2449 anno
1372 2422 1447 2449 misit
1462 2422 1598 2457 Paganus,
1613 2421 1742 2449 dominus
1754 2421 1823 2449 Vul-

1030 2469 1129 2502 gariaa,
1163 2468 1197 2495 ad
1226 2467 1441 2502 impera-torem,
1469 2467 1612 2502 postulans
1641 2470 1672 2493 ut
1701 2474 1769 2494 cum
1788 2473 1826 2493 eo

1029 2514 1101 2543 facie
1129 2513 1165 2541 ad
1196 2513 1296 2542 faciem
1326 2513 1503 2549 iungeretur,
1536 2517 1565 2540 et
1592 2516 1707 2548 accepto
1735 2511 1828 2540 verbo

1031 2559 1176 2589 descendit
1199 2559 1234 2588 ad
1258 2566 1322 2588 eum
1349 2567 1415 2587 clm
1441 2559 1585 2587 Bohiladis
1605 2558 1674 2586 suis.
1699 2557 1828 2593 Cumque

1032 2605 1182 2641 imperator
1209 2612 1264 2633 una
1288 2612 1351 2633 cum
1374 2605 1481 2633 Sabine
1498 2605 1618 2639 sedent,
1638 2604 1762 2639 suscepit
1775 2610 1829 2632 eos

1031 2654 1061 2678 et
1082 2650 1259 2687 exprobravit
1286 2650 1520 2679 iuordinationem
1547 2657 1644 2678 eorum
1671 2654 1700 2677 et
1729 2649 1827 2677 odium

1032 2697 1157 2725 habitum
1186 2697 1213 2725 in
1247 2696 1399 2731 Sabinum,
1436 2697 1617 2733 feceruntque
1653 2703 1766 2732 pacem,
1793 2700 1829 2724 ut

1032 2743 1194 2778 putabatur.
1217 2743 1267 2771 Ast
1292 2742 1447 2779 imperator
1468 2744 1582 2771 mittens
1610 2743 1682 2770 clam
1706 2742 1734 2770 in
1756 2742 1825 2770 Vul-

1032 2788 1138 2824 gariam
1161 2788 1234 2822 cepit
1256 2787 1390 2815 Severum
1414 2789 1567 2826 principem
1590 2787 1759 2821 Sclavinum,
1776 2786 1828 2823 qui

1032 2833 1119 2860 multa
1139 2833 1167 2860 in
1191 2833 1297 2862 Thrace
1319 2834 1423 2863 fecerat
1444 2834 1524 2862 mala.
1540 2833 1764 2869 Comprehensus
1776 2841 1829 2861 au-

1035 2884 1089 2907 tem
1115 2883 1157 2907 cst
1182 2884 1210 2908 et
1233 2879 1417 2915 Christianus,
1445 2880 1492 2916 qui
1515 2888 1552 2909 ex.
1572 2880 1739 2909 Christianis
1763 2888 1826 2908 ma-
