2052 3153
242 160 312 193 I383

798 158 998 191 ANASTASII
1016 157 1333 190 BIBLIOTHECARII

1813 160 1885 193 1384

240 216 345 252 garltes
366 221 395 244 et
419 216 526 252 primus
553 223 741 244 scamarorum
768 217 835 252 (82)
850 217 968 244 eﬂ‘ectus
987 220 1041 249 est,
1056 218 1079 246 Δ
1092 217 1333 253 llippodromium,
1349 217 1437 253 sputis
1455 222 1484 246 et
1498 217 1615 253 'injuriis
1631 217 1667 245 ab
1685 219 1759 246 omni
1780 221 1884 255 populo

239 271 323 298 quem
342 263 416 298 apud
441 263 469 290 S.
493 262 628 290 Thomam
649 263 778 290 manibus
798 267 827 290 et
846 262 964 298 pedibus
985 262 1036 290 de-

241 313 404 337 truncantes
428 309 603 337 adduxerunt
625 309 758 342 medicos,
777 309 824 344 qui
848 310 923 337 hunc
941 309 1036 336 vivum

240 354 398 382 inciderent
415 363 431 382 a
451 355 565 383 thorace
586 355 659 390 pube
683 359 765 383 tenus
783 354 817 382 ad
843 354 964 382 hominis
987 362 1038 382 co-

239 400 427 436 gnoscendam
449 401 616 436 positionem
641 405 724 436 atque
747 405 927 434 structuram,
950 406 979 429 et
997 401 1037 430 sic

237 453 307 473 eum
331 445 509 474 tradiderunt
538 446 606 482 igni.
631 446 762 474 Actutum
788 452 921 482 pretterea
948 447 1036 482 impe-

241 496 319 519 rator
342 492 439 519 exiens
463 492 499 519 ab
521 493 608 526 urbe,
632 500 696 520 cum
722 493 782 521 sine
806 493 931 521 custodia
958 494 1038 521 inve-

241 538 330 566 nisset
354 538 390 565 ob
413 538 719 574 deceptoriamflpacem
748 540 905 571 clausurus,
930 540 1037 575 ingres-

242 592 290 613 sus
319 588 363 612 est
394 585 553 620 Vulgariam
577 592 665 620 usque
692 585 726 612 ad
755 585 869 618 Tricas,
895 590 924 613 et
952 587 1038 614 misso

243 630 306 665 igne
331 630 361 657 in
386 630 517 658 cohortes
545 639 615 665 quas
645 631 760 666 reperit,
786 639 850 659 cum
875 631 974 659 timore
996 640 1039 660 re-

242 683 340 704 versus
353 680 407 708 est.
422 684 486 703 cum
501 677 570 704 nihil
585 677 656 705 forte
677 682 822 712 patrasset.

276 722 357 750 Anno
385 722 495 758 imperii
515 723 559 750 sui
581 722 628 755 95,
650 723 685 750 12
707 723 843 752 Kalendas
864 724 1039 752 Deeembrias

244 767 407 796 indictionis
435 773 556 803 quartae,
589 768 697 802 furens,
722 769 824 804 impius
851 775 880 798 et
906 771 1039 798 scelestus

243 814 395 848 imperator
419 814 553 842 adversus
579 822 677 842 omnes
698 815 827 844 timentes
853 817 950 850 Deum,
977 818 1041 845 Ste-

243 858 367 892 phanum
398 866 500 887 novum
526 864 757 896 protomartyrem
782 852 906 889 abstrahi
937 869 1039 897 praece-

1086 265 1251 291 cumulatos.
1277 263 1410 291 Similiter
1430 267 1458 290 et
1478 268 1576 290 octavo
1599 263 1736 291 Kalendas
1757 264 1886 299 Septem—

1086 310 1163 338 brias
1180 311 1256 338 ducti
1273 314 1339 338 sunt
1354 310 1388 337 ad
1409 310 1490 337 ludos
1508 309 1652 338 Circenses
1670 310 1793 346 insignes
1805 311 1886 346 prin-

1086 356 1163 391 cipes
1177 356 1272 384 decem
1285 361 1313 384 et
1333 363 1444 388 novem,
1461 359 1490 383 et
1505 356 1626 391 pompati
1640 360 1706 384 sunt
1720 357 1798 392 quasi
1811 357 1885 384 mala

1087 407 1184 430 contra
1209 402 1403 437 imperatorem
1424 401 1561 428 consiliati
1584 401 1703 434 fuerint,
1728 409 1783 429 non
1804 410 1885 430 vera-

1087 448 1319 481 citer-accusati,
1344 448 1392 476 sed
1418 448 1483 483 quia
1510 447 1652 475 invidebat
1679 448 1720 475 eis
1749 455 1783 475 eo
1808 449 1882 484 quod

1087 499 1180 522 essent
1203 494 1317 522 formosi
1340 499 1423 529 atque
1446 493 1553 521 robustl
1576 493 1657 520 etab
1677 493 1806 520 omnibus
1825 493 1884 522 col-

1088 541 1212 574 laudati,
1237 541 1402 576 quibusdam
1418 548 1485 567 vero
1500 547 1535 567 ex
1551 539 1592 567 eis
1613 544 1642 566 et
1657 539 1692 566 ob
1710 539 1882 575 religionem,

1088 593 1122 615 eo
1142 586 1216 622 quod
1241 586 1274 614 ad
1298 586 1460 621 praedictum
1487 584 1642 612 inclausum
1667 584 1752 611 issent
1769 589 1797 611 et
1819 592 1884 619 pas-

1088 633 1181 660 siones
1193 633 1253 668 ejus
1263 633 1374 668 publiee
1391 631 1581 667 divulgarent;
1600 638 1670 665 quos
1686 634 1714 658 et
1730 629 1881 658 interfecit.

1088 679 1211 712 Quorum
1235 679 1368 714 praecipui
1392 682 1458 705 sunt
1478 676 1677 705 Constantinus
1700 676 1833 711 patricius
1854 682 1883 703 et

1089 725 1194 751 dudum
1207 724 1348 759 logotheta
1361 731 1470 755 cursus,
1488 722 1534 750 cui
1558 729 1658 749 nomen
1675 721 1807 757 imposuit
1829 721 1883 749 Po-

1089 770 1276 806 dopagurum,
1300 775 1329 797 et
1351 769 1434 805 hujus
1454 769 1540 796 frater
1561 767 1701 803 Stategius
1726 768 1883 803 spatbarius

1089 820 1118 843 et
1141 816 1309 843 domesticus
1331 815 1541 847 excubitorum,
1566 813 1719 841 Antiochus
1742 813 1882 847 logotlteta

1090 861 1178 889 dromi
1200 861 1290 889 factus
1308 865 1337 889 et
1360 865 1464 896 prator
1484 860 1599 892 Siciliae,
1619 858 1706 887 David
1725 858 1883 893 spatharius

241 904 294 938 pit,
318 912 383 932 cum
405 909 480 932 esset
500 904 641 933 inclausus
667 894 741 941 apud
763 905 793 933 S.
819 894 986 934 Auxentium
1009 907 1037 934 in
1054 894 1118 934 Bet
1143 915 1236 935 eomes
1259 894 1411 944 Obsequii,
1439 905 1664 941 Theophylactus
1690 904 1883 939 protospatha-

241 949 370 985 proximo
399 954 492 978 monte
522 951 672 987 Damatry;
695 959 778 986 quem
800 952 845 985 hi,
872 952 920 988 qui
942 952 1038 980 erudi-

241 995 327 1023 tionis
354 995 416 1030 ejus
444 995 565 1022 fructum
595 996 787 1031 percipiebant
811 1001 840 1025 et
869 998 953 1025 unius
974 1005 1037 1025 cum

241 1047 278 1067 eo
296 1047 333 1067 ac
354 1039 457 1068 similis
477 1045 559 1068 erant
584 1048 693 1074 sensus,
720 1042 850 1070 scholarii
874 1051 986 1078 quoque
1006 1051 1039 1071 ac

242 1085 360 1120 reliquis
379 1085 525 1113 ordinibus
540 1085 664 1120 deputati
681 1087 860 1123 accipientes,
885 1088 1038 1124 pedemque

243 1131 331 1165 ipsius
352 1130 471 1159 rudente
493 1131 623 1166 ligantes,
644 1137 788 1160 traxerunt
811 1141 827 1161 a
846 1135 976 1169 praetorio
992 1142 1039 1162 us-

240 1184 297 1212 que
317 1177 353 1205 ad
370 1184 403 1204 ea
424 1185 486 1212 quae
502 1183 569 1206 sunt
593 1178 707 1214 Pelagii,
730 1179 777 1206 ubi
800 1184 829 1207 et
851 1180 1040 1215 discerpentes

240 1229 307 1249 eum
333 1223 513 1258 projecerunt
542 1224 716 1252 venerabiles
748 1225 823 1253 illius
852 1226 983 1261 reliquias
1011 1226 1039 1254 in

242 1268 471 1297 Biothanatorum
500 1270 610 1303 lacum,
643 1278 677 1298 eo
699 1271 774 1306 quod
802 1272 905 1300 multos
924 1279 1040 1300 monue-

243 1315 281 1342 rit
309 1319 339 1342 et
367 1315 514 1343 adduxerit
544 1315 579 1344 ad
612 1317 792 1345 monasticam
822 1319 922 1351 vitam,
957 1322 1040 1354 atque

242 1363 423 1387 contemnere
444 1360 534 1395 regias
548 1360 701 1396 dignitates
721 1366 805 1397 atque
826 1362 958 1397 pecunias
975 1370 1040 1398 per-

240 1405 389 1434 suaserit:
416 1407 585 1435 reverendus
617 1408 720 1443 quippe
752 1408 796 1435 vir
825 1408 955 1436 omnibus
980 1412 1040 1436 erat

241 1460 294 1487 pro
314 1461 350 1481 eo
364 1453 438 1488 quod
459 1453 519 1482 fere
539 1454 680 1490 sexaginta
696 1454 794 1482 fecerit
813 1462 900 1482 annos
919 1455 946 1482 in
962 1455 1039 1483 clau-

238 1499 309 1536 stris
334 1503 364 1525 et
388 1499 538 1527 virtutibus
565 1500 660 1527 multis
689 1501 835 1528 etl‘ulserit.
865 1501 966 1528 Multos
989 1508 1040 1528 au-

241 1548 299 1571 tem
321 1544 461 1580 principes
482 1553 517 1572 ac
536 1545 638 1573 milites
664 1551 818 1579 accusatos,
843 1546 917 1581 quod
941 1547 1036 1582 imagi-

242 1597 293 1621 nes
307 1590 467 1623 adorarent,
488 1590 605 1619 diversis
626 1591 719 1626 poenis
732 1596 761 1619 et
777 1593 960 1620 amarissimis
975 1600 1037 1620 ver-

242 1635 360 1663 beribus
379 1636 511 1669 tradidit;
533 1637 726 1672 jusjurandum
751 1638 834 1665 etiam
855 1639 982 1674 generale
1002 1638 1038 1666 ab

242 1682 379 1710 omnibus
398 1682 452 1710 sub
476 1682 594 1718 imperio
616 1690 668 1710 suo
693 1683 858 1719 degentibus
881 1684 982 1720 exegit,
1002 1692 1038 1712 ne

241 1728 392 1764 quisquam
403 1729 540 1757 adoraret
561 1729 682 1758 icouam.
707 1730 776 1759 Cum
794 1731 897 1766 quibus
917 1736 947 1760 et
963 1731 1038 1760 Con-

242 1775 485 1803 stantinumfatsi
508 1776 636 1804 nominis
657 1777 841 1812 patriarcham
869 1785 953 1813 super
979 1786 1039 1806 am-

243 1820 345 1849 honem
371 1821 525 1849 ascendere
552 1826 581 1850 et
608 1823 731 1850 exaltare
758 1823 879 1858 pretiosa
910 1824 983 1860 ligna
1011 1830 1039 1852 et

242 1865 339 1900 jurare
356 1865 435 1898 iecit,
458 1866 535 1902 quod
553 1875 610 1895 non
629 1871 704 1897 esset
724 1875 760 1896 ex
775 1869 819 1896 eis
837 1869 887 1904 qui
906 1869 1040 1905 imagines

241 1912 415 1946 adorarent;
442 1913 487 1941 cui
521 1920 586 1942 mox
609 1914 750 1949 persuasit
779 1919 811 1943 ut
841 1922 877 1943 ex
902 1916 1039 1943 monacho

247 1958 425 1993 Stephanites
448 1959 620 1992 eiliceretar.
649 1964 678 1988 et
699 1960 832 1989 carnibus
867 1953 1037 1994 vescerctur,

244 2009 329 2040 atque
354 2005 523 2034 cithartedos
544 2006 580 2034 ad
602 2008 727 2034 mensam
742 2007 851 2035 admitti
872 2008 975 2043 regiam
991 2015 1039 2043 pa-

244 2056 363 2080 teretur.
400 2052 454 2081 Sed
483 2060 540 2080 non
568 2053 600 2080 in
631 2053 744 2089 longum
777 2054 846 2082 ultio
872 2054 1039 2082 homicidam

245 2097 321 2124 hunc
341 2098 456 2125 tradidit
480 2098 579 2133 poenis.
603 2099 729 2134 Denique
752 2099 917 2128 duodecimo
941 2101 1041 2128 Kalen-

244 2142 295 2169 das
317 2143 482 2171 l-‘ebruarias
504 2149 611 2178 quartas
632 2145 791 2173 indictionis
806 2151 898 2174 motus
912 2151 956 2175 est
971 2155 1039 2176 con-

245 2193 288 2216 tra
303 2189 445 2224 Volgares,
462 2194 491 2217 et
512 2190 614 2218 direxit
636 2191 672 2219 ad
692 2191 815 2220 Acheloo
837 2193 910 2221 2600
929 2195 1041 2223 chelan-

1089 954 1148 982 rius
1172 959 1200 982 et
1222 959 1325 990 praetor
1352 953 1490 985 Thracias,
1516 951 1740 987 Ehristophorus
1770 950 1884 985 spatha-

1089 999 1165 1032 rius,
1185 999 1385 1027 Constantinus
1406 998 1565 1034 spatbarius
1581 1001 1610 1024 et
1630 996 1737 1032 primus
1754 996 1885 1031 imperia-

1088 1043 1154 1071 lium
1173 1047 1334 1075 stratorum,
1350 1042 1425 1070 ﬁlius
1441 1042 1550 1078 patricii
1572 1041 1716 1073 Bardanis,
1737 1040 1885 1076 Theophy—

1087 1089 1177 1117 lactus
1186 1089 1359 1120 candidatus,
1369 1092 1398 1116 et
1408 1089 1465 1116 alii.
1480 1088 1556 1121 Quos
1569 1095 1631 1115 cum
1647 1088 1674 1114 in
1690 1085 1883 1122 Hippodromii

1089 1136 1170 1163 ludos
1189 1136 1279 1171 palam
1293 1135 1402 1163 traduci
1416 1139 1444 1163 et
1465 1135 1500 1162 ab
1512 1134 1587 1162 omni
1609 1134 1711 1169 popqu
1725 1133 1840 1168 conspui
1854 1138 1884 1160 et

1089 1182 1217 1210 maledici
1239 1181 1364 1215 fecisset,
1389 1181 1556 1209 sententiam
1581 1179 1668 1207 dedit.
1689 1180 1723 1206 Et
1744 1179 1805 1206 illos
1821 1178 1884 1214 qui-

1088 1229 1151 1256 dem
1167 1229 1238 1256 duos
1259 1229 1377 1260 fratres,
1392 1227 1606 1255 Constantinum
1625 1227 1669 1253 aio
1685 1231 1769 1260 atque
1794 1225 1883 1252 State-

1088 1275 1176 1311 gium,
1189 1275 1262 1302 intra
1278 1274 1431 1301 venationis
1446 1277 1523 1308 septa
1538 1272 1637 1307 capitis
1645 1271 1883 1298 animadversione

1065 1321 1216 1356 .punivit,
1244 1321 1332 1348 multo
1356 1328 1440 1355 super
1462 1326 1511 1347 eos
1535 1319 1608 1346 facto
1634 1318 1769 1346 universae
1794 1316 1884 1353 plebis

1089 1366 1220 1398 lamento,
1239 1365 1308 1393 adeo
1321 1369 1352 1392 ut
1364 1372 1427 1392 cum
1440 1364 1492 1392 hoc
1507 1363 1650 1391 didicisset
1665 1363 1827 1396 imperator,
1840 1362 1867 1389 in

1088 1413 1250 1448 dignaretur
1269 1416 1297 1439 et
1318 1411 1478 1447 praefectum
1504 1409 1670 1445 Procopium
1701 1408 1820 1436 caederet
1855 1411 1884 1435 ct

1088 1460 1123 1488 ab
1155 1458 1394 1486 administratione
1427 1457 1579 1492 depelleret
1606 1459 1736 1490 tanquam
1764 1454 1791 1481 id
1821 1454 1883 1481 ﬂeri

1087 1505 1304 1541 permittentem.
1319 1503 1441 1531 Crateros
1457 1507 1548 1530 autem
1570 1509 1666 1529 omnes
1685 1501 1774 1529 oculis
1791 1501 1885 1536 priva-

1088 1554 1132 1579 tos
1153 1552 1181 1578 in
1200 1551 1328 1578 exsilium
1354 1549 1517 1581 destinavit,
1542 1555 1612 1582 quos
1634 1552 1663 1575 et
1684 1554 1734 1582 per
1760 1547 1885 1583 singulos

1087 1597 1219 1630 mittens,
1243 1602 1306 1631 cum
1330 1599 1404 1622 esset
1427 1594 1505 1622 omni
1525 1593 1688 1621 crudelitate
1714 1592 1826 1628 plenus,
1848 1593 1884 1620 ad

1087 1644 1148 1671 loca
1169 1642 1198 1669 in
1219 1641 1320 1677 quibus
1333 1640 1484 1677 degebant,
1501 1639 1626 1668 centenis
1643 1638 1736 1675 ﬂagris
1752 1639 1884 1674 vapulare

1085 1688 1211 1725 iubebat.

1141 1734 1228 1761 Porro
1251 1733 1336 1761 tertio
1371 1731 1503 1760 kalendas
1539 1730 1728 1766 Septembrias
1759 1730 1884 1766 ejusdem

1088 1785 1193 1816 quarta
1216 1779 1378 1807 indictionis
1394 1778 1535 1806 insaniens
1552 1778 1626 1805 idem
1654 1777 1807 1804 malivocus
1834 1776 1886 1803 ad-

1087 1833 1192 1855 versus,
1216 1826 1391 1860 aequivocum
1420 1824 1478 1860 (85)
1501 1831 1584 1851 suum
1613 1827 1642 1851 et
1665 1827 1884 1850 consentaneum

1088 1870 1286 1906 patriarcham.
1298 1873 1327 1897 et
1337 1869 1459 1896 inventis
1471 1868 1637 1903 quibusdam
1651 1867 1762 1895 clericis
1777 1870 1805 1894 et
1821 1875 1883 1894 mo-

1089 1916 1187 1944 nachis
1195 1915 1329 1943 instruxit
1343 1915 1406 1942 illos
1418 1920 1450 1942 ut
1460 1914 1586 1941 dicerent
1602 1922 1610 1940 :
1629 1913 1787 1941 Audiuimus
1797 1913 1885 1947 patri.

1089 1963 1269 1989 archamcum
1286 1960 1465 1996 Podopaguro
1485 1960 1610 1987 adversus
1631 1960 1821 1995 imperatorem
1845 1958 1886 1985 Ιοο

1088 2007 1400 2042 quentem,etmisiteos
1413 2005 1448 2033 ad
1463 2005 1672 2041 patriarchium,
1689 2009 1721 2032 ut
1732 2009 1885 2040 arguerent

1089 2060 1164 2081 eum.
1180 2053 1308 2088 Cumque
1323 2053 1370 2081 ille
1383 2057 1507 2088 negaret,
1524 2051 1590 2079 fecit
1613 2051 1675 2078 illos
1698 2050 1734 2078 ad
1761 2050 1884 2086 pretiosa

1090 2099 1163 2136 ligna
1174 2100 1268 2135 jurare
1285 2098 1404 2126 fatentes
1421 2106 1428 2124 :
1448 2098 1469 2125 Α
1492 2098 1647 2133 patriarcha
1663 2097 1806 2124 maledicta
1826 2098 1883 2123 Iure

1094 2146 1256 2174 audivimus.
1274 2145 1349 2172 lnter
1364 2144 1422 2171 hate
1435 2151 1502 2179 ergo
1519 2143 1605 2176 misit,
1620 2148 1649 2171 et
1672 2143 1747 2170 bulla
1764 2142 1886 2178 signavit

1089 2191 1301 2228 patriarchium,
1318 2195 1347 2218 et
1361 2190 1436 2218 hunc
1451 2190 1550 2217 exsilio
1572 2190 1705 2225 relegavit
1717 2189 1790 2224 apud
1816 2189 1884 2216 Ilie-

245 2235 292 2263 dia
317 2240 499 2270 construens,
531 2244 565 2264 ea
590 2240 620 2264 et
649 2244 763 2266 armans
786 2246 822 2266 ex
841 2240 949 2268 cunctis
975 2241 1039 2268 the-
1054 2250 1077 2279 ι)
1092 2238 1172 2268 riam,
1190 2241 1218 2264 et
1235 2243 1333 2263 rursus
1349 2235 1422 2270 apud
1437 2234 1594 2269 Principem
1608 2234 1716 2261 insulis.

246 2281 388 2315 matibus;
414 2290 476 2317 quae
499 2290 562 2310 cum
583 2281 612 2311 iu
633 2285 702 2312 toris
719 2284 786 2321 (82')
800 2285 946 2314 stationem
965 2287 1041 2315 lixis-

244 2331 319 2360 sent,
338 2327 421 2356 flante
441 2329 569 2363 aquilone
579 2331 698 2359 contrita
714 2335 779 2359 sunt
798 2339 868 2367 pene
886 2333 992 2366 omnia,
1010 2337 1040 2362 et

245 2378 360 2401 necatus
386 2379 428 2402 est
458 2375 577 2410 populus
606 2378 725 2410 multus,
762 2377 801 2406 ita
828 2382 858 2406 ut
890 2379 1040 2415 imperator

245 2418 397 2447 extendere
424 2420 494 2447 retia
518 2425 548 2448 et
567 2421 607 2449 sic
623 2427 750 2450 mortuos
775 2424 896 2453 educere
912 2432 945 2453 ac
960 2433 1040 2461 sepe-

244 2464 297 2491 lire
319 2466 493 2500 praeceperit.
514 2466 600 2494 Porro
617 2466 725 2496 decimo
741 2474 820 2498 sexto
837 2470 973 2499 Kalendas
991 2471 1041 2500 8e-

245 2510 398 2544 ptembrias
414 2511 538 2546 ejusdem
552 2517 659 2547 quartae
678 2514 839 2543 indictionis
856 2514 968 2552 publice
987 2517 1040 2545 dif-

245 2555 361 2583 famavit
382 2563 415 2583 ac
436 2556 630 2586 dehonestavit
647 2559 773 2587 habitum
791 2561 988 2590 monachorum
1011 2562 1040 2590 in

244 2600 456 2637 Hippodromio,
466 2603 629 2639 praecipiens
639 2613 863 2641 unumquemque
874 2607 1039 2636 monachum

245 2653 331 2675 manu
349 2653 445 2677 tenere
459 2650 615 2683 mulierem,
637 2655 665 2678 et
680 2651 772 2679 taliter
786 2659 835 2680 eos
852 2653 968 2681 transire
987 2662 1036 2689 per

1126 2284 1205 2310 Anno
1224 2282 1335 2318 imperii
1353 2281 1530 2310 Constantini
1549 2281 1585 2309 26
1607 2280 1728 2308 Abdelas
1755 2279 1884 2307 lbinalim

1091 2335 1220 2358 mortuus
1237 2333 1290 2362 est,
1306 2333 1405 2357 ruente
1429 2336 1513 2363 super
1527 2335 1558 2356 se
1570 2332 1658 2360 turre,
1679 2327 1707 2354 in
1718 2335 1772 2361 qua
1788 2331 1886 2354 custo-

1091 2376 1230 2405 diebatur.
1251 2375 1371 2404 Abdelas
1385 2379 1478 2402 autem
1505 2382 1569 2402 cum
1579 2381 1696 2402 camera:
1721 2373 1887 2409 fungeretur

1091 2425 1208 2455 honore,
1225 2423 1312 2450 multa
1325 2422 1396 2450 mala
1408 2420 1576 2450 Christianis
1593 2421 1644 2449 sub
1663 2420 1820 2456 principatu
1833 2427 1886 2447 suo

1091 2470 1258 2506 degentibus
1279 2468 1491 2501 demonstravit,
1518 2467 1656 2504 siquidem
1670 2471 1698 2494 et
1716 2474 1815 2494 cruces
1837 2474 1887 2493 ec-

1091 2518 1240 2546 clesiarum
1255 2515 1382 2548 abstulit,
1398 2519 1426 2543 et
1438 2514 1548 2551 vigilias
1562 2520 1715 2543 nocturnas
1729 2515 1886 2548 celebrare,

1091 2563 1140 2592 sed
1152 2567 1181 2591 et
1193 2563 1302 2590 litteras
1318 2561 1428 2590 discere
1443 2561 1622 2597 prohibebat.
1641 2561 1674 2589 lii
1689 2569 1754 2590 vero
1773 2562 1821 2597 qui
1837 2561 1883 2588 di-

1092 2614 1194 2637 cuntur
1219 2608 1292 2644 apud
1326 2608 1391 2636 illos
1423 2608 1554 2641 Aruritaa,
1585 2609 1660 2644 quod
1686 2609 1888 2643 interpretatur

1089 2655 1275 2687 aemulatores,
1292 2659 1388 2682 contra
1403 2655 1636 2691 Palmyretensem
1654 2661 1778 2682 eremum
1794 2653 1888 2680 insur-

1001 2701 1118 2731 NOTE.

282 2741 339 2783 (με)
355 2741 477 2783 §camari
499 2746 564 2783 sunt
581 2742 733 2783 prtedones,
745 2747 792 2783 _et_
800 2751 921 2783 scamara
932 2746 1039 2783 deprae-

246 2776 334 2815 da‘tioQ
358 2777 515 2813 Stephanus
538 2778 555 2815 52
578 2776 694 2815 cpistola
718 2779 753 2807 ad
776 2780 905 2815 Pipinum
930 2776 1038 2811 R.'F.:

251 2821 261 2848 ε
274 2811 416 2848 Scantaras
431 2818 513 2847 atque
531 2811 750 2848 deprzedationes
764 2811 817 2842 seu
836 2816 1041 2846 devastationes

247 2847 277 2889 in
293 2847 452 2875 civitatibus
471 2847 587 2889 ethlocis
601 2848 631 2875 Β.
649 2849 722 2877 Petri
743 2850 833 2889 facere
852 2860 901 2880 sua
923 2853 1040 2889 impera-

249 2884 325 2909 tiouc
339 2889 393 2910 nec
406 2884 524 2911 cessavit
537 2891 589 2912 nec
603 2890 702 2913 cessat.
720 2895 729 2910 ι
748 2885 827 2913 Fum.

1138 2747 1193 2782 8‘2‘)
1207 2747 1240 2774 1η
1255 2746 1318 2773 oris.
1334 2746 1415 2774 FABR.

1091 2812 1095 2818 _
1130 2780 1188 2818 (83}
1199 2782 1385 2818 ﬁquivomm.
1409 2781 1568 2818 Ludovicus
1591 2781 1658 2816 imp.
1691 2780 1718 2808 in
1747 2786 1887 2818 ρηςθριο

1093 2816 1213 2854 quedam
1222 2816 1294 2852 apud
1305 2817 1490 2854 Flodoardum
1499 2825 1529 2849 ll,
1540 2817 1586 2844 l9;
1601 2826 1610 2841 ι
1622 2823 1687 2854 gens
1696 2821 1790 2854 nostra
1801 2816 1887 2854 Fran-

1096 2851 1192 2881 corum
1207 2851 1269 2881 cum
1284 2852 1427 2887 acquivoco
1446 2856 1540 2880 nostro
1555 2860 1616 2888 rege
1630 2851 1753 2887 ejusdem
1767 2853 1857 2887 gentis
1873 2859 1883 2876 ι

1099 2889 1179 2916 Fuit.
