2052 3153
160 181 228 214 1335

564 185 748 220 HISTORIA
767 184 1057 217 ECCLESIAS’I‘ICA
1076 184 1129 215 ΕΧ
1140 183 1383 216 THEOPHANE.

1728 186 1796 218 1386

157 244 296 269 reseruat.
313 239 366 268 Sed
382 239 492 268 illorum
514 241 627 276 quidem
646 242 750 270 malitia
765 242 793 270 in
809 241 949 270 Ecclesias
964 244 986 272 Α
1001 241 1147 274 ducentos,
1160 249 1176 269 a
1189 241 1295 269 Grmcia
1311 249 1377 269 vero
1392 246 1420 269 et
1436 241 1535 270 insulis
1560 241 1720 270 testatarios
1736 242 1794 276 (86}

158 288 203 316 Dei
228 291 326 323 utpote
338 287 491 315 inﬁdelium
512 288 656 316 manifesta
673 289 735 316 fuit.
761 289 886 316 lsautem
905 289 952 324 qui

157 334 332 367 Christianis.
357 334 545 362 inetfabiiibus
568 334 618 362 Dei
641 335 765 370 judiciis,
787 335 951 370 imperabat.

157 379 282 408 fortassis
303 383 335 407 ut
353 379 438 407 israel
467 380 606 415 quondam
631 380 676 408 ille
700 389 818 409 vesanus
845 381 951 414 Achab,

158 425 245 453 multo
259 424 358 460 pejora
371 432 452 459 quam
469 425 590 452 Arabum
603 425 639 453 sit
653 426 757 453 insania
769 426 821 453 sub
835 427 952 462 imperio

158 478 208 499 suo
219 470 316 506 positis
326 471 497 504 orthodoxis,
510 471 648 506 episcopis
662 472 952 504 vidrlieet,monacliis

157 521 184 544 et
199 515 287 548 laicis,
299 515 420 551 praelatis
434 522 519 552 atque
538 516 672 552 subjectis
694 516 827 548 ostendit,
846 517 949 553 ubique

157 563 372 591 intercessiones
391 568 493 592 sancta:
507 563 556 591 Dei
580 563 731 592 Genitricis
758 571 791 591 ac
821 565 948 593 omnium

156 613 317 636 sanctorum
334 609 362 636 in
388 609 498 644 scriptis
513 614 544 637 ut
564 609 678 638 inutiles
702 614 731 639 et
758 611 818 639 sine
845 611 949 646 scripto

155 655 303 690 repellens,
318 662 367 690 per
384 663 453 690 quas
478 655 610 684 videlicet
633 657 715 686 nobis
735 663 844 686 emanat
866 666 948 686 omne

154 701 328 737 sulfragium,
355 705 384 729 et
408 707 517 730 sanctas
545 703 677 738 reliquias
707 712 804 731 eorum
833 704 948 732 effossas

153 747 267 783 eiiciens
282 751 311 775 et
323 747 427 775 invisas
448 749 578 782 reddens,
594 749 684 778 sicubi
697 751 860 786 cujusquam
878 751 947 779 insi-

153 795 216 830 gnis
225 794 412 822 audiebantur
426 795 459 823 ad
471 796 624 835 animarum
639 797 786 825 sanitatem
804 803 832 825 et
847 805 947 833 corpo-

152 849 214 868 rum
231 842 362 877 rejacere,
382 842 424 869 vel
439 842 513 870 sicut
528 843 614 871 moris
630 848 682 876 est,
696 851 711 871 a
728 844 773 879 pie
799 845 946 880 agentibus

152 887 298 915 honorari.
328 887 390 915 Mox
404 895 470 924 ergo
496 893 612 916 mortem
641 889 774 917 adversus
789 889 946 926 hujusmodi

153 939 288 969 tanquam
315 934 401 970 impie
426 940 553 970 gerentes
581 935 748 969 minabatur,
768 936 812 964 sin
841 941 945 970 autem,

150 983 371 1018 proscriptiones
381 990 414 1011 ac
424 983 520 1011 exsilia
533 989 560 1011 et
578 988 723 1012 tormenta.
739 985 794 1013 Deo
808 993 873 1013 vero
886 993 946 1021 gra-

151 1029 290 1057 tissimum
305 1029 456 1065 lipsanum,
472 1034 570 1065 utpote
587 1030 699 1065 quidam
721 1030 867 1058 thesaurus
880 1039 944 1066 pos-

150 1075 311 1103 sessoribus
331 1075 453 1107 habitus,
478 1076 669 1110 auferebatur,
686 1077 806 1104 invisum
831 1077 888 1114 (84)
912 1077 946 1106 de

150 1126 254 1149 (πίει-ο
269 1121 454 1150 eﬂiciendum.
468 1122 533 1150 Tale
549 1123 616 1158 quid
628 1129 656 1151 et
668 1123 696 1150 in
710 1123 944 1158 pretiosissimum

149 1167 301 1195 laudabilis
316 1167 447 1203 martyris
463 1168 625 1202 Euphemia‘.
640 1169 773 1203 profanus
787 1169 833 1196 liie
856 1169 945 1204 impc-

152 1217 232 1240 rator
247 1212 386 1248 lipsanum
401 1213 499 1248 gessit,
518 1214 545 1241 in
562 1214 729 1249 profundum
756 1215 784 1242 id
806 1223 860 1243 una
882 1223 946 1243 cum

147 1259 243 1287 loculo
253 1259 369 1295 jaciens,
380 1268 436 1287 non
451 1259 543 1288 ferens
559 1261 653 1288 videre
662 1261 798 1296 unguenti
811 1261 898 1288 etiam
912 1270 946 1288 ex

148 1312 180 1332 se
192 1313 276 1340 super
285 1313 395 1333 omnem
409 1306 541 1341 populum
555 1306 721 1334 suavitatem
733 1306 907 1340 reddentem,
918 1313 946 1335 et

149 1355 313 1387 arguentem
327 1352 388 1387 ejus
401 1352 536 1380 adversus
552 1352 768 1381 intercessiones
783 1358 945 1381 sanctorum

149 1397 347 1425 deliramenta.
363 1397 417 1425 Sed
434 1398 518 1431 Deus,
535 1398 584 1434 qui
603 1399 726 1427 custodit
745 1407 808 1427 ossa
832 1400 945 1435 placen-

149 1443 222 1471 tium
234 1443 387 1472 secundum
400 1444 494 1472 divina
508 1445 632 1480 eloquia,
651 1445 769 1473 illaasum
798 1446 852 1473 hoc
875 1454 944 1473 con-

149 1490 283 1524 servavit,
299 1498 397 1519 rursus
418 1495 583 1519 ostensurus
612 1491 681 1519 illud
708 1491 781 1527 apud
809 1491 945 1519 Lemnum

148 1537 271 1564 insulam
290 1545 298 1564 ε
323 1544 372 1572 per
394 1541 560 1565 nocturnam
586 1537 661 1565 enim
684 1537 820 1566 visionem
847 1539 944 1574 jacens

1005 285 1173 320 quingentos
1190 293 1198 319 ;
1211 293 1296 321 porro
1311 293 1345 313 ex
1358 286 1417 321 ipsa
1431 286 1540 314 Thrace
1556 287 1700 322 operarios
1712 286 1795 322 quin-

1004 339 1059 367 que
1074 331 1160 360 millia
1171 336 1199 359 et
1209 332 1315 368 tegulas
1336 332 1469 360 facientes
1484 332 1630 365 ducentos,
1647 337 1675 360 et
1687 340 1793 368 praepo-

1003 378 1059 405 suit
1075 377 1116 405 eis
1128 378 1270 413 principes
1280 382 1459 406 esseeutores
1472 385 1587 414 operum
1601 387 1633 407 ac
1646 380 1792 415 patricium

1003 431 1108 457 unum;
1136 425 1231 460 sicque
1246 432 1330 460 opere
1347 429 1540 453 consummato
1566 434 1637 461 aqua
1668 426 1794 455 introivit

1003 470 1030 497 in
1048 470 1156 497 urbem.
1171 469 1308 498 Caeterum
1323 470 1419 498 eadem
1435 471 1532 506 quinta
1549 471 1701 499 indictione
1726 480 1792 507 pro-

1002 516 1078 543 vehit
1092 516 1134 544 sui
1149 523 1249 544 sensus
1259 520 1394 551 praatores
1404 522 1432 544 et
1446 517 1589 552 operarios
1601 517 1725 553 nequitia
1742 525 1791 546 sua

1000 563 1160 598 condignos,
1179 562 1339 590 Michaelem
1354 563 1487 591 videlicet
1502 564 1676 592 Melissenum
1694 565 1722 592 in
1733 565 1794 592 the-

1001 614 1073 637 mate
1090 609 1270 637 Orientalium
1287 614 1316 637 et
1329 610 1490 638 Michaelem
1500 610 1791 639 Lachanadracontem

1000 656 1027 683 in
1041 655 1211 688 Thracesiis,
1226 663 1311 691 super
1324 656 1506 684 buccellarios
1516 664 1583 684 vero
1595 657 1687 684 Manin
1701 665 1717 684 a
1732 665 1791 684 ma-

1000 702 1055 732 nia,
1068 701 1096 729 id
1111 706 1153 729 est
1164 701 1281 735 insania,
1304 702 1486 730 nominatum;
1505 702 1558 730 Sed
1587 704 1649 738 quis
1674 703 1793 740 idoneus

999 747 1033 774 ad
1051 747 1207 775 enarranda
1219 749 1353 776 scelerata
1368 749 1468 776 horum
1483 749 1602 784 piacula,
1620 757 1681 785 quae
1692 751 1794 786 partim

999 794 1057 821 suis
1071 801 1085 821 a
1105 794 1185 822 nobis
1197 795 1411 823 conscribentur
1429 795 1457 822 in
1482 796 1549 824 locis
1561 796 1573 823 ?
1586 796 1685 824 Omnia
1716 798 1791 825 enim

998 847 1047 867 seu
1063 841 1171 876 singula
1189 841 1288 868 horum
1303 849 1388 876 opera
1405 842 1429 869 si
1455 843 1714 877 conscriberentur,
1730 851 1792 879 qua:

998 887 1033 915 ad
1048 888 1222 916 curationem
1235 888 1397 924 imperantis
1419 888 1517 917 effecta
1532 895 1607 922 sunt,
1623 898 1675 918 nec
1701 890 1791 926 ipsum

961 922 1130 967 Barbitror,
1161 939 1191 962 ut
1228 922 1339 970 proprie
1373 942 1435 962 cum
1470 935 1638 970 evangelista
1672 922 1790 969 dicatur,

999 980 1131 1008 mundum
1147 988 1247 1016 capere
1261 988 1309 1008 eos
1323 981 1370 1016 qui
1388 981 1528 1009 scribendi
1543 986 1608 1010 sunt
1620 982 1718 1010 libros.

1033 1027 1113 1054 Anno
1132 1027 1230 1055 mundi
1255 1027 1336 1059 6259,
1366 1027 1466 1055 divinae
1494 1027 1694 1056 incarnationis
1719 1036 1793 1056 anno

997 1072 1059 1105 759,
1075 1080 1148 1100 anno
1173 1073 1284 1108 imperii
1309 1072 1486 1101 Constantini
1498 1074 1532 1101 27
1550 1073 1708 1110 Stephanus
1736 1075 1793 1103 Ro-

997 1126 1086 1146 mamn
1102 1119 1176 1147 sedis
1189 1119 1308 1147 habetur
1330 1120 1457 1147 antistes.
1483 1119 1681 1148 Constantinus
1712 1129 1790 1152 vero.

997 1165 1057 1192 falsi
1071 1165 1192 1193 nominis
1207 1166 1375 1200 patriarcha,
1388 1165 1489 1194 ductus
1499 1170 1542 1194 est
1560 1166 1646 1194 Nonis
1663 1167 1792 1195 Octobri-

998 1210 1050 1237 bus
1064 1217 1148 1238 sexta:
1165 1210 1324 1239 indictionis
1335 1220 1349 1239 a
1361 1211 1487 1247 principe
1503 1212 1531 1239 in
1549 1212 1687 1247 insulam;
1707 1221 1791 1249 quem

996 1259 1024 1283 et
1037 1256 1137 1284 cecidit
1150 1262 1294 1292 tyrannus,
1308 1257 1381 1293 quod
1397 1258 1500 1286 vadere
1522 1266 1576 1287 non
1593 1259 1709 1287 valeret.
1725 1260 1790 1288 Jus-

997 1302 1033 1329 sit
1047 1306 1138 1330 autem
1152 1311 1214 1330 eum
1232 1304 1259 1330 in
1274 1303 1374 1339 pliorio
1392 1305 1509 1340 portari,
1523 1309 1552 1333 et
1561 1310 1673 1333 euntem
1694 1306 1791 1334 sedere

996 1347 1024 1374 in
1037 1348 1143 1382 gremio
1156 1348 1282 1376 ecclesiae
1306 1349 1425 1384 Magnae;
1439 1353 1553 1386 eratque
1570 1351 1702 1379 aseeretis
1726 1359 1790 1379 cum

996 1401 1030 1420 eo
1047 1393 1142 1420 ferens
1161 1393 1264 1421 charta:
1281 1399 1397 1428 tomum,
1411 1395 1438 1422 in
1453 1403 1508 1430 quo
1523 1400 1604 1424 erant
1626 1396 1722 1432 scripti
1742 1397 1791 1425 liu-

994 1439 1039 1474 jus
1054 1447 1195 1468 excessus.
1214 1439 1295 1468 Omni
1315 1448 1382 1477 ergo
1398 1442 1500 1477 populo
1515 1442 1638 1470 civitatis
1661 1451 1696 1470 ex
1720 1452 1789 1479 pra

997 1491 1078 1520 cepto
1093 1485 1172 1522 regio
1198 1486 1255 1514 illic
1271 1492 1437 1522 congregato
1461 1491 1490 1516 et
1509 1487 1621 1516 vidente
1647 1489 1791 1525 legebatur

997 1531 1093 1560 charta
1106 1532 1134 1559 in
1148 1532 1321 1561 audientiam
1337 1533 1423 1561 totius
1434 1534 1539 1570 populi,
1564 1538 1593 1562 et
1616 1543 1665 1571 per
1683 1536 1789 1572 singula

147 1581 317 1609 elevandum
338 1582 470 1617 praecepit,
485 1586 513 1610 ει
539 1583 770 1610 conservandum,
794 1583 851 1611 sub
872 1584 946 1612 con-
959 1598 982 1629 c
998 1579 1173 1614 percutiebat
1183 1579 1315 1608 asecretis
1328 1579 1427 1608 faciem
1439 1581 1510 1617 ejus,
1522 1581 1618 1610 Niceta
1630 1582 1788 1617 patriarcha

148 1627 275 1655 stantino
289 1635 357 1655 vero
377 1631 406 1655 et
418 1627 537 1655 Heirene
549 1627 603 1662 piis
628 1628 855 1662 imperatoribus,
871 1629 944 1656 indi-

148 1673 245 1701 ctione
261 1677 369 1708 quarta,
394 1680 458 1701 cum
488 1672 597 1700 decenti
620 1672 833 1701 honoriﬁcentia
863 1673 945 1702 rediit

147 1720 186 1748 ad
200 1720 332 1755 templum
348 1727 441 1747 suum.
465 1719 545 1753 Quod
578 1719 637 1755 ipse
663 1719 788 1755 quidem,
813 1725 944 1755 tanquam

146 1766 281 1794 inimicus
296 1766 493 1799 Ecclesiarum,
513 1774 661 1794 commune
678 1766 743 1794 fecit
758 1771 943 1794 armamenta-

146 1813 225 1841 rium
238 1812 500 1848 sterquiliniumque
516 1812 574 1840 fore
589 1812 724 1844 decrevit,
740 1812 780 1839 illi
811 1820 942 1848 repurga-

147 1859 284 1888 tumhoc
309 1858 409 1887 iterum
439 1864 630 1892 saeraverunt,
660 1859 692 1886 ad
720 1859 944 1894 redargutionem

146 1906 264 1942 quidem
279 1906 362 1942 hujus
379 1906 541 1941 impietatis,
569 1906 759 1934 ostensionem
778 1910 871 1933 autem
890 1905 944 1933 ho-

146 1960 213 1980 rum
230 1952 351 1987 pietatis.
367 1952 423 1979 lloc
434 1956 526 1979 autem
535 1951 571 1979 ob
585 1951 753 1986 stupendum
764 1955 792 1978 et
802 1951 943 1986 scriptura

146 1999 266 2034 dignum
284 1998 446 2026 miraculum
463 2002 525 2032 post
536 1997 573 2024 2‘2
591 2005 680 2025 annos
696 1997 784 2032 iniqui
810 1996 944 2032 principis

145 2045 261 2076 mortis,
280 2052 333 2071 una
346 2051 409 2071 cum
425 2043 559 2078 piissimis
571 2043 787 2078 imperatoribus
800 2047 828 2070 et
855 2043 943 2070 Tara-

145 2091 194 2119 sio
209 2089 383 2117 sanctissimo
391 2088 559 2124 patriarcha,
575 2096 625 2116 nos
635 2094 663 2116 et
674 2089 826 2117 vidimuset
834 2097 896 2116 cum
903 2089 944 2116 eis

145 2135 270 2171 amplexi
287 2136 399 2168 fuimus,
414 2135 480 2163 licet
494 2135 599 2171 indigni
611 2143 736 2171 magnam
748 2135 863 2171 gratiam
877 2142 943 2170 pro-

145 2186 303 2212 merentes.
320 2182 408 2210 Porro
431 2181 540 2209 decimo
565 2186 643 2209 sexto
666 2181 800 2209 Kalendas
827 2181 943 2210 Decem-

144 2229 237 2261 brias,
250 2227 373 2264 ejusdem
391 2227 494 2263 quintae
509 2227 679 2257 indietionis.
693 2227 806 2255 decreto
823 2227 943 2262 impera-

998 1625 1026 1652 in
1037 1624 1210 1653 eonfessorio
1231 1625 1344 1654 sedente
1360 1634 1394 1654 ac
1409 1626 1545 1656 intuente.
1565 1628 1630 1656 Post
1644 1628 1702 1657 haec
1721 1637 1788 1657 vero

996 1679 1058 1699 eum
1070 1661 1266 1707 imposuissent
1277 1680 1342 1700 eum
1359 1672 1387 1700 in
1399 1673 1546 1701 ambonem
1556 1677 1583 1702 et
1594 1680 1700 1702 rectum
1713 1680 1788 1703 stare

996 1717 1137 1747 fecissent.
1150 1718 1256 1753 accepit
1266 1717 1376 1746 Nicetas
1392 1717 1519 1746 chartam
1535 1725 1563 1747 et
1583 1720 1661 1747 misit
1681 1721 1787 1755 episcoo

995 1762 1082 1797 pis,et
1099 1762 1190 1790 ablato
1201 1763 1424 1798 superhumerali
1441 1764 1517 1799 ejus,
1532 1765 1788 1794 anathematizave-

996 1810 1060 1833 runt
1073 1814 1148 1839 eum,
1164 1811 1193 1834 et
1205 1806 1280 1834 hunc
1303 1807 1461 1843 Scotiopsin
1474 1809 1711 1844 cognominantes.
1725 1811 1788 1840 abs-

996 1857 1139 1880 traxerunt
1181 1853 1216 1880 ab
1245 1853 1377 1886 ecclesia,
1407 1854 1577 1889 gradientem
1621 1859 1787 1891 retrorsum,

996 1899 1107 1926 Postera
1121 1906 1188 1926 vero
1204 1899 1251 1927 die
1273 1906 1337 1927 cum
1367 1899 1426 1927 ludi
1454 1899 1602 1928 Circenses
1626 1907 1788 1936 agerentur,

995 1949 1123 1972 raserunt
1149 1944 1246 1972 faciem
1272 1945 1344 1980 ejus,
1369 1950 1397 1972 et
1425 1945 1540 1973 barbam
1560 1946 1784 1982 denudaverunt,

996 1993 1094 2028 capitis
1111 2001 1143 2021 ac
1171 1994 1384 2028 superciliorum
1399 1993 1464 2029 pilis
1486 1994 1596 2028 ablatis,
1612 1999 1640 2023 et
1656 1996 1785 2024 indutum

995 2039 1070 2066 hunc
1081 2038 1163 2067 laneo
1176 2038 1254 2066 brevi
1262 2043 1291 2067 et
1300 2039 1360 2067 sine
1370 2040 1486 2068 manicis
1496 2041 1674 2074 vestimento,
1687 2043 1786 2071 sedere

995 2086 1122 2113 fecerunt
1135 2085 1248 2121 oblique
1262 2093 1348 2121 super
1362 2086 1472 2114 asinum
1487 2093 1579 2123 sagina
1598 2087 1745 2123 ferentem,
1758 2095 1788 2117 et

995 2132 1178 2167 ipsiustenere
1186 2132 1310 2164 caudam,
1318 2132 1507 2160 eteduxerunt
1515 2140 1579 2160 eum
1590 2141 1639 2169 per
1646 2134 1786 2170 Diippiuin

995 2178 1235 2214 Hippodromium,
1263 2183 1364 2206 cuncto
1381 2179 1485 2214 populo
1499 2184 1526 2207 et
1545 2179 1627 2215 vulgo
1646 2181 1717 2208 mala
1736 2182 1787 2208 im-

994 2230 1126 2261 precante
1140 2225 1180 2253 illi
1197 2229 1224 2253 et
1241 2228 1422 2260 conspuente.
1449 2224 1593 2253 Trahebat
1612 2228 1705 2254 autem
1733 2228 1788 2256 asi—

146 2274 220 2303 toris
248 2278 428 2309 promovetur
454 2273 565 2301 Nicetas
593 2273 740 2301 eunuchus
769 2280 802 2300 ex
837 2272 943 2301 Sclavis
960 2267 981 2295 D
997 2280 1061 2300 num
1073 2271 1271 2300 Constantinus
1283 2278 1370 2306 nepos
1384 2270 1481 2305 ipsius,
1494 2279 1562 2299 naso
1587 2272 1684 2300 reciso.
1702 2273 1787 2300 Cum~

144 2325 230 2349 ortus
259 2320 450 2356 irregulariter
477 2320 634 2355 patriarcha
651 2319 942 2356 Constantinopoleos.

143 2369 184 2397 Et
200 2368 269 2395 facta
282 2371 326 2394 est
340 2366 460 2399 siccitas,
481 2366 519 2393 ita
536 2371 568 2393 ut
586 2374 638 2394 nec
653 2374 701 2394 ros
715 2366 762 2393 «de
777 2367 848 2394 coelo
864 2366 945 2394 cade-

143 2421 202 2448 ret.
219 2415 376 2450 defecitque
389 2405 500 2450 penitus
522 2414 557 2441 ab
575 2414 644 2441 urbe
656 2421 739 2449 aqua,
751 2418 779 2441 et
792 2414 889 2441 otium
900 2422 945 2441 re-

142 2467 314 2492 manserunt
327 2456 382 2489 iam
398 2461 526 2489 cisterna:
537 2467 620 2495 quam
633 2460 751 2491 lavacra,
769 2459 836 2494 quin
851 2459 943 2494 potius

142 2516 174 2537 et
190 2509 292 2536 ﬂuenta
306 2507 432 2538 fontalia.
453 2514 515 2541 quae
544 2505 622 2541 prius
652 2504 755 2540 jugiter
782 2505 941 2533 eﬂluebant.

144 2555 230 2589 Quod
250 2554 363 2582 intuens
376 2553 526 2588 imperator
550 2552 634 2587 cmpit
657 2559 792 2579 renovare
812 2551 942 2586 aquaedu-

143 2608 226 2631 ctum
242 2600 440 2632 Valentiniani,
461 2599 584 2635 quicum
607 2605 696 2633 usque
721 2597 756 2625 ad
782 2597 940 2625 Heraclium

144 2647 338 2685 perdurasset,
356 2647 391 2674 ab
406 2645 545 2673 Avaribus
569 2648 612 2672 est
639 2644 807 2672 destructus.
840 2643 941 2672 Electis

143 2702 215 2730 ergo
226 2702 260 2722 ex
273 2693 392 2721 diversis
407 2692 476 2720 locis
500 2691 655 2719 artificibus
678 2691 713 2718 ab
740 2690 803 2718 Asia
828 2691 940 2726 quidem

143 2741 229 2771 duxit
240 2745 269 2770 et
283 2740 371 2769 Ponto
385 2739 568 2767 aediﬁcatores
585 2738 659 2766 mille
681 2745 709 2766 et
725 2737 868 2766 liniatores
883 2737 939 2773 (85)

992 2327 1046 2354 que
1055 2318 1175 2346 vertisset
1183 2317 1217 2345 ad
1226 2317 1333 2352 vulgus,
1344 2316 1549 2344 descenderunt
1558 2321 1586 2345 et
1595 2324 1786 2353 conspuerunt

992 2370 1020 2392 et
1033 2365 1176 2400 pulverem
1195 2363 1373 2398 projeeerunt
1386 2369 1470 2397 super
1490 2369 1565 2389 eum.
1596 2363 1630 2390 Et
1646 2371 1710 2391 cum
1735 2363 1784 2391 ad-

994 2410 1139 2438 duxissent
1163 2416 1227 2436 eum
1256 2407 1291 2436 ad
1322 2408 1531 2440 consistorium,
1561 2409 1723 2445 dejecerunt
1750 2411 1785 2439 de

994 2456 1082 2487 asino,
1098 2459 1126 2483 et
1139 2454 1281 2483 calcavere
1298 2453 1400 2482 collum
1419 2455 1489 2490 ejus,
1506 2459 1535 2482 et
1551 2456 1702 2484 collocatus
1716 2465 1784 2485 con—

994 2507 1033 2529 tra
1048 2501 1147 2537 vulgus
1161 2500 1292 2528 audiebat
1305 2501 1340 2528 ab
1355 2500 1409 2528 illis
1422 2500 1529 2529 ludicra
1547 2502 1634 2530 verba
1651 2511 1739 2539 usque
1749 2504 1785 2532 ad

993 2548 1195 2577 absolutionem
1210 2547 1340 2575 ludorum
1354 2547 1538 2582 equestrium.

1030 2594 1132 2623 Eodem
1148 2602 1260 2629 quoque
1281 2601 1376 2622 mense
1391 2594 1484 2622 missis
1509 2594 1610 2630 impius
1633 2595 1784 2631 imperator

992 2641 1117 2678 patriciis
1133 2639 1270 2676 signiﬁcat
1293 2640 1320 2668 ei
1348 2640 1468 2668 dicens:
1489 2640 1558 2674 Quid
1583 2641 1648 2668 dicis
1678 2641 1710 2669 de
1730 2642 1783 2676 ﬁde

995 2692 1087 2717 nostra
1100 2692 1125 2715 et
1149 2687 1270 2720 concilio,
1282 2688 1351 2723 quod
1369 2688 1477 2723 fecimus
1490 2688 1503 2715 ?
1518 2687 1570 2721 Qui
1597 2688 1724 2716 sensibus
1747 2688 1781 2715 ad

995 2735 1144 2763 vanitatem
1164 2735 1305 2762 conversis
1324 2733 1467 2769 respondit
1484 2741 1491 2761 :
1506 2733 1586 2766 Bene,
1600 2734 1740 2769 inquiens,
1756 2739 1781 2761 et

915 2817 1030 2847 NOTAE.

188 2888 244 2924 (Si)
261 2888 391 2918 Invisum,
403 2887 538 2922 Apuleius
552 2887 569 2914 5
584 2896 594 2924 εν
612 2897 620 2913 ‹
635 2887 702 2924 Post
724 2887 832 2924 opimas
856 2887 940 2922 dapes

143 2922 260 2960 quidam
276 2923 433 2952 introcessit
449 2927 476 2950 et
489 2923 610 2951 cantavit
634 2923 749 2951 invisus.
767 2932 776 2949 ι
799 2922 879 2950 ῖληῐι.

311 2972 445 3003 ΡΑτιιοι..
470 2970 527 3002 Gn.
551 2971 661 3003 Ci’lll.

1031 2885 1086 2919 (85)
1102 2885 1357 2913 Liniatores.Gloss.
1372 2885 1460 2920 χρίσις
1472 2885 1600 2914 liniatura
1612 2885 1723 2914 oblitus.
1741 2884 1780 2912 lo.

1032 2921 1087 2957 (86)
1105 2920 1305 2949 Testacearios.
1320 2921 1400 2948 Eum.

1570 2969 1606 2999 44
