2052 3153
212 187 214 190 ’
246 186 315 217 1387

793 181 992 212 ANASTASII
1016 180 1270 211 BIBL‘IOTIIECA
1276 180 1332 210 RH

1804 175 1874 208 1388

247 241 339 273 credis,
352 245 376 268 et
393 240 456 267 bene
470 239 610 267 concilium
626 242 750 274 operatus
772 247 810 271 es,
833 244 934 273 putans
958 245 986 265 sc
1002 237 1037 264 ob
1052 240 1074 268 Α
1088 238 1229 265 adhaerere
1245 241 1358 272 prop'er
1373 235 1496 263 luxurias
1512 241 1585 262 suas.
1600 233 1670 262 Cum
1697 238 1789 260 autem
1810 241 1876 260 seu-

248 289 300 315 hoc
310 287 386 314 illum
404 293 502 314 rursus
517 286 637 321 placare.
650 285 684 312 At
700 285 738 312 illi
755 284 901 313 confestim
919 291 1035 319 respon-

247 333 346 361 dentes
357 332 487 359 dixerunt
503 340 510 358 ε
524 331 578 358 Nos
590 331 645 358 hcce
668 330 762 357 audire
784 329 907 357 nolumus
932 330 964 357 ub
991 337 1036 356 ore

248 385 293 407 tuo
310 378 420 414 polluto.
435 378 478 405 Ea:
491 379 539 405 hoc
551 386 614 413 ergo
628 377 693 404 uade
705 377 733 404 in
755 376 876 403 tenebras
887 380 911 403 et
925 377 953 403 in
967 384 1037 402 ana-

249 426 347 453 thema.
366 425 400 452 Et
418 424 457 451 sic
471 428 584 458 accepta
600 422 737 451 sententia
751 422 895 450 descendit
912 421 944 449 ad
961 421 1037 448 clau—

250 477 306 499 stra
322 471 452 503 ferarum,
471 474 499 498 et
523 469 675 497 decollatns
699 473 751 496 est.
779 469 813 496 Et
830 473 913 503 caput
926 467 1038 502 quidem

250 518 312 553 ejus
327 524 378 551 per
389 523 473 543 aures
485 515 603 550 ligantes
627 514 718 541 tribus
734 514 834 541 diebus
846 514 873 541 in
889 513 964 541 Milio
979 520 1040 540 sus-

244 561 408 598 :penderunt
425 561 458 588 ad
471 560 683 588 ostentationem
706 560 794 595 plebis
818 567 826 587 :
851 567 952 594 corpus
973 566 1040 586 vero

250 609 312 643 ejus
326 607 395 642 pede
412 606 479 633 resti
495 606 580 641 ligato
595 610 738 633 traxerunt
749 614 798 640 per
814 606 931 640 plateam
950 611 1039 639 usque

253 654 286 681 ad
302 654 361 680 loca
378 652 494 687 Pelagii,
508 656 535 679 et
552 651 715 679 sociandum
731 651 900 679 biothanatis
922 651 1042 686 jactave-

252 704 337 733 runt;
354 699 482 726 similiter
497 702 526 725 et
538 701 622 732 caput
642 698 703 733 ejus
732 702 794 732 post
811 702 868 724 tres
893 697 954 724 dies
977 697 1043 724 illuc

252 745 374 772 delatum
391 744 580 780 projeeerunt.
601 743 623 771 0
637 743 907 770 irrationabilitatem
932 747 960 770 et
978 751 1042 770 cru-

253 791 394 819 delitatem
408 795 490 825 atque
506 789 766 818 immisericordiam
782 788 974 817 immitissimte
996 789 1045 816 be-

255 837 331 865 stiast
348 837 408 864 Non
423 840 465 863 est
489 836 596 864 veritus
625 835 709 862 miser
731 835 866 862 sanctum'
880 835 1019 862 lavacrum
1035 842 1043 861 :

255 883 324 910 duos
335 882 408 909 enim
423 881 494 909 ﬁlios
506 881 566 917 ejus
580 888 613 908 ex
631 881 713 908 tertia
729 881 846 915 conjuge
863 880 952 915 ipsius
965 880 993 907 in
1005 880 1045 906 ul-

255 936 305 955 nas
318 935 382 956 suas
396 930 566 962 susceperat,
583 925 719 960 siquidem
747 933 855 960 semper
870 925 963 952 feralis
985 932 1045 952 mo-

255 975 333 1003 ribus
346 980 375 1002 et
389 975 589 1001 immansuetus
600 981 661 1001 esse
674 973 818 1008 probatur.
833 973 874 999 Ab
889 972 941 1000 hoc
951 977 1044 1000 autem

256 1028 330 1048 anno
343 1019 472 1055 ampliori
491 1019 597 1046 insania
613 1026 680 1045 usus
700 1023 742 1045 est
772 1026 779 1045 τ
806 1018 920 1045 mittens
944 1017 1046 1052 quippe

256 1065 386 1100 deposuit
415 1064 527 1091 Petrum
548 1063 671 1090 nobilem
687 1063 807 1099 stylitem
820 1070 834 1089 a
849 1066 938 1098 petra,
964 1070 1046 1097 quem

256 1113 360 1143 rivum,
376 1117 439 1138 cum
456 1109 633 1144 dogmatibus
645 1109 705 1144 ejus
730 1109 830 1136 cedere
846 1109 996 1141 renuisset,
1013 1108 1047 1135 li-

256 1156 328 1192 gatis
343 1155 461 1191 pedibus
473 1155 533 1190 ejus
550 1155 578 1181 in
597 1154 760 1189 praedictum
779 1154 880 1189 Pelagii
896 1154 999 1185 locum,
1018 1157 1047 1181 et

257 1202 332 1229 hunc
347 1208 457 1236 quoque
474 1207 523 1234 per
549 1200 666 1234 plateam
694 1203 810 1227 tractum
837 1199 936 1234 projici
954 1198 1047 1235 jussit.

258 1248 333 1275 Alios
348 1247 431 1275 etiam
450 1247 478 1273 in
495 1246 583 1274 saccis
597 1245 723 1273 vinciens
748 1252 776 1273 et
789 1245 930 1281 lapidibus
953 1253 1049 1280 aggra-

258 1300 325 1319 vans
340 1293 367 1319 in
385 1292 496 1327 pelagus
506 1291 604 1327 jactari
621 1291 808 1326 praecipiebat,
824 1292 918 1319 oculos
936 1299 1048 1325 eruens,

258 1345 341 1365 nares
356 1337 533 1369 abscindens,
542 1337 656 1372 ﬂagellis
668 1338 822 1370 excorians,
831 1343 859 1365 et
871 1345 981 1366 omnem
994 1342 1050 1365 tor-

259 1384 343 1410 menti
359 1383 478 1417 speciem
495 1382 628 1410 adversus
641 1390 689 1410 eos
708 1383 755 1418 qui
774 1383 818 1418 pio
839 1383 954 1418 agebant
967 1391 1050 1411 exco-

257 1431 359 1466 gitans.
373 1429 407 1456 Et
428 1429 454 1456 in
469 1429 566 1456 urbem
579 1429 691 1464 quidem
706 1437 756 1464 per
778 1437 807 1456 se
835 1429 925 1464 ipsum
947 1429 1006 1456 haec
1024 1433 1052 1456 et

258 1479 460 1503 conscntaneos
497 1482 573 1507 suos,
603 1475 754 1502 Antonium
788 1476 833 1503 aio
858 1476 1004 1510 patricium
1024 1480 1052 1503 et

259 1522 414 1549 scholarum
427 1521 620 1551 domesticum.
640 1529 672 1549 ac
690 1523 801 1549 Petrum
820 1522 993 1557 magistrum,
1009 1525 1051 1549 at—

260 1576 314 1602 que
334 1574 384 1602 per
405 1567 537 1602 populum
552 1567 721 1602 singulorum
747 1568 886 1600 ordinum.
917 1568 965 1603 qui
988 1576 1003 1596 a
1022 1576 1052 1596 se

260 1611 350 1639 fuerat
364 1611 399 1638 ad
422 1611 484 1638 talia
497 1611 634 1643 eruditus,
664 1612 774 1647 agebat.
798 1613 835 1640 'ln
859 1614 963 1642 exteris
986 1622 1052 1642 vero

262 1657 430 1685 thematibus
445 1665 493 1692 per
507 1658 564 1693 jam
580 1658 668 1686 dictos
682 1663 826 1693 praetores.
849 1660 909 1695 Ipse
932 1668 1051 1696 namque

260 1703 374 1731 citharae
385 1703 478 1730 sonitu
499 1703 688 1731 delectabatur
702 1709 785 1739 atque
801 1706 946 1739 conviviis,
964 1707 1052 1742 turpi-

260 1750 313 1777 bus
329 1749 506 1777 sermonibus
519 1753 547 1776 et
558 1750 752 1778 saltationibus
765 1758 814 1778 eos
830 1751 878 1786 qui
892 1752 943 1779 sibi
957 1752 1051 1780 adhae-

261 1796 359 1823 rebant
375 1795 545 1822 incessanter
567 1795 715 1827 erudiens,
738 1800 767 1823 et
791 1795 881 1823 sicubi
907 1796 1051 1832 quisquam

260 1834 392 1870 corruens
401 1841 444 1868 vel
456 1841 554 1869 dolens
565 1841 673 1869 solitam
688 1837 853 1870 Christianis
863 1850 959 1870 vocem
970 1843 1052 1870 emit-

260 1891 331 1915 teret
349 1887 464 1914 dicens:
489 1887 536 1913 Dei
547 1887 679 1920 Genitrix,
692 1888 770 1922 juva,
783 1891 831 1915 aut
846 1888 955 1923 vigilias
969 1895 1053 1924 agens

260 1932 516 1967 deprehenderetur
537 1937 584 1960 aut
611 1933 742 1960 Ecclesiis
768 1938 896 1961 assuetus
923 1939 1052 1962 autcum

260 1977 395 2013 religione
417 1977 514 2004 vivens
526 1981 575 2004 aut
590 1985 646 2004 non
677 1978 779 2012 passim
808 1979 977 2014 juramentis
1002 1979 1052 2007 ab-

259 2029 351 2057 utens,
370 2028 400 2051 ut
413 2023 541 2050 inimicus
564 2023 739 2057 imperatoris
755 2024 939 2053 damnabatur
954 2029 981 2052 et
999 2025 1052 2052 im-

260 2070 447 2097 memorabilis
475 2070 679 2098 nominabatur.
706 2071 871 2099 Monasteria
896 2079 972 2104 vero,
992 2079 1052 2106 quae

261 2115 288 2142 in
304 2115 420 2150 gloriam
435 2115 483 2142 Dei
501 2119 528 2142 et
543 2115 648 2150 refugia
661 2116 856 2143 salvandorum
867 2115 965 2144 eﬂ‘ecta
976 2120 1050 2150 sunt,

264 2158 358 2185 domos
380 2158 439 2185 fore
461 2166 621 2186 communes
646 2158 803 2187 fautoribus
835 2160 893 2188 suis
918 2161 1053 2189 militibus

260 2203 391 2231 faciebat.
415 2203 538 2238 Denique
550 2204 708 2231 coenobium
728 2205 868 2238 Dalmatii,
885 2206 958 2241 quod
978 2207 1052 2234 inter

261 2249 367 2284 optima
381 2249 503 2285 Byzantii
521 2254 581 2277 erat
590 2250 727 2284 cmnobia,
744 2251 880 2280 militibus
900 2253 927 2279 in
942 2252 1051 2280 habita-

261 2296 354 2324 culum
371 2296 483 2330 tribuit;
497 2304 530 2324 ea
545 2305 605 2332 quae
618 2297 750 2325 dicuntur
762 2297 912 2327 Callistrati
923 2303 950 2326 et
962 2299 1003 2326 Dii
1020 2307 1052 2326 ac

261 2342 399 2370 Maximini
411 2343 590 2375 monasteria,
606 2352 715 2371 necnon
730 2348 758 2372 et
781 2345 850 2373 alias
872 2353 966 2373 sacras
990 2354 1051 2373 mo-

260 2390 410 2417 nacharum
424 2397 456 2417 ac
470 2390 608 2425 virginum
629 2390 737 2423 domos,
750 2399 766 2418 a
791 2391 977 2420 fundamentis
1001 2392 1050 2420 de-

260 2435 370 2463 struxit.
388 2436 443 2463 Eos
459 2443 527 2463 vero
539 2437 587 2471 qui
608 2438 790 2465 monasticam
812 2438 906 2467 subire
919 2439 1004 2466 vitam
1017 2447 1052 2466 ex

260 2480 415 2516 insignibus
429 2481 567 2508 militibus
579 2482 624 2509 vel
638 2483 816 2511 senatoribus
831 2484 1006 2516 studuerant,
1022 2489 1052 2512 et

258 2526 378 2554 maxime
390 2526 452 2554 illos
463 2526 510 2561 qui
525 2527 578 2554 sibi
591 2527 767 2555 adhaeserant
778 2532 806 2556 et
818 2529 972 2564 complices
986 2530 1051 2557 libi-

259 2572 333 2599 dinis
348 2580 405 2600 sua:
428 2581 460 2601 ae
473 2573 658 2601 nefandorum
681 2579 793 2603 actuum
817 2575 938 2609 fuerant,
968 2576 1052 2604 morti

258 2617 405 2650 subdebat,
416 2619 556 2653 suspectui
571 2620 677 2648 habens
701 2621 903 2654 confusionem,
920 2629 981 2657 qua:
997 2621 1051 2649 sibi

258 2671 292 2691 ex
307 2664 585 2699 pronuntiationibus
607 2665 686 2694 fieret
701 2666 905 2702 propalantium
916 2675 956 2694 se.
972 2667 1051 2696 Unde

258 2713 286 2736 et
302 2709 471 2744 Strategium
482 2709 656 2746 Podopaguri
671 2711 797 2744 fratrem,
815 2719 879 2739 cum
902 2716 977 2739 esset
1001 2720 1048 2738 ur-

258 2755 349 2783 banus
374 2755 480 2791 specie,
510 2757 684 2792 assumpsit:
707 2757 817 2785 amabat
843 2759 916 2786 enim
948 2758 1050 2785 talibus

1087 284 1169 311 sisset
1187 291 1250 310 eum
1265 283 1379 310 moleste
1398 282 1493 309 tulisse
1505 279 1633 308 infandas
1648 280 1676 306 in
1697 279 1775 306 viros
1799 279 1876 305 insa-

1088 330 1148 358 nias
1165 337 1242 361 suas.
1255 335 1283 357 et
1296 329 1379 356 beato
1395 328 1537 362 Stephano
1559 326 1684 354 inclauso
1696 325 1726 352 S.
1746 324 1878 352 Auxentii

1088 376 1138 403 has
1154 375 1312 404 manifestas
1327 374 1491 407 reddidisse,
1507 373 1660 409 salutisque
1676 372 1799 400 remedia
1817 379 1878 399 sup

1089 422 1206 457 cepisse,
1235 422 1310 449 hunc
1325 421 1404 456 quasi
1422 420 1612 448 insidiatorem
1629 427 1710 447 suum
1731 418 1880 446 diffamans

1090 477 1144 496 una
1174 477 1236 496 cum
1255 468 1388 500 inclauso.
1404 472 1435 495 ut
1457 467 1620 502 praedictum
1648 469 1701 497 est.
1726 464 1879 492 interfecit.

1090 514 1166 541 Fecit
1181 518 1273 541 autem
1289 512 1432 540 abundare
1455 512 1544 539 horno
1555 511 1662 546 species
1678 510 1706 537 in
1719 509 1788 537 urbe
1803 518 1810 536 :
1826 516 1880 536 nou

1090 568 1140 586 vus
1156 559 1229 587 enim
1243 559 1329 586 Midas
1341 558 1429 585 factus
1451 564 1548 584 aurum
1563 555 1738 584 coacervavit
1759 559 1784 582 et
1806 555 1882 590 agri-

1091 605 1166 634 colas
1194 604 1361 633 denudavit.
1389 607 1418 632 et
1443 603 1479 631 ob
1506 602 1675 630 tributorum
1707 600 1881 628 exactionem

1092 650 1263 685 cogebantur
1273 649 1401 677 homines
1413 649 1503 684 largas
1517 648 1565 676 Dei
1581 647 1752 683 geniminum
1768 646 1880 674 muniﬁ-

1092 696 1197 724 centias
1215 696 1294 723 facile
1310 703 1358 723 seu
1373 696 1420 723 vili
1433 695 1523 730 pretio
1534 694 1704 722 venundare.

1128 741 1289 777 Eodemque
1305 749 1378 769 anno
1400 741 1510 769 Nicetes
1522 740 1582 767 falsi
1592 739 1712 767 nominis
1725 737 1884 774 patriarcha

1094 787 1188 814 iconas
1203 794 1237 814 ex
1251 786 1341 814 musio
1357 786 1455 819 factas,
1474 793 1535 821 qua:
1553 787 1580 813 in
1593 785 1761 820 patriarchio
1774 784 1884 812 Seereti

1094 834 1209 861 minoris
1224 838 1314 867 erant,
1328 834 1422 867 erasit,
1447 838 1476 862 et
1502 833 1636 868 imagines
1656 832 1746 868 magni
1763 831 1884 863 Secreti,

1095 888 1157 915 qua:
1168 880 1283 915 sculptze
1297 879 1326 907 in
1339 880 1414 916 ligno
1425 883 1514 911 erant,
1527 879 1666 914 deposuit,
1678 884 1706 906 et
1721 883 1886 906 camerarum

1061 925 1247 960 nimaginum
1279 925 1364 952 facies
1391 924 1529 953 delinivit.
1566 924 1620 952 Sed
1647 927 1675 952 et
1699 923 1728 951 in
1753 923 1888 951 Abramio

1097 971 1226 998 similiter
1246 970 1322 999 fecit.

1131 1018 1211 1044 Anno
1225 1018 1333 1053 imperii
1356 1017 1398 1045 sui
1415 1017 1450 1044 ‘28
1463 1016 1606 1045 coronavit
1627 1016 1777 1051 imperator
1791 1015 1888 1043 Eudos

1096 1063 1166 1091 ciam
1184 1071 1298 1091 uxorem
1326 1072 1416 1096 suam,
1435 1072 1499 1092 cum
1523 1069 1597 1092 esset
1621 1065 1756 1100 trigamus
1782 1069 1810 1092 et
1829 1065 1889 1093 hac

1097 1114 1170 1137 esset
1184 1109 1263 1138 tertia
1281 1110 1392 1144 coniux,
1410 1110 1437 1137 in
1460 1110 1612 1138 tribunalio
1631 1110 1726 1138 decem
1745 1115 1774 1138 et
1787 1118 1889 1137 novem

1097 1155 1276 1182 accubituum
1304 1155 1435 1183 Kalendis
1451 1156 1595 1191 Aprilibus
1612 1164 1618 1182 :
1637 1155 1710 1184 filios
1731 1164 1797 1184 vero
1821 1164 1889 1183 suos

1097 1207 1131 1228 ex
1146 1201 1205 1235 ipsa
1220 1206 1381 1236 procreatos
1391 1222 1398 1233 ,
1421 1201 1653 1237 Christophorum
1671 1202 1779 1230 scilicet
1794 1207 1823 1230 et
1838 1203 1889 1230 Ni-

1098 1246 1266 1280 cephorum,
1289 1251 1400 1282 postera
1420 1247 1475 1280 die,
1494 1255 1548 1283 qua
1574 1253 1700 1276 sanctum
1718 1248 1888 1276 celebratum

1099 1296 1142 1320 est
1168 1292 1284 1326 Pascha,
1307 1292 1429 1321 Caesares
1445 1294 1597 1326 ordinavit,
1613 1293 1773 1329 patriarcha
1786 1293 1890 1321 oratio-

1100 1345 1161 1365 nem
1177 1337 1306 1371 faciente,
1319 1342 1347 1366 et
1363 1339 1582 1374 imperatoribus
1600 1347 1684 1375 super
1701 1347 1750 1367 eos
1763 1339 1889 1375 chlamy-

1101 1384 1150 1411 des
1164 1389 1192 1412 et
1204 1383 1363 1412 Caesaricias
1386 1385 1594 1420 imponentibus
1606 1385 1706 1421 galeas.
1722 1385 1786 1413 Pari
1808 1385 1891 1414 modo

1100 1436 1128 1460 et
1150 1432 1286 1464 Nicetam,
1310 1432 1490 1460 novissimum
1509 1432 1623 1459 fratrem
1643 1439 1753 1464 eorum,
1773 1431 1892 1459 nobilis~

1101 1479 1171 1506 simo
1197 1478 1279 1511 facto,
1305 1478 1482 1514 superposuit
1496 1479 1708 1515 eicblamydem
1729 1486 1842 1506 auream
1862 1483 1894 1506 et.

1102 1532 1249 1558 coronam;
1264 1529 1293 1553 et
1309 1526 1347 1552 ita
1361 1530 1568 1560 processerunt,
1585 1525 1756 1561 iactantibus
1769 1524 1892 1560 impera-

1103 1570 1209 1597 toribus
1229 1570 1366 1606 hypatiam
1389 1570 1506 1598 trimisia
1525 1571 1582 1606 (87)
1612 1575 1640 1598 ct
1661 1570 1773 1598 scmisia
1786 1574 1815 1598 et
1839 1578 1895 1598 nu-

1064 1601 1086 1632 C
1103 1616 1230 1643 mismata
1244 1624 1325 1649 nova,
1339 1625 1427 1652 usque
1444 1617 1478 1644 ad
1494 1617 1620 1653 Magnam
1633 1617 1790 1644 ecclesiam.

1137 1663 1215 1689 Anno
1231 1662 1340 1697 imperii
1354 1663 1528 1690 Constantini
1541 1663 1576 1690 29
1600 1663 1725 1698 ingressa
1739 1666 1782 1690 est
1794 1662 1894 1690 urbem

1103 1707 1220 1734 [lcirene
1238 1707 1271 1734 ab
1283 1708 1399 1736 Athenis
1411 1709 1528 1736 veniens
1542 1708 1726 1736 dromonibus
1742 1713 1770 1736 et
1781 1708 1895 1735 cheian-

1103 1753 1155 1780 diis
1173 1753 1312 1788 plurimis,
1341 1753 1484 1782 adornatis
1499 1754 1597 1782 sericis
1609 1754 1711 1789 palliis,
1727 1759 1755 1781 et
1774 1755 1896 1789 proceri-

1103 1799 1155 1826 bus
1181 1799 1260 1827 urbis
1273 1807 1336 1827 eum
1353 1801 1490 1828 uxoribus
1504 1801 1616 1828 obviam
1633 1801 1849 1828 occurrentibus
1865 1804 1896 1828 et

1102 1845 1322 1881 praecedentibus
1347 1854 1419 1874 eam.
1446 1846 1571 1882 Cumque
1593 1846 1750 1882 patriarcha
1771 1847 1896 1874 venisset

1103 1892 1137 1919 ad
1171 1893 1302 1927 palatium
1329 1893 1357 1920 in
1377 1893 1523 1921 ecclesiam
1550 1893 1645 1926 Phari,
1674 1892 1746 1920 facta
1769 1897 1836 1920 sunt
1859 1892 1895 1920 ad

1103 1938 1228 1966 eamdem
1253 1938 1399 1966 Heircnem
1416 1938 1516 1966 Leonis
1541 1938 1717 1973 imperatoris
1744 1938 1895 1973 sponsalia.

1103 1989 1132 2012 et
1148 1984 1256 2012 decimo
1266 1989 1342 2012 sexto
1356 1985 1492 2012 Kalendas
1503 1984 1649 2012 Ianuarias
1662 1989 1794 2012 coronata
1808 1989 1852 2012 est
1865 1985 1894 2012 in

1104 2030 1224 2057 triclinio
1234 2031 1363 2065 Augustae
1383 2030 1545 2066 impcratrix
1560 2030 1691 2059 Hcirene.
1704 2030 1770 2065 Quae
1782 2039 1845 2059 cum
1859 2031 1895 2059 ad

1103 2076 1254 2104 oratorium
1271 2077 1299 2104 S.
1317 2076 1450 2111 Stephani
1467 2077 1550 2104 situm
1573 2077 1601 2104 in
1632 2077 1744 2112 Daphne
1769 2077 1895 2109 abiisset,

1103 2122 1210 2157 accepit
1223 2123 1382 2157 nuptiarum
1396 2130 1526 2150 coronam
1540 2131 1593 2150 una
1611 2131 1674 2150 cum
1690 2122 1747 2150 ﬁlio
1756 2123 1895 2151 Constan-

1103 2166 1171 2198 tini,
1203 2167 1316 2202 praelato
1346 2168 1476 2196 videlicet
1505 2168 1672 2203 imperatore
1699 2169 1803 2196 Leone.
1836 2169 1895 2196 Hoc

1102 2214 1186 2241 etiam
1207 2221 1280 2241 anno
1293 2213 1363 2242 facta
1378 2219 1421 2242 est
1433 2214 1613 2242 commutatio
1641 2214 1667 2242 in
1692 2214 1770 2251 Syria
1787 2215 1840 2241 viri
1859 2215 1895 2242 ad

1067 2272 1089 2300 ι)
1103 2260 1194 2287 virum
1206 2264 1234 2287 et
1245 2260 1356 2288 feminae
1375 2260 1409 2287 ad
1425 2260 1556 2289 feminam
1573 2265 1601 2288 et
1616 2261 1696 2296 pueri
1711 2261 1840 2288 similiter
1859 2261 1895 2288 ad

1103 2313 1230 2340 puerum.
1249 2306 1284 2333 Et
1295 2306 1426 2342 praecepit
1442 2307 1563 2334 Abdelas
1586 2307 1646 2334 radi
1667 2307 1767 2335 barbas
1784 2315 1894 2340 eorum,

1102 2355 1130 2379 et
1141 2350 1202 2379 fieri
1214 2352 1387 2380 calamaucos
1403 2353 1490 2381 cubiti
1506 2353 1589 2381 unius
1602 2358 1630 2380 et
1644 2353 1738 2381 semis.

1142 2396 1223 2424 Anno
1252 2397 1363 2432 imperii
1389 2397 1565 2425 Constantini
1591 2397 1627 2424 50
1653 2397 1793 2425 Adrianus
1820 2396 1896 2424 sedis

1102 2443 1259 2478 apostolicae
1286 2442 1387 2478 praesul
1414 2443 1542 2470 habetur.
1572 2441 1677 2471 Eodem
1704 2451 1777 2470 anno
1807 2442 1897 2470 movit

1102 2487 1255 2515 exercitum
1278 2487 1399 2515 Banacas
1416 2493 1513 2516 contra
1543 2488 1718 2519 Romaniam,
1743 2492 1772 2515 et
1792 2487 1896 2515 multos

1102 2533 1225 2568 captivos
1240 2533 1374 2566 abduxit,
1398 2537 1425 2561 et
1443 2533 1558 2561 Romani
1581 2538 1709 2569 quartam
1733 2533 1896 2561 Armeniam

1101 2579 1219 2615 ingressi
1250 2579 1478 2615 despoliaverunt
1508 2587 1581 2608 eam.
1607 2580 1743 2607 Praeterea
1774 2579 1895 2606 moritur

1102 2625 1212 2658 Salech,
1244 2630 1273 2653 et
1304 2626 1438 2653 translata
1467 2630 1509 2653 est
1543 2625 1718 2653 Germanicia
1749 2625 1777 2652 in
1807 2625 1897 2653 Palae-

1102 2671 1213 2698 stinam.

1138 2717 1242 2744 Eodem
1260 2726 1325 2745 vero
1339 2726 1412 2745 anno
1428 2718 1553 2745 imitatus
1566 2717 1784 2746 Lachanodraeo
1807 2718 1895 2753 magi-

1103 2767 1191 2789 strum
1205 2771 1296 2796 suum,
1316 2772 1426 2792 omnem
1443 2756 1610 2792 monachum
1634 2769 1662 2792 et
1685 2764 1850 2792 monacham
1867 2764 1895 2791 in

994 2817 1108 2848 NOTJE.

295 2861 350 2895 (87)
362 2861 495 2889 Trimisia.
512 2862 604 2889 Anast.
622 2863 649 2889 in
669 2863 766 2890 exsilio
781 2863 809 2890 S.
825 2863 903 2890 Mart.
920 2872 927 2890 :

260 2894 432 2932 [Scaliger
445 2897 484 2924 De
495 2906 523 2925 re
538 2906 639 2925 numm.
651 2902 678 2925 et
690 2898 805 2926 Salmas.
822 2899 856 2926 ad
867 2898 899 2927 ll.
914 2899 946 2927 A.
962 2894 1041 2928 Fami.

921 2872 929 2905 ξ
949 2864 1066 2905 ¢_Usque
1089 2867 1121 2895 ad
1144 2877 1229 2896 unum
1249 2869 1394 2897 trimisium
1411 2869 1581 2898 frumentum
1604 2870 1679 2905 potui
1696 2877 1865 2903 comparare.
1882 2878 1895 2895 ι
