2052 3153
221 190 231 222 1
237 191 290 222 389

624 189 807 220 HlSTORIA
826 188 1113 219 ECCLESIASTICA
1130 189 1181 220 EX
1198 189 1438 220 THEOPHANE.

1777 175 1846 219 {390

219 250 340 277 themate
357 246 570 274 Thracesiorum
593 251 796 274 commorantes
820 246 892 281 apud
911 245 1004 281 Ephe-
1019 249 1039 276 A
1055 245 1156 273 derunt
1183 254 1216 273 ex
1247 246 1385 274 Arabibus
1410 247 1494 274 mille.
1521 247 1570 274 Ast
1599 245 1716 284 Abdelas
1747 243 1844 271 abiens

218 302 279 322 sum
304 293 489 329 congregavit,
516 298 545 319 et
574 293 682 320 eductis
699 293 739 319 eis
752 293 779 319 in
792 300 919 327 campum
937 292 1006 319 dixit

217 342 250 368 ad
268 348 335 368 eos:
352 339 403 372 Qui
425 338 481 366 vult
494 339 649 374 imperatori
662 347 692 365 ac
707 338 780 365 nobis
806 338 920 370 obedire,
944 337 1006 364 alba

216 387 347 413 induatur
371 390 441 412 ueste
456 389 480 411 et
504 385 532 411 in
560 385 610 411 hac
633 385 698 418 hare
712 388 800 410 sumat
818 391 947 410 uxorem:
965 387 1006 410 ast

218 433 262 468 qui
283 433 330 458 hoc
347 431 433 466 facere
455 431 530 465 parvi
544 431 693 465 penderint,
708 431 805 465 privati
823 430 963 456 luminibus
979 430 1007 456 in

219 479 306 514 Cypro
317 477 408 504 exsilio
418 477 627 504 damnabantur.
637 476 763 511 Tumque
773 484 841 511 opus
852 483 915 503 cum
922 475 1007 503 verbo

218 525 322 560 pariter
345 527 566 551 consummatum
595 527 655 555 est,
683 528 711 550 et
735 522 812 549 multi
836 522 933 549 eodem
963 521 1007 549 die

219 576 354 606 martyres
376 574 441 597 sunt
459 569 574 602 ostensi,
603 569 683 596 multi
701 576 768 596 vero
795 569 956 596 deﬁcientes
980 571 1009 595 et

219 615 342 643 enervati
356 615 511 650 perierunt,
542 622 613 649 quos
633 619 660 641 et
682 614 832 641 familiares
851 614 904 640 sibi
920 614 1008 641 Draco

219 660 348 687 faciebat.
366 660 501 687 Przetcrca
517 659 667 687 indictione
689 666 761 686 nona
775 679 782 689 .
800 665 894 685 mense
907 658 1009 685 Janua-

220 707 272 738 rio,
296 710 378 733 natus
393 711 435 733 est
453 705 613 740 imperatori
637 705 723 732 Leoni
739 709 767 731 et
782 703 909 731 lleirena:
925 703 1008 735 ﬁlius,

219 754 266 788 qui
283 753 442 779 nominatus
464 755 506 779 est
519 751 728 784 Constantinus,
745 751 810 778 dum
827 749 920 777 adhuc
932 749 1009 777 vive-

221 805 263 826 ret
279 799 476 826 Constantinus
490 806 558 825 avus
575 799 644 833 ejus.

226 850 229 851 '
255 845 335 870 Anno
363 843 472 878 imperii
497 842 671 870 Constantini
699 842 730 870 '51
749 842 836 870 movit
857 841 1010 870 exercitum

220 891 341 918 Banacas
354 895 450 917 contra
467 889 638 922 Roxnaniam,
657 893 686 916 et
701 897 762 916 cum
776 888 963 916 descendisset
976 887 1010 914 ab

1058 291 1273 327 Hierosolymam
1284 292 1429 327 jejunavit,
1446 297 1474 319 et
1492 292 1621 327 przeeepit
1635 290 1748 318 inscribi
1766 290 1848 317 Chri-

1058 337 1162 364 stianos
1178 343 1205 364 et
1219 337 1348 364 Hebraeos
1366 337 1393 363 in
1412 337 1557 370 manibus;
1583 341 1612 364 ct
1633 336 1738 364 ideirco
1763 335 1845 363 multi

1057 382 1276 409 Christianorum
1306 390 1355 417 per
1382 390 1458 410 mare
1490 383 1518 410 in
1554 382 1717 410 Romaniam
1746 380 1848 410 confu-~

1058 433 1167 464 gerunt.

1094 475 1173 502 Anno
1189 475 1296 510 imperii
1319 475 1362 502 sui
1379 475 1413 502 55
1429 474 1515 502 movit
1529 474 1737 507 Constantinus,
1751 481 1846 502 mense

1059 521 1129 549 Maio
1145 521 1316 549 duodecima:
1331 522 1503 554 indictiouis,
1515 521 1616 549 stolum
1634 520 1844 548 chelandiorum

1060 567 1103 594 bis
1118 567 1235 594 millium
1248 572 1344 595 contra
1357 566 1527 603 Vulgariam.
1545 567 1578 593 Et
1593 566 1733 602 ingressus
1749 566 1808 600 ipsc
1818 566 1848 592 in

1060 613 1144 640 rubea
1159 614 1303 641 chelandia
1314 618 1405 641 motus
1417 618 1458 640 est
1472 615 1505 640 ad
1517 613 1675 640 intrandum
1689 612 1846 639 Danubium

1061 668 1179 692 amnem,
1195 660 1335 688 derelictis
1353 667 1462 695 quoque
1481 659 1647 694 przctoribus
1675 659 1848 693 equestrium

1061 706 1214 733 thematum
1233 713 1309 733 extra
1325 706 1477 738 clausurus,
1492 707 1514 732 si
1534 704 1603 732 forte
1620 708 1733 739 possent
1747 704 1849 739 Vulga-

1061 752 1139 780 ribus
1163 753 1189 779 in
1210 760 1239 780 se
1260 752 1391 779 intuitum
1411 751 1560 786 figentibus
1573 750 1688 778 introire
1705 750 1731 777 in
1746 750 1849 785 Vulga-

1061 798 1141 825 riam.
1162 797 1230 826 Cmn
1253 802 1345 825 autem
1361 799 1481 825 venisset
1498 805 1584 832 usque
1603 796 1636 824 ad
1653 797 1756 824 Barnas
1768 816 1776 828 ,
1795 795 1851 822 for-

1062 844 1186 877 midavit,
1213 849 1242 872 et
1261 844 1354 872 redire
1377 844 1570 872 meditabatur.
1593 843 1646 871 Sed
1670 848 1699 871 et
1717 843 1851 878 Vulgares

1062 890 1198 923 videntes,
1221 898 1253 918 ac
1279 890 1362 918 simili
1385 898 1487 926 pavore
1513 893 1685 921 metuentes,
1714 889 1851 916 miserunt

221 936 348 964 llisauria
378 936 405 962 in
429 940 551 963 castrum
584 934 671 967 Sices,
695 934 806 962 obsedit
826 934 905 962 illud.
931 933 1010 967 Quod
1025 926 1166 963 B‘Boilam
1182 941 1210 964 et
1222 937 1354 972 Tzigalen
1375 941 1502 972 petentes
1520 943 1626 971 pacem.
1643 934 1717 968 Quos
1730 942 1793 962 cum
1808 933 1851 961 vi-

221 991 284 1011 cum
311 981 434 1009 audisset
457 982 620 1016 imperator,
646 980 756 1015 scripsit
790 980 823 1007 ad
849 979 1010 1006 Michaelem

222 1034 367 1065 przctorem
383 1027 565 1055 Orientalium
577 1030 605 1054 et
621 1025 654 1053 ad
672 1026 763 1053 Manin
777 1024 1010 1053 Buceellariorum

221 1079 249 1102 et
267 1073 382 1100 Bardam
401 1072 628 1100 Armeniacorum
652 1074 798 1106 praetores;
820 1070 867 1105 qui
884 1077 947 1097 cum
962 1076 1012 1096 ve-

220 1120 337 1150 nissent,
345 1121 495 1145 tenuerunt
507 1124 649 1152 egressum
664 1123 774 1147 eorum,
786 1115 833 1150 qui
854 1118 915 1142 erat
933 1114 1012 1141 clau-

221 1172 285 1192 sura
300 1163 379 1190 valde
391 1162 510 1189 diilicilis
521 1161 554 1188 ad
566 1160 725 1188 meandum.
740 1160 834 1187 Stolus
858 1163 950 1186 autem
966 1158 1010 1184 Ci<

222 1208 443 1244 byrrhteotormn
460 1214 523 1233 cum
545 1207 668 1233 Prmtona
679 1204 819 1240 spathario
829 1208 946 1239 primore
963 1210 1014 1230 suo

221 1254 336 1281 veniens
347 1253 478 1288 applicuit
487 1253 514 1279 in
527 1256 609 1287 portu
623 1251 745 1286 praedicti
757 1250 852 1278 castri.
861 1249 939 1282 Quod
950 1256 1014 1276 cum

223 1300 344 1328 Banacas
365 1299 488 1327 vidisset.
518 1298 562 1324 sui
582 1297 747 1331 desperatus
763 1295 892 1322 fiduciam
917 1300 1014 1320 rursus

223 1345 349 1377 assumit,
372 1351 492 1379 suosque
512 1344 616 1370 alacres
630 1342 729 1374 reddit,
757 1346 785 1369 et
807 1340 962 1368 ascendens
979 1338 1013 1366 ad

223 1397 367 1426 equestres
381 1390 519 1417 exercitus
542 1388 649 1424 magnis
674 1391 702 1415 et
729 1385 883 1421 repentinis
898 1384 1015 1412 vocibus

225 1444 287 1464 cum
305 1435 441 1462 omnibus
459 1434 517 1462 suis
543 1433 692 1461 clamorem
716 1431 804 1463 dedit,
829 1431 924 1466 sicque
952 1430 1016 1457 illos

225 1482 338 1510 territos
358 1481 450 1516 fugat,
478 1479 628 1514 multisque
657 1478 810 1514 peremptis
841 1475 1015 1511 depratdatus

225 1534 269 1557 est
280 1528 372 1557 omnia
381 1528 455 1555 circa
475 1525 683 1562 regionesillas,
696 1528 724 1552 et
739 1531 802 1552 eum
813 1523 911 1558 spoliis
922 1521 1017 1549 multis

227 1583 356 1604 ηνετευε
368 1578 421 1602 est.

262 1621 365 1649 Eodem
378 1626 489 1655 quoque
505 1626 577 1646 anno
593 1618 678 1646 misso
690 1617 904 1645 Thracesiorum
916 1618 1015 1650 prator
1030 1604 1051 1633 Ο

229 1668 443 1697 Lachenodraco
465 1666 558 1693 Leone
575 1664 684 1691 notario
696 1671 747 1690 suo
763 1669 791 1690 et
813 1662 906 1689 Leone
922 1668 1017 1688 exmo-

227 1716 318 1743 nacho
332 1712 505 1742 venundavit
521 1711 613 1738 omnia
630 1709 809 1739 monasteria,
825 1708 949 1735 virorum
965 1705 1019 1733 sei-

228 1762 295 1790 licet
308 1765 337 1788 et
349 1759 525 1791 feminarum,
538 1762 566 1785 et
579 1757 671 1784 omnia
687 1762 751 1782 vasa
768 1758 876 1781 sacrata
892 1757 919 1780 et
932 1753 1018 1780 libros

229 1812 258 1835 et
273 1813 385 1842 pecora,
400 1808 428 1832 et
438 1811 555 1839 quasque
569 1802 801 1837 patrimoniorum
816 1807 913 1826 eorum
929 1802 1018 1830 erant,

229 1859 259 1882 et
273 1855 371 1881 horum
387 1851 476 1887 pretia
501 1850 621 1886 principi
634 1849 743 1876 detulit.
771 1847 911 1881 Quotquot
927 1850 1018 1872 autem

230 1900 383 1928 monachos
399 1903 426 1926 et
443 1902 574 1934 paternos
602 1897 689 1924 libros
715 1894 829 1930 reperit,
856 1894 919 1928 igne
947 1899 1022 1919 com-

230 1946 336 1978 bussit;
361 1949 389 1972 et
409 1944 500 1972 sicubi
512 1943 650 1978 lipsanum
666 1940 754 1968 sancti
771 1939 833 1975 quis
850 1939 955 1966 habens
970 1945 1018 1971 ιιι)Δ

231 1994 370 2029 paruisset
391 1991 425 2018 ad
442 1990 608 2020 custodiam,
623 1993 652 2016 et
668 1988 721 2015 hoc
743 1993 854 2022 quoque
880 1983 1021 2012 nihilomi-

230 2048 284 2067 nus
300 2038 355 2074 igni
369 2037 513 2068 tradebat.
528 2043 592 2063 eum
613 2043 681 2062 vero
696 2034 743 2068 qui
762 2032 882 2060 habebat
899 2031 978 2062 illud,
990 2034 1021 2057 ut

230 2086 316 2120 impie
329 2087 455 2119 agentem
469 2081 612 2117 puniebat.
629 2080 664 2107 Et
679 2079 780 2106 multos
793 2077 906 2112 quidem
923 2083 1021 2103 moaa-

230 2130 346 2158 chorum
358 2128 521 2156 verberibus
543 2125 693 2157 interfecit,
715 2124 848 2160 quosdam
863 2123 946 2150 etiam
962 2122 1020 2157 gla-

230 2175 277 2204 dio
305 2173 463 2202 trucidavit.
481 2173 619 2199 Praeterea
635 2169 853 2197 innumerabiles
877 2168 1019 2195 oculorum

230 2222 337 2250 visibus
356 2219 514 2250 exorbavit;
539 2223 568 2245 et
583 2216 768 2252 quorumdam
783 2215 896 2250 quidem
918 2214 1020 2241 barbas

230 2276 294 2297 cera
310 2272 338 2296 et
354 2268 416 2295 oleo
432 2271 589 2301 pertingens
614 2262 800 2291 succendebat
818 2261 920 2296 ignem,
935 2265 963 2287 et
983 2259 1020 2286 ita

230 2319 286 2343 tam
301 2314 384 2341 facies
399 2320 496 2340 eorum
511 2319 593 2346 quam
608 2310 697 2345 capila
714 2308 920 2337 concremabat.
934 2308 1020 2334 Porro

230 2361 299 2388 alios
315 2363 377 2394 post
391 2359 493 2385 multos
519 2357 660 2384 cruciatus
673 2355 780 2383 exsiliis
805 2353 976 2383 destinabat,
993 2356 1021 2379 et

230 2410 370 2442 postremo
396 2412 451 2430 non
464 2403 588 2430 deseruit
613 2402 641 2428 in
660 2405 717 2428 toto
743 2401 865 2427 themate
888 2399 941 2426 sibi
955 2398 1021 2425 sob—

228 2451 301 2486 jccto
312 2449 453 2476 hominem
471 2454 555 2474 unum
575 2446 728 2473 monastico
741 2446 881 2472 schemate
897 2444 1019 2470 circum.

229 2497 372 2524 amictum.
389 2493 466 2527 Quod
489 2500 552 2520 cum
573 2493 724 2526 imperator
747 2490 903 2519 didicisset.
917 2489 1019 2516 bonum

229 2549 340 2576 semper
357 2547 470 2568 exosum
489 2538 604 2569 habens,
625 2536 735 2570 scripsit
747 2535 772 2563 ei
789 2536 891 2571 gratias
903 2534 1018 2562 dicens:

229 2588 321 2616 Inveni
334 2591 358 2613 te
376 2587 464 2614 virum
476 2583 620 2612 secundum
632 2591 676 2610 cor
688 2590 783 2613 meum,
797 2582 842 2616 qui
854 2581 919 2616 facis
931 2588 1020 2607 omnes

229 2634 381 2662 voluntate:
398 2641 480 2660 meas.
504 2631 582 2659 Hunc
595 2638 662 2666 ergo
676 2630 818 2658 imitantes
829 2633 857 2658 et
872 2629 964 2657 caatcri
981 2629 1019 2656 si-

230 2682 305 2709 milia
321 2681 529 2717 perpetrabant.

265 2729 344 2756 Anno
366 2728 473 2762 imperii
494 2725 668 2754 Constantini
690 2726 725 2752 5'2
747 2725 822 2752 misit
845 2724 965 2752 Abdelas
992 2724 1019 2751 in

229 2774 347 2802 Africam
367 2772 546 2800 Mualabitum
569 2779 632 2798 cum
654 2770 777 2798 exercitu
800 2770 900 2804 multo,
924 2774 953 2797 et
976 2769 1019 2796 in-

229 2827 340 2856 gressus
353 2823 395 2846 est
408 2816 541 2853 Alphadal
556 2817 675 2844 Badinar
688 2817 715 2843 in
734 2817 895 2843 Romaniam
907 2837 914 2849 ,
933 2821 960 2843 et
973 2824 1019 2843 ce—

229 2867 270 2902 pit
286 2866 410 2901 captivos
422 2865 600 2900 quingentos.
617 2862 851 2897 Mopsuestienscs
866 2867 959 2890 autem
970 2862 1021 2889 oh-

231 2914 302 2941 viam
323 2912 363 2940 eis
377 2915 558 2939 occurrentes
575 2913 603 2937 et
628 2909 732 2938 bellum
752 2909 923 2944 exagitantcs
942 2909 1018 2936 occi-

1062 982 1148 1010 disset
1170 983 1331 1017 imperator,
1347 983 1455 1018 gavisus
1467 986 1509 1010 est
1523 986 1550 1009 et
1573 989 1669 1016 pacem
1685 980 1760 1012 fecit,
1780 988 1852 1015 prte-

1062 1029 1127 1055 stito
1140 1028 1261 1056 vicissim
1277 1028 1457 1064 jurejurando
1469 1031 1605 1063 quatenus
1619 1035 1710 1062 neque
1719 1026 1853 1061 Volgares

1063 1074 1171 1102 exirent
1183 1078 1278 1101 contra
1287 1074 1449 1101 Romaniam
1464 1080 1554 1108 neque
1567 1073 1716 1108 imperator
1729 1072 1854 1099 studeret

1064 1120 1251 1155 inVuigariam
1267 1119 1423 1147 intrare.Et
1437 1119 1518 1147 factis
1529 1126 1614 1153 super
1627 1118 1678 1145 hoc
1689 1126 1723 1145 ex
1737 1122 1855 1152 utraque

1064 1169 1142 1200 parte
1155 1165 1304 1200 scripturis
1315 1165 1348 1192 ad
1362 1165 1483 1192 invicem
1498 1172 1625 1192 reversus
1642 1167 1685 1191 est
1703 1163 1854 1197 imperator

1063 1215 1093 1238 et
1109 1211 1206 1238 urbem
1227 1211 1304 1244 adit,
1322 1211 1421 1238 laxatis
1437 1210 1578 1238 derelictis
1601 1218 1634 1237 ex
1651 1210 1780 1238 omnibus
1796 1209 1857 1237 the-

1065 1256 1187 1284 matibus
1210 1256 1238 1283 in
1270 1256 1370 1284 castris
1392 1264 1453 1291 qua:
1477 1256 1611 1284 condidit.
1637 1255 1769 1284 Octobrio
1789 1263 1857 1283 vero

1065 1310 1160 1330 mense
1191 1303 1345 1330 undecimae
1365 1302 1528 1330 indictionis
1545 1302 1674 1329 nuntium
1700 1301 1823 1335 suscepit
1841 1308 1857 1328 a

1066 1347 1196 1383 Vulgaria
1214 1349 1248 1375 ab
1274 1348 1391 1376 occultis
1409 1348 1507 1375 amicis
1536 1348 1603 1380 suis,
1633 1346 1705 1382 quod
1734 1347 1858 1374 mitteret

1066 1395 1196 1423 dominus
1221 1395 1358 1430 Vulgarize
1373 1395 1520 1423 duodecim
1548 1395 1635 1422 millia
1654 1402 1687 1422 ex
1712 1393 1815 1428 populo
1829 1396 1858 1420 et

1068 1441 1192 1469 Boilades
1210 1442 1244 1469 ad
1258 1442 1452 1477 captivandum
1463 1441 1608 1469 Veniliam
1622 1445 1649 1468 et
1663 1439 1858 1468 abducendum

1066 1495 1114 1514 eos
1128 1488 1154 1514 in
1171 1488 1339 1524 Vulgariam.
1358 1487 1410 1521 Qui
1428 1495 1461 1515 ne
1473 1487 1662 1514 innotesceret
1676 1486 1749 1522 quod
1762 1491 1859 1514 contra

1068 1531 1201 1568 Vulgares
1221 1538 1379 1560 moveretur
1393 1534 1541 1568 (venerant
1554 1533 1627 1559 enim
1650 1532 1684 1559 ad
1701 1539 1764 1559 cum
1776 1531 1859 1566 legati

1068 1578 1173 1606 domini
1188 1578 1333 1614 Vulgariic)
1349 1586 1411 1606 cum
1438 1578 1528 1605 adhuc
1539 1578 1558 1604 ii
1570 1581 1664 1605 essent
1684 1577 1711 1604 in
1727 1577 1806 1609 urbe,
1823 1576 1860 1604 si-

1070 1625 1183 1652 mulavit
1198 1632 1227 1652 se
1240 1625 1372 1652 adversus
1388 1625 1493 1652 Arabes
1515 1631 1628 1652 movere
1642 1644 1649 1656 ,
1665 1627 1692 1651 et
1707 1628 1860 1651 transmea-

1070 1676 1134 1698 runt
1147 1676 1201 1698 tam
1214 1671 1313 1698 vexilla
1328 1679 1409 1706 quam
1426 1671 1613 1705 supellcctiles
1627 1669 1776 1697 ministerii
1791 1668 1860 1704 regii

1069 1720 1228 1751 apparatus.
1258 1716 1326 1743 Cum
1352 1720 1444 1742 autem
1470 1715 1667 1750 apocrisiarios
1695 1714 1857 1746 dimisisset,

1070 1770 1119 1797 per
1134 1762 1325 1796 exploratores
1341 1766 1484 1796 comperto
1503 1769 1600 1789 eorum
1619 1768 1743 1796 egressu,
1755 1769 1860 1788 assum-

1069 1812 1116 1842 pto
1132 1807 1254 1835 exercitu
1282 1807 1400 1834 festinus
1414 1807 1465 1834 iter
1481 1807 1609 1842 arripuit,
1636 1811 1665 1834 et
1692 1806 1861 1834 coacervatis

1070 1854 1223 1880 thematum
1241 1854 1340 1880 laxatis
1353 1857 1381 1880 et
1395 1852 1590 1881 Thracesianis
1607 1857 1635 1880 et
1651 1853 1736 1880 unitis
1755 1853 1862 1880 ordini-

1070 1899 1124 1926 bus
1139 1899 1321 1934 optimatibus
1336 1898 1399 1926 fccit
1415 1906 1464 1926 eos
1486 1897 1519 1925 80
1533 1899 1628 1926 millia.
1646 1899 1680 1926 Et
1697 1906 1814 1934 pergens
1833 1900 1860 1926 in

1071 1946 1163 1973 locum
1177 1946 1224 1980 qui
1234 1945 1337 1972 dicitur
1349 1945 1517 1978 Lithosoria,
1531 1945 1635 1973 nullius
1650 1946 1721 1973 tuhze
1732 1945 1862 1980 clangore

1072 1995 1197 2022 sonante,
1212 1991 1355 2019 irruerunt
1377 1999 1459 2026 super
1475 1991 1546 2023 illos,
1560 1996 1588 2018 et
1608 1996 1719 2019 vertens
1734 1999 1782 2019 eos
1797 1992 1863 2019 fecit

1071 2038 1216 2066 victoriam
1239 2045 1376 2073 magnam,
1403 2043 1431 2065 et
1455 2046 1517 2065 cum
1533 2037 1628 2065 multis
1647 2037 1754 2065 exuviis
1772 2043 1800 2065 et
1817 2045 1862 2065 ca-

1073 2083 1154 2118 ptivis
1168 2090 1296 2111 reversus
1316 2087 1358 2111 est
1373 2104 1380 2116 ,
1404 2083 1537 2118 triumphi
1562 2083 1604 2111 sui
1633 2083 1754 2118 trophzea
1778 2090 1862 2118 penes

1073 2130 1170 2156 urbem
1197 2134 1350 2161 ostentans,
1376 2133 1403 2156 et
1422 2128 1564 2164 obsequiis
1583 2128 1755 2163 constipatus
1785 2128 1862 2155 incc-

1073 2175 1152 2210 dens,
1169 2175 1328 2210 bellumque
1349 2175 1401 2203 hoc
1428 2175 1520 2203 nobile
1548 2182 1722 2209 nuncupans.
1739 2182 1772 2202 eo
1789 2175 1861 2210 quod

1072 2229 1154 2249 nemo
1169 2221 1221 2249 sibi
1240 2221 1382 2254 restiterit,
1400 2228 1452 2247 nec
1467 2220 1595 2247 mactatio
1615 2220 1642 2247 in
1661 2219 1713 2247 hoc
1728 2224 1775 2247 aut
1790 2220 1863 2247 cllu-

1038 2279 1058 2307 ι)
1073 2267 1114 2295 sio
1128 2267 1279 2295 Christiani
1296 2267 1367 2294 facta
1382 2266 1467 2293 fuerit
1480 2266 1631 2300 sanguinis.

1107 2313 1187 2340 Anno
1211 2313 1319 2346 imperii
1345 2312 1388 2339 sui
1404 2311 1439 2338 54
1457 2311 1656 2338 Constantinus
1672 2311 1783 2338 solvens
1796 2311 1862 2338 Vul-

1072 2365 1168 2393 garum
1186 2365 1282 2391 pacem
1299 2356 1455 2383 construxit
1480 2355 1580 2382 iterum
1607 2356 1706 2382 stolum
1730 2355 1860 2386 multum.

1072 2408 1100 2430 et
1120 2403 1290 2429 intromissis
1305 2402 1332 2429 in
1346 2409 1409 2429 eum
1433 2402 1556 2436 equitum
1575 2401 1606 2428 12
1624 2401 1747 2429 millibus
1760 2402 1862 2430 direxit

1072 2453 1202 2484 praetores
1217 2449 1345 2476 classium
1369 2456 1466 2476 omnes
1486 2448 1513 2474 in
1533 2448 1590 2479 illo,
1606 2447 1663 2483 ipse
1677 2455 1743 2475 vero
1762 2447 1862 2475 timens

1072 2493 1174 2519 mansit
1193 2500 1257 2520 cum
1282 2492 1404 2527 equestri
1430 2492 1537 2519 militia.
1562 2492 1630 2520 Cum
1655 2499 1747 2520 autem
1773 2501 1861 2526 usque

1071 2539 1262 2566 Mesembriam
1286 2539 1429 2567 venissent
1448 2543 1476 2566 et
1496 2539 1567 2566 hanc
1591 2539 1708 2567 fuissent
1734 2540 1859 2575 ingressi,

1071 2586 1196 2613 valenter
1218 2585 1347 2620 aquilone
1365 2590 1445 2613 vento
1460 2586 1581 2621 spirante
1595 2586 1687 2613 omnia
1703 2594 1773 2621 pene
1792 2593 1859 2613 con-

1073 2631 1137 2659 trita
1151 2635 1254 2659 suntet
1269 2631 1348 2659 multi
1362 2631 1516 2666 perierunt,
1542 2635 1569 2659 et
1592 2631 1685 2663 rediit,
1704 2639 1766 2658 cum
1790 2631 1859 2658 nihil

1072 2678 1202 2706 utilitatis
1217 2679 1364 2705 attulisset.
1382 2678 1468 2705 Porro
1492 2677 1635 2713 Telcrigus
1653 2677 1780 2704 dominus
1795 2677 1861 2704 Vul-

1072 2725 1155 2760 garia:
1166 2728 1309 2759 comperto
1323 2724 1396 2759 quod
1413 2731 1461 2759 per
1474 2723 1624 2751 familiares
1637 2732 1701 2751 suos
1712 2723 1861 2758 imperator

1072 2769 1189 2797 consilia
1203 2777 1251 2796 sua
1266 2772 1455 2804 cognosceret,
1486 2769 1582 2796 scribit
1600 2769 1624 2797 ci
1638 2769 1747 2796 dicens:
1762 2769 1861 2796 Vallum

1072 2817 1184 2851 eﬂ‘ugerc
1199 2820 1223 2842 ιιι
1235 2816 1322 2843 venire
1334 2816 1368 2842 ad
1382 2819 1415 2842 te.
1431 2815 1590 2842 Trmtsmitte
1599 2823 1660 2851 ergo
1678 2816 1741 2842 mihi
1755 2815 1860 2842 verbum

1072 2863 1221 2890 securitatis
1238 2870 1312 2894 metu,
1331 2867 1355 2888 et
1371 2870 1435 2897 quos
1450 2862 1528 2888 habes
1547 2863 1587 2889 hic
1601 2863 1708 2894 amicos,
1723 2866 1750 2888 ut
1765 2862 1812 2889 hoc
1824 2862 1860 2888 eis

1072 2909 1179 2936 credam
1202 2913 1225 2935 ct
1245 2916 1344 2935 mecum
1373 2911 1522 2934 orcurrtmt.
1542 2907 1576 2935 At
1599 2908 1644 2935 illc
1665 2908 1777 2935 levitate
1794 2913 1861 2934 usus
