2052 3153
181 159 253 197 1391

734 159 934 191 ANASTASII
958 159 1272 191 BIBLIOTHECARII

1747 158 1817 192 1392

186 219 302 255 scripsit
318 217 355 246 ei.
380 216 508 252 Quicum
525 217 585 245 inec
599 216 753 248 didicisset,
777 224 827 251 per
853 216 974 244 medium
987 222 1014 250 Α
1026 216 1149 244 stantino
1161 224 1193 245 ac
1211 216 1318 245 semine
1341 216 1475 252 ipsorum.
1493 216 1528 244 Et
1550 216 1676 245 fecerunt
1701 217 1814 251 scripta.

182 273 280 293 omnes
305 264 414 292 recidit.
445 263 524 297 Quod
551 263 667 291 audiens
695 262 895 291 Constantinus
921 262 972 290 ali-

182 312 306 346 quandiu
325 318 409 338 canos
426 318 491 338 suos
507 310 618 338 evulsit.

217 357 298 385 Anno
312 357 421 392 imperii
436 356 479 384 sui
495 356 530 383 55
550 355 711 391 imperator.
735 363 829 383 mense
849 355 972 391 Augusto

183 402 298 430 decimae
311 402 398 429 tertia:
421 401 591 434 indietionis,
608 401 694 429 exivit
713 406 811 429 contra
830 401 972 436 Volgares.

182 448 234 482 Qui
251 447 384 476 atrociter
413 448 440 475 in
467 448 595 475 cruribus
618 447 752 475 divinitus
765 452 809 475 est
825 455 973 482 percussus

183 495 262 530 plaga
278 502 339 529 qua:
351 493 444 521 Graece
455 494 572 521 anthrax
590 494 755 529 appellatur,
771 497 799 521 et
816 494 881 520 hinc
895 492 973 521 febre

182 541 352 569 validissima
367 545 396 568 et
411 540 527 568 medicis
549 545 663 575 propter
683 540 798 567 nimium
814 539 972 567 incendium

184 587 276 622 ignota
301 586 431 614 detentus
453 586 658 621 Arcadiopolim
683 586 776 619 rediit,
801 593 817 613 a
841 585 973 621 subjectis

183 641 266 668 super
280 633 410 659 humeros
426 632 453 659 in
467 632 539 660 lecto
559 632 683 666 delatus,
696 638 724 660 et
739 633 854 660 veniens
867 632 973 667 Selym—

182 679 271 706 briam
286 678 379 705 navim
398 678 539 713 ingressus
553 683 605 705 est.
634 677 759 713 Cumque
775 678 808 706 ad
823 678 973 706 rotundum

183 723 355 758 pervenisset
379 724 535 755 castellum,
558 724 753 752 miserabiliter
773 725 801 751 in
826 723 973 751 chelandio

182 769 311 802 moritur,
325 769 446 796 clamans
463 773 491 796 et
503 769 598 796 dicens
611 777 619 796 ε
639 769 730 797 Vivens
742 770 828 797 adhuc
848 770 903 806 igni
915 778 973 797 sum

182 817 392 852 itteutinguibili
405 817 531 850 traditus,
546 823 725 853 sanctamque
736 818 875 853 Virginem
889 817 973 845 etDei

182 861 349 890 Genitricem
374 861 480 889 laudari
497 863 686 898 expostulans,
701 871 764 890 cum
785 863 845 890 sine
870 862 974 890 {ualere

1023 255 1255 298 quemadmodum
1271 262 1446 297 juraverunt,
1464 263 1584 298 propriae
1602 270 1710 290 manus.
1737 263 1768 290 ΕΙ
1787 263 1816 290 in

1022 308 1183 341 crastinum,
1196 308 1317 336 Sabbato
1327 308 1434 336 scilicet
1447 314 1553 342 sancto,
1570 309 1818 344 cxivitimperator
1830 311 1834 315 “

1024 354 1052 382 in
1075 354 1255 381 tribunalium
1280 354 1376 382 decem
1400 358 1429 382 et
1456 362 1555 382 novem
1572 354 1764 387 accubituum,
1788 359 1819 383 et

1023 400 1148 435 provexit
1163 400 1366 428 nobilissimum
1388 401 1572 428 Eudoeimum
1594 400 1706 428 fratrem
1735 408 1816 428 suum

1025 445 1098 481 (nam
1112 445 1272 472 Anthimum
1291 445 1388 473 vivens
1409 449 1489 480 pater
1503 446 1564 481 ejus
1577 445 1764 481 provexerat),
1789 450 1818 473 et

1024 491 1158 527 processit
1191 491 1341 526 imperator
1372 498 1435 518 cum
1466 491 1581 526 reliquis
1612 490 1767 518 Czesaribus
1789 495 1818 518 ct

1024 538 1113 565 tribus
1124 537 1306 565 nobilissimis
1323 545 1354 564 ac
1369 545 1442 565 novo
1452 537 1635 565 Constantino
1647 537 1680 564 ad
1692 537 1816 572 Magnam

1026 585 1182 617 ecclesiam,
1197 589 1225 612 et
1239 589 1345 613 mutato
1366 584 1540 617 indumento,
1552 584 1625 612 sicut
1642 583 1818 620 imperatori-

1024 631 1076 657 bus
1092 631 1177 658 moris
1198 635 1251 663 est,
1284 631 1431 658 umbonem
1450 630 1576 658 ascendit
1593 638 1656 658 cum
1684 630 1741 656 ﬁlio
1766 637 1818 657 suo

1024 677 1106 704 simul
1130 682 1158 704 et
1173 677 1341 712 patriarcha,
1369 681 1397 704 et
1413 677 1556 712 ingressus
1581 676 1671 704 omnis
1699 676 1818 711 populus

1024 726 1176 756 posuerunt
1192 721 1295 756 scripta
1309 729 1357 749 sua
1370 722 1397 748 in
1417 726 1513 749 sancta
1533 729 1638 754 mensa,
1652 726 1681 748 et
1698 721 1818 756 impera-

1025 771 1068 794 tor
1084 767 1194 795 locutus
1204 772 1246 795 est
1260 767 1300 795 sic
1318 776 1324 794 :
1343 768 1384 795 En
1404 768 1512 803 fratrea,
1538 768 1689 804 petitionem
1702 773 1818 795 vestram

1025 813 1167 849 adimpleo,
1180 817 1205 841 et
1216 814 1284 841 dono
1294 814 1364 841 vobis
1377 814 1462 848 ﬁlium
1476 822 1562 841 meum
1573 815 1600 841 in
1615 814 1817 849 imperatorem.

1026 860 1093 887 Ecce
1108 860 1140 887 ab
1155 860 1274 887 Ecclesia
1295 865 1321 887 et
1337 861 1368 888 dc
1385 869 1467 888 manu
1483 860 1584 888 Christi
1599 868 1659 887 eum
1670 861 1815 895 suscipitis.

182 908 270 943 ipsius
287 908 373 936 fuerit
388 892 681 944 inimicus-Regnavit
700 913 792 936 autem
821 908 972 944 imperator
987 892 1011 922 Β
1025 906 1108 934 Atilii
1119 914 1217 942 magna
1228 915 1296 934 voce
1308 907 1500 934 clamaverunt
1510 907 1635 934 dicentes
1646 916 1653 934 :
1663 906 1818 942 Fidejuuor

182 958 245 989 post
261 954 348 988 patris
362 954 405 981 sui
421 958 538 981 mortem
551 954 631 981 annis
646 955 690 986 5i,
711 954 855 981 mensibus
865 955 892 987 2,
912 953 973 981 dic-

182 1000 235 1031 bus
251 1000 297 1033 26,
323 1004 351 1027 et
371 1000 408 1028 ita
425 1002 508 1028 vitam
537 1000 665 1028 dissolvit
681 1000 862 1035 sanguinibus
879 999 974 1028 multis

182 1046 302 1074 infectus
311 1051 339 1074 et
356 1046 512 1074 dzemonum
535 1046 759 1074 invocationibus
774 1054 807 1074 ac
820 1046 972 1079 sacriﬁciis,

181 1092 425 1128 persecutionibus
454 1100 565 1128 quoque
595 1097 752 1120 sanctarum
785 1093 972 1122 Ecclesiarum

182 1142 321 1174 rectaeque
336 1146 369 1166 ac
392 1139 576 1167 immaculata
597 1139 671 1172 ﬁdei,
685 1147 737 1166 nec
750 1147 807 1167 non
828 1143 856 1167 et
879 1147 975 1167 mona-

182 1186 298 1213 chorum
316 1186 554 1222 percmptionibus
580 1190 608 1213 et
621 1185 817 1213 violationibus
832 1189 973 1213 monaste-

180 1231 300 1263 riorum,
316 1231 450 1266 malisque
471 1230 558 1258 variis
576 1237 798 1265 supercresccns,
812 1237 868 1257 non
882 1230 974 1257 minus

182 1284 265 1311 quam
280 1276 469 1304 Diocletianus
490 1281 519 1304 et
542 1276 651 1311 antiqui
681 1276 802 1312 tyranni.
836 1276 973 1304 Praeterea

177 1323 281 1351 eodem
297 1330 372 1351 anno
387 1322 522 1350 eteodem
548 1330 643 1350 mense
666 1322 786 1350 moritur
807 1327 835 1350 et
854 1322 974 1350 Abdelas

181 1368 303 1396 Arabum
321 1368 387 1396 dux.
401 1367 471 1396 Cum
486 1368 560 1395 enim
588 1367 616 1395 hi
636 1367 718 1395 ambo
741 1367 818 1395 velut
830 1366 973 1394 acerrima:

180 1415 276 1443 bestiae
291 1414 432 1443 diuturnis
446 1413 617 1450 temporibus
635 1421 667 1441 ac
682 1413 809 1441 similiter
821 1413 972 1440 humanum

180 1471 269 1499 genus
281 1463 390 1499 depasti
408 1467 483 1496 sunt,
499 1462 602 1490 mortui
627 1465 692 1490 sunt
711 1460 885 1497 providentia
912 1460 972 1488 Dei.

181 1509 216 1536 Et
232 1508 360 1536 obtinent
376 1508 564 1543 principatum
579 1507 635 1534 Leo
656 1511 684 1534 et
706 1507 777 1534 Madi
800 1506 849 1534 ﬁlii
863 1514 970 1533 eorum.

1025 957 1115 979 uoster
1127 958 1191 983 esto.
1208 952 1258 980 Fili
1284 953 1341 985 Dei,
1357 954 1421 988 quia
1436 953 1468 980 de
1492 962 1574 980 manu
1599 958 1645 980 tua
1659 953 1818 989 suscipimus

1024 999 1160 1025 dominum
1183 998 1393 1026 Constantinum
1407 1000 1598 1034 imperatorem
1614 1000 1649 1026 ad
1662 999 1819 1026 custodien-

1024 1047 1087 1074 dum
1118 1055 1178 1074 eum
1203 1052 1228 1074 et
1254 1047 1420 1075 moriendum
1434 1055 1482 1082 pro
1508 1055 1548 1074 eo.
1563 1047 1597 1075 Et
1613 1047 1640 1074 in
1653 1046 1817 1080 crastinum,

1023 1094 1134 1129 quando
1148 1094 1278 1122 videlicet
1288 1102 1407 1130 magnus
1421 1098 1450 1121 et
1460 1094 1620 1122 Dominicus
1635 1094 1748 1122 Pascha;
1757 1094 1819 1122 dies

1023 1140 1180 1168 celebratus
1194 1145 1247 1173 est,
1265 1141 1374 1168 decimo
1401 1145 1500 1168 octavo
1513 1141 1573 1168 Kal.
1598 1140 1684 1169 Maias
1701 1140 1817 1168 decimae

1024 1191 1128 1222 quartae
1144 1186 1314 1220 indietionis,
1335 1194 1442 1214 aurorae
1460 1186 1624 1220 crepuSCulo
1638 1186 1735 1214 exiens
1762 1185 1818 1213 im-

1024 1238 1135 1268 perator
1148 1241 1203 1261 una
1214 1241 1278 1261 cum
1292 1233 1451 1269 patriarcha
1465 1233 1493 1260 in
1504 1232 1749 1268 llippodromium,
1766 1233 1819 1260 de-

1024 1280 1081 1308 lato
1094 1280 1292 1313 altario..omni
1306 1281 1408 1316 populo
1429 1281 1646 1316 contemplante,
1662 1280 1819 1315 patriarcha

1024 1326 1264 1360 fecit‘orationem,
1274 1331 1302 1355 et
1310 1327 1453 1355 coronavit
1463 1327 1614 1362 imperator
1624 1327 1709 1354 ﬁlium
1718 1334 1817 1360 suum;

1024 1377 1051 1400 et
1083 1372 1121 1401 ita
1146 1374 1281 1408 processit
1312 1373 1347 1401 ad
1372 1373 1497 1409 Magnam
1522 1373 1668 1401 ecclesiam
1696 1377 1815 1408 uterque

1024 1418 1175 1454 imperator
1186 1427 1249 1447 cum
1258 1419 1368 1447 duobus
1379 1418 1537 1447 Caesaribus
1553 1424 1581 1447 et
1597 1419 1686 1447 tribus
1699 1419 1817 1446 nobilis-

1024 1464 1111 1491 simis.
1124 1464 1262 1491 Processit
1278 1468 1369 1491 autem
1383 1468 1411 1491 et
1431 1463 1593 1499 imperatrix
1607 1463 1736 1495 l’leirene.
1751 1470 1816 1491 cum

1025 1510 1231 1545 praecessissent
1250 1510 1442 1546 imperatores,
1458 1510 1576 1545 sceptris
1596 1510 1818 1546 ohsequentibus

180 1554 268 1583 Porro
284 1554 383 1581 eodem
409 1561 481 1581 anno
493 1553 740 1588 Longobardorum
759 1560 807 1580 rex
820 1552 853 1579 ad
869 1552 972 1587 regiam
988 1566 1010 1596 ε
1026 1563 1076 1591 per
1101 1556 1211 1583 scholas
1225 1556 1363 1590 antelatis,
1380 1560 1409 1583 et
1433 1555 1652 1584 ascendentibus
1669 1563 1719 1591 per
1734 1562 1820 1584 εγω

180 1599 296 1628 veniens
311 1599 408 1626 urbem
421 1599 583 1633 imperatori
598 1606 627 1626 se
639 1599 772 1634 profugus
785 1598 913 1626 contulit.

211 1645 310 1674 Mundi
325 1645 405 1677 6668,
417 1645 517 1673 divina:
529 1645 728 1673 incarnationis
739 1653 812 1672 anno
826 1645 889 1677 768,
900 1652 974 1672 anno

179 1699 247 1720 vero
257 1691 366 1727 imperii
381 1691 483 1719 Leonis
494 1691 596 1727 primo,
612 1691 687 1718 Madi
703 1691 758 1719 dux
770 1691 890 1719 habetur
902 1693 973 1719 Ara-

180 1737 257 1770 bum,
272 1737 319 1772 qui
330 1737 350 1765 9
366 1736 410 1764 bis
426 1735 537 1771 przel‘uit
560 1736 649 1763 annis.
669 1735 725 1763 Leo
740 1744 806 1764 vero
823 1736 974 1771 imperator

179 1783 265 1818 erepit
275 1782 394 1818 expandi
410 1782 437 1810 in
446 1782 592 1817 pecunias,
604 1790 665 1817 qute
678 1782 730 1810 sibi
742 1782 851 1810 fuerant
864 1790 879 1810 a
893 1786 972 1818 patre

181 1829 313 1862 dimissae,
328 1828 487 1864 placuitque
499 1833 552 1856 tam
565 1828 747 1864 optimatibus
763 1837 845 1864 quam
859 1829 972 1864 populo,

180 1880 209 1903 et
224 1875 302 1902 visus
318 1880 361 1902 est
373 1875 407 1902 ad
423 1875 507 1902 breve
525 1879 635 1910 tempus
652 1875 715 1910 pius
725 1882 797 1908 esse,
816 1879 974 1910 sanctasque

179 1919 230 1950 Dei
254 1920 404 1948 Genitricis
430 1927 463 1947 ac
488 1919 690 1948 monachorum
708 1920 825 1948 amicus.
847 1920 927 1949 Unde
945 1924 974 1948 et

180 1966 410 2002 metropolitanos
438 1973 472 1993 ex
498 1966 641 1994 monachis
672 1966 699 1993 in
731 1966 830 2001 primis
859 1967 973 1996 sedibus

181 2011 337 2046 collocavit,
350 2012 521 2047 militiasque
535 2020 587 2047 per
599 2012 722 2040 themata
739 2012 805 2040 fecit
818 2013 929 2047 multas,
945 2017 973 2041 et

180 2058 293 2086 ordines
313 2058 342 2086 in
353 2058 421 2086 urbe
450 2057 641 2093 ampliﬁcavit.
659 2058 845 2092 Quamobrem
863 2059 972 2087 thema-

180 2108 239 2131 tum
251 2104 390 2139 principes
404 2104 471 2131 moti
489 2103 606 2139 ingressi
630 2108 696 2131 sunt
708 2111 806 2131 omnes
821 2112 883 2132 cum
899 2105 972 2132 mul-

181 2150 300 2177 titudine
329 2149 424 2184 populi
448 2150 580 2184 copiosa,
609 2154 736 2184 petentes
758 2149 971 2179 Constantinum

181 2194 270 2223 ﬁlium
284 2195 345 2230 ejus
358 2195 390 2222 in
415 2194 624 2228 imperatorem.
647 2195 683 2222 At
698 2195 754 2229 ille,
771 2200 802 2223 ut
823 2197 909 2225 moris
929 2202 972 2225 est

1025 1606 1112 1636 porta
1131 1609 1276 1629 ascensum
1303 1602 1332 1629 in
1351 1601 1567 1630 Catecbumenia
1597 1602 1732 1634 ecclesiae,
1761 1609 1820 1630 non

1024 1648 1119 1675 exiens
1128 1648 1154 1675 in
1166 1648 1282 1683 plateam
1292 1648 1512 1677 Embolinlensc
1526 1656 1593 1676 vero
1603 1649 1673 1676 Maio
1686 1648 1814 1685 ejusdem

1025 1695 1185 1722 indietionis
1200 1699 1347 1723 accusatus
1362 1700 1405 1723 est
1421 1695 1594 1730 Nicephorus
1613 1694 1705 1723 Caesar
1718 1699 1745 1723 et
1760 1695 1818 1724 fra-

1025 1746 1068 1769 ter
1083 1741 1269 1776 imperatoris,
1283 1742 1356 1777 quod
1368 1742 1484 1770 insidias
1495 1742 1699 1770 construxisset
1715 1742 1819 1770 adver-

1025 1795 1073 1815 sus
1087 1795 1150 1816 eum
1164 1795 1227 1815 cum
1243 1788 1394 1823 spathariis
1408 1789 1575 1824 quibusdam
1595 1792 1678 1824 atque
1688 1789 1818 1816 stratori-

1025 1833 1077 1861 bus
1091 1834 1206 1870 aliisque
1223 1834 1384 1862 hominibus
1410 1835 1510 1870 regiis;
1527 1839 1556 1862 et
1582 1835 1654 1863 facto
1668 1836 1819 1870 imperator

1024 1880 1135 1907 silentio
1148 1879 1221 1915 apud
1247 1880 1423 1915 Magnauram
1439 1881 1568 1915 exposuit
1587 1881 1689 1916 populo
1705 1889 1766 1916 quae
1782 1880 1817 1908 de

1024 1933 1054 1953 se
1072 1926 1180 1954 fuerant
1188 1926 1271 1954 dicta.
1290 1927 1342 1960 Qui
1360 1927 1529 1954 unanimiter
1545 1926 1772 1955 exclamaverunt
1787 1931 1818 1954 ut

1024 1976 1142 2007 uterque
1156 1972 1300 2000 recederet
1314 1972 1348 2000 de
1362 1973 1467 2005 medio,
1476 1980 1532 2001 non
1545 1977 1732 2000 memorantes
1741 1980 1817 2000 sem-

1024 2025 1074 2054 per
1087 2018 1190 2053 perjuri
1204 2025 1233 2045 se
1250 2018 1320 2053 patri
1335 2026 1432 2046 eorum
1451 2018 1560 2054 jurasse
1574 2026 1631 2046 non
1645 2017 1816 2045 admissuros

1024 2068 1087 2099 post
1100 2068 1216 2092 mortem
1233 2064 1293 2099 ejus
1320 2064 1449 2099 injuriam
1472 2064 1529 2099 pati
1556 2068 1636 2092 natos
1656 2063 1753 2098 ipsius.
1766 2064 1818 2091 Ast

1023 2109 1172 2145 imperator
1181 2110 1297 2139 rebelles
1309 2118 1394 2138 caesos
1400 2115 1429 2138 et
1440 2114 1535 2138 tonsos
1542 2110 1639 2138 exsilio
1645 2109 1718 2145 apud
1729 2110 1817 2137 Cher-

1022 2163 1118 2183 sonem
1143 2155 1303 2191 deportatos
1316 2156 1374 2184 fore
1389 2156 1523 2188 decrevit,
1541 2160 1569 2184 et
1582 2156 1692 2184 climata
1709 2155 1754 2183 illa
1765 2155 1818 2184 sub

1023 2202 1148 2230 custodia
1159 2207 1187 2230 et
1199 2203 1353 2231 munimine
1365 2203 1566 2231 conservanda.

180 2237 367 2274 principibus.
384 2238 555 2266 renuntiavit
584 2238 634 2266 eis.
651 2237 748 2272 Filius,
774 2239 875 2275 inquit.
900 2249 971 2270 metu

1059 2247 1139 2275 Anno
1154 2248 1262 2283 imperii
1274 2248 1374 2276 Leonis
1389 2248 1510 2276 secundo
1526 2248 1649 2284 confugit
1673 2248 1816 2284 Telerigus

179 2287 273 2314 illim
292 2290 330 2314 est
342 2287 416 2314 mihi.
440 2286 543 2314 Idcirco
567 2294 658 2314 uereor
671 2287 720 2314 hor
739 2287 837 2322 facere,
855 2297 887 2316 ne
904 2289 972 2324 forte

179 2333 316 2369 contingat
332 2333 397 2360 milii
416 2332 486 2368 quod
498 2333 645 2360 humanum
660 2337 710 2366 est,
726 2337 751 2360 et
765 2341 827 2360 cum
841 2334 926 2361 adhuc
937 2335 973 2362 sit

179 2376 319 2414 paruulus,
333 2378 412 2405 morti
433 2385 494 2404 eum
510 2377 667 2410 tradatis,et
681 2377 765 2405 alium
784 2380 971 2414 promoveatis.

177 2424 214 2452 At
230 2423 269 2452 illi
286 2431 349 2451 cum
362 2423 528 2459 iuramentis
544 2423 750 2459 proﬁtebantur
769 2432 799 2452 se
827 2425 913 2452 ullum
927 2434 972 2454 sa-

178 2469 338 2498 tisfacturos
356 2469 472 2497 minime
489 2474 669 2504 regnaturum
682 2473 783 2505 praeter
795 2470 881 2498 ﬁlium
899 2472 970 2507 ejus,

176 2514 286 2543 etiamsi
319 2522 383 2542 eum
414 2514 485 2542 mori
502 2515 575 2542 Deus
589 2515 733 2542 voluisset.
760 2515 818 2543 Hoc
844 2520 937 2544 autem
951 2524 970 2544 a

175 2561 320 2590 Dominica
341 2561 387 2589 die
409 2569 463 2596 qua
494 2560 650 2588 Palmarum
678 2561 837 2589 solemnitas
863 2562 969 2597 agitur,

177 2616 265 2644 usque
279 2608 314 2635 ad
330 2607 431 2635 feriam
445 2607 570 2642 quintam
586 2606 766 2634 hebdomadas
779 2607 901 2643 majoris,
918 2616 969 2643 po-

175 2655 241 2689 pulo
270 2654 298 2682 in
315 2653 516 2689 ﬂippodromio
532 2657 697 2680 coacervato
723 2657 846 2688 petente,
873 2658 968 2682 sancta

177 2701 329 2729 Parasceve
343 2700 426 2736 jussit
439 2700 534 2736 jurare
554 2699 626 2732 illos,
654 2703 682 2726 et
694 2700 799 2735 iuravit
814 2700 905 2728 omnis
917 2708 968 2736 po-

176 2747 258 2781 pulus
270 2747 300 2774 in
313 2746 484 2774 honorandis
506 2750 534 2773 et
549 2746 667 2777 viviﬁcis
683 2746 775 2781 lignis,
791 2751 846 2773 tam
861 2747 968 2776 scilicet

175 2800 211 2820 ex
228 2792 395 2821 thematibus
409 2798 438 2820 et
456 2798 554 2821 senatu
577 2800 658 2827 quam
674 2800 707 2820 ex
726 2793 903 2821 interioribus
919 2802 966 2822 or-

175 2837 289 2866 dinibus
301 2843 329 2866 et
345 2839 454 2867 civibus
478 2839 609 2867 omnibus
624 2843 652 2867 et
671 2839 893 2875 hergasteriacis,
911 2840 965 2868 im-

174 2886 330 2920 peratorem
344 2891 397 2912 non
409 2884 572 2913 admittendi
587 2884 710 2920 exceptis
723 2883 814 2913 Lconc
829 2892 877 2913 seu
894 2884 966 2914 ϐοη-

1026 2293 1173 2328 Vulgarum
1187 2293 1317 2322 dominus
1328 2294 1362 2322 ad
1385 2295 1592 2330 imperatOrem.
1606 2294 1654 2330 qui
1671 2294 1738 2323 fecit
1750 2301 1814 2322 eum

1027 2339 1184 2374 patricium,
1198 2340 1317 2375 jungens
1333 2340 1371 2367 illi
1381 2344 1410 2368 et
1425 2339 1518 2367 uxoris
1532 2347 1589 2367 suae
1606 2339 1731 2367 Heirena:
1746 2347 1815 2368 con-

1027 2385 1177 2413 sobrinam.
1197 2385 1267 2413 Cum
1287 2390 1380 2414 autem
1401 2385 1571 2421 baptizatum
1593 2393 1656 2413 eum
1673 2393 1707 2413 ex
1720 2390 1815 2413 sancta

1025 2439 1137 2467 quoque
1164 2431 1268 2467 piscina
1295 2432 1474 2467 suscepisset,
1498 2431 1643 2467 magniﬁce
1669 2431 1816 2459 honoravit

1025 2476 1129 2511 pariter
1140 2480 1168 2504 et
1179 2476 1290 2504 amavit.

1061 2522 1141 2550 Anno
1155 2523 1262 2558 imperii
1274 2523 1376 2551 Leonis
1391 2524 1474 2551 tertio
1487 2523 1559 2551 sedit
1573 2523 1731 2551 lthimamas
1740 2523 1814 2558 apud

1025 2565 1164 2599 Dabecon,
1182 2571 1211 2594 et
1232 2567 1395 2595 seditionem
1411 2569 1569 2595 commovit.
1583 2567 1640 2596 Leo
1652 2572 1745 2595 autem
1759 2568 1814 2595 im-

1024 2616 1135 2647 perator
1162 2612 1275 2640 militias
1295 2613 1483 2640 Romanorum
1509 2614 1622 2647 direxit,
1648 2619 1677 2642 et
1697 2614 1814 2650 ingressi

1024 2662 1090 2685 sunt
1115 2657 1222 2694 Syriam
1249 2662 1361 2686 centum
1375 2659 1471 2692 millia,
1498 2659 1601 2694 quibus
1627 2660 1714 2687 duces
1735 2664 1815 2688 erant

1024 2703 1140 2731 Michael
1157 2704 1372 2732 Lachanodraco
1382 2705 1607 2739 Thracesiorum,
1624 2705 1814 2734 Artahuasdus

1023 2750 1170 2777 Armenius
1201 2750 1393 2782 Orientalium,
1422 2750 1551 2778 Tatzates
1575 2751 1812 2785 Bucellarioruui,

1022 2794 1195 2822 Bastcratzes
1208 2796 1489 2828 Armeniacorum,.et
1517 2796 1667 2832 Gregorius
1685 2797 1812 2825 Obsicia-

1023 2841 1148 2868 ncnsium
1164 2846 1316 2877 praetores;
1332 2846 1360 2869 et
1371 2842 1578 2870 circumdaverc
1595 2843 1810 2877 Germaniciam,

1023 2886 1069 2914 ubi
1086 2890 1145 2915 erat
1167 2887 1386 2916 llisbahalithius
1411 2887 1493 2922 Madi,
1521 2893 1548 2917 ct
1567 2889 1812 2925 apprehenderunt
