2052 3153
220 176 289 208 1393

627 177 812 208 HISTORIA
830 176 1123 208 ECCLESIASTICA
1145 177 1197 207 EX
1215 177 1457 208 ΤΗΈΟΡΗΛΝΕ.

1785 177 1854 211 139i

219 239 317 259 onmes
333 232 453 260 camelos
466 233 536 268 ejus,
553 236 581 261 et
602 233 727 261 futurum
740 238 800 261 erat
822 239 852 261 ut
878 237 1010 269 caperent
1023 235 1047 263 A
1061 233 1176 266 tionem,
1193 234 1219 261 vi
1234 233 1321 261 multa
1336 234 1520 270 compellente
1536 238 1715 262 consecratur
1733 237 1855 271 patriar-

219 277 301 305 etiam
322 278 536 312 Gcrmaniciam,
559 279 612 306 nisi
637 279 798 307 muneribus
823 280 1009 315 persuasisset

220 323 464 351 Lachanodraconi
477 324 618 356 Hisbahal,
634 329 663 352 et
683 325 844 353 recessisset
869 333 885 353 a
905 329 1008 353 castro.

220 369 252 396 Et
266 369 352 397 exivit
369 369 397 397 in
411 370 530 405 praedam
545 371 675 406 regionis,
689 375 718 399 et
731 371 878 407 captivatis
900 372 1010 400 hzereti-

219 415 260 443 cis
274 415 406 444 Jacobitis
422 417 498 452 Syris
511 417 611 444 iterum
624 417 658 444 ad
676 423 796 446 castrqu
813 426 942 447 reversus
954 423 1008 447 est.

221 462 255 489 Et
269 461 353 490 misso
367 462 527 490 lthimamas
539 463 664 491 exercitu
679 471 694 490 a
709 463 819 492 Dabeco
835 469 864 492 et
878 464 1010 492 amiradi-

222 509 273 536 bus
289 508 392 536 bellum
415 516 478 536 cum
499 508 631 537 Romanis
656 509 793 542 fecerunt,
809 514 838 538 ct
850 510 1012 538 ceciderunt

221 554 361 582 amirades
377 555 499 590 quinque
509 560 538 582 ct
549 554 670 583 Arabum
682 563 729 583 sex
740 556 836 590 millia,
853 560 885 584 ut
906 556 1010 585 ferunt.

222 601 257 628 Et
285 605 360 628 sexta
385 600 451 630 feria
477 601 644 629 redierunt:
667 601 784 637 ingressi
804 602 878 630 enim
902 602 1012 631 fuerant

224 645 366 674 Dominica
379 645 435 673 die.
449 646 584 673 Praeterea
601 647 750 681 imperator
769 647 840 675 facta
856 648 972 683 majoma
983 647 1012 676 in

222 691 370 726 Sophianis
385 691 488 720 insedit
505 692 533 719 in
548 692 618 720 solio
633 700 696 720 cum
723 692 781 720 ﬁlio
794 701 856 727 suo,
872 698 901 721 et
914 694 952 722 ita
969 694 1012 722 di-

223 738 372 772 vulgarunt
398 743 531 773 praetores
548 739 705 774 triumphos
729 747 801 775 quos
825 744 1011 776 sumpserant.

223 784 377 812 Transtulit
393 788 486 822 autem
504 785 651 813 hereticos
680 785 765 822 Syros
782 785 810 814 in
824 786 969 820 Thracem,
984 790 1013 815 et

222 829 324 858 locavit
335 838 385 858 eos
399 830 467 858 illic.

258 876 338 904 Anno
353 884 419 904 vero
436 877 544 912 imperii
560 877 662 906 Leonis
682 882 782 914 quarto
794 879 889 907 furore
912 887 1012 908 accen-

223 929 271 949 sus
285 921 356 950 ladi
384 922 506 950 Arabum
521 922 578 950 dux
607 923 693 950 mittit
722 923 807 952 Hisan
829 931 892 952 cum
908 925 1013 953 virtute

223 968 320 1001 multa,
335 968 549 1004 Maurophorum
566 968 673 997 scilicet
694 969 781 1005 Syriae
803 977 836 997 ac
859 969 1014 1006 Mesopota-

223 1014 294 1046 miae.
321 1019 350 1042 et
361 1014 506 1042 descendit
523 1022 609 1050 usque
626 1015 792 1051 Dorylaeum.
809 1016 912 1043 Verum
924 1016 1014 1052 impe-

223 1065 299 1088 rator
332 1060 464 1096 praecepit
493 1061 659 1096 praetoribus
691 1069 727 1089 ne
760 1061 932 1089 debellarent
966 1069 1015 1090 eos

175 1119 178 1122 ~
224 1107 337 1142 publico
364 1107 448 1140 bello,
471 1107 518 1134 sed
535 1107 677 1134 munirent
692 1107 820 1135 civitates
838 1112 867 1136 et
882 1108 1015 1143 populum

224 1153 433 1180 introducerent
455 1153 489 1180 ad
517 1160 612 1180 earum
636 1153 801 1186 custodiam,
830 1153 975 1182 destinatis
987 1158 1016 1182 et

225 1199 398 1234 principibus
412 1198 518 1234 magnis
536 1206 585 1233 per
598 1199 722 1234 singulas
744 1199 882 1230 civitates.
906 1199 1015 1234 ipsique

225 1251 368 1274 sumerent
394 1246 547 1275 electorum
578 1247 697 1274 militum
712 1251 791 1274 terna
815 1247 913 1280 millia,
930 1252 958 1274 et
971 1246 1015 1274 in-

225 1297 411 1327 sequerentur
425 1300 484 1325 eos,
497 1300 532 1320 ne
544 1292 737 1328 dispergerent
750 1300 859 1326 cursus,
877 1297 905 1320 et
920 1293 1016 1321 incert-

225 1339 323 1366 derent
344 1338 395 1374 ipsi
412 1338 542 1374 primitus
560 1341 614 1365 tam
644 1338 744 1373 pabula
771 1345 906 1373 equorum
931 1344 1015 1373 quam

224 1391 313 1416 escas,
345 1384 503 1419 ubicunque
528 1383 646 1411 fuissent
671 1383 800 1411 inventae.
823 1383 893 1411 Cum
921 1386 1015 1410 autem

227 1430 381 1458 residerent
398 1431 513 1466 Dorylai
530 1430 630 1458 diebus
655 1429 826 1465 quindecim,
841 1434 870 1457 et
896 1428 1015 1457 defecis-

226 1481 289 1504 sent
301 1476 354 1504 sibi
369 1484 430 1511 qua:
456 1476 542 1504 victui
555 1481 620 1504 sunt
638 1476 804 1509 necessaria,
822 1475 904 1504 exilia
918 1483 1015 1503 eorum

226 1522 324 1550 eﬂ‘eeta
345 1527 410 1550 sunt
438 1522 579 1555 animalia,
594 1522 736 1558 multaque
763 1523 791 1550 in
807 1521 849 1550 eis
862 1522 953 1557 praeda
968 1530 1016 1557 pa-

1060 279 1111 308 cha
1139 279 1472 315 Constantinopolitanus.
1500 280 1587 308 Media
1600 289 1666 308 vero
1685 281 1859 309 hebdomada

1057 324 1227 360 jejuniorum
1256 328 1348 352 tentus
1368 330 1411 352 est
1426 325 1547 353 Iacobus
1569 326 1810 361 protospatharius
1824 334 1859 353 ac

1060 371 1158 406 Papias
1173 375 1201 399 et
1215 371 1372 407 Strategius
1388 380 1421 399 ac
1438 371 1624 408 Theophanes
1639 373 1805 401 cubicularii
1832 378 1861 401 ct

1060 418 1304 453 paracmmomeni,
1320 418 1378 446 Leo
1390 426 1501 454 quoque
1516 426 1549 446 ac
1561 418 1692 452 Thomas,
1709 427 1788 454 aeque
1803 426 1853 446 cu-
1867 438 1870 450 ,

1061 461 1200 495 bicularii,
1216 470 1272 489 una
1297 470 1361 490 cum
1393 463 1456 490 aliis
1474 463 1612 499 religiosis
1626 463 1706 497 viris,
1724 471 1758 491 eo
1782 463 1859 499 quod

1059 508 1234 536 venerabiles
1254 508 1389 544 imagines
1414 509 1575 537 adorarent.
1602 510 1682 538 Tunc
1713 509 1860 538 denudans

1060 554 1251 582 absconditam
1262 555 1397 582 malitiam
1407 563 1485 583 suam
1495 555 1563 588 Leo,
1576 556 1766 591 persecutoris
1776 556 1860 589 illius,

1061 599 1112 627 hos
1121 599 1378 627 immisericorditer
1387 604 1507 627 caesoset
1515 604 1610 628 tonsos
1619 608 1723 635 perque
1737 600 1861 628 medium

1061 646 1140 674 urbis
1151 646 1261 674 vinctos
1276 646 1403 681 pompari
1419 646 1487 674 fecit
1504 650 1532 674 et
1545 646 1572 674 in
1587 647 1718 682 praetorio
1733 647 1859 676 inclaudi

1061 691 1220 724 mandavit;
1241 692 1314 719 inter
1328 699 1399 727 quos
1420 691 1503 719 etiam
1520 691 1612 719 dictus
1628 691 1748 719 moritur
1762 691 1860 719 Theo-

1061 738 1178 773 phanes,
1207 737 1353 765 confessor
1381 738 1499 766 effectus
1528 742 1556 766 et
1583 746 1714 771 coronam
1729 738 1860 774 martyrii

1062 789 1240 812 consecutus.
1253 783 1363 820 Reliqui
1376 789 1469 812 autem
1483 792 1580 812 omnes
1594 793 1643 820 per
1654 785 1736 820 hujus
1751 784 1861 812 obitum

1061 830 1169 866 probati
1183 831 1312 858 monachi
1328 835 1394 858 sunt
1408 831 1523 859 ostensi.
1542 831 1592 859 Ast
1613 832 1703 859 Aaron
1720 831 1862 867 ingressus

1063 876 1092 904 in
1105 877 1333 905 Armeniacorum
1350 877 1442 905 thema
1462 877 1572 905 obsedit
1601 877 1743 905 Semalvos
1766 876 1863 905 castel-

1029 909 1051 939 Β
1064 923 1123 950 lum
1136 926 1231 951 aestate
1248 927 1315 955 tota.
1332 927 1360 951 et
1377 923 1555 959 Septembrio
1569 931 1664 951 mense
1691 922 1766 958 cepit
1791 922 1861 950 illud

1066 969 1094 997 in
1109 969 1206 997 verbo.
1221 969 1333 998 Miserat
1357 975 1449 998 autem
1476 970 1689 997 Thummamam
1709 969 1738 996 in
1767 968 1860 996 Asiam

1066 1024 1129 1044 cum
1146 1016 1346 1052 quinquaginta
1363 1015 1497 1049 millibus,
1515 1020 1544 1044 et
1566 1022 1716 1044 occurrens
1742 1013 1861 1042 Michael

1066 1062 1281 1090 Lachanodraco
1297 1070 1379 1090 cursu
1392 1061 1503 1090 modico
1515 1069 1566 1090 suo
1577 1061 1727 1090 debellavit
1743 1067 1819 1092 eum,
1832 1063 1862 1087 et

1064 1108 1200 1145 jugulavit
1214 1108 1328 1136 fratrem
1346 1108 1536 1136 Theumamae.

1100 1154 1203 1182 Eodem
1214 1161 1324 1188 quoque
1336 1160 1431 1180 mense
1444 1157 1550 1188 quartae
1561 1152 1722 1180 indictionis
1733 1155 1861 1179 mortuus

1064 1203 1108 1227 est
1123 1199 1179 1227 Leo
1191 1199 1264 1227 filius
1275 1199 1452 1227 Constantini
1464 1199 1518 1226 hoc
1533 1198 1626 1226 modo.
1643 1198 1712 1225 Cum
1724 1197 1861 1225 insaniret

1065 1246 1138 1273 circa
1166 1245 1281 1280 lapides,
1309 1244 1394 1272 nimis
1420 1244 1562 1273 adamavit
1594 1252 1727 1272 coronam
1756 1244 1862 1280 Magna;

1065 1291 1190 1320 ecclesia:
1202 1311 1209 1324 ,
1222 1296 1251 1319 et
1286 1291 1426 1327 accipiens
1453 1292 1572 1327 portavit
1591 1299 1663 1324 eam,
1681 1295 1710 1320 et
1732 1291 1862 1319 exierunt

1066 1338 1230 1366 carbunculi
1244 1339 1272 1366 in
1283 1339 1373 1374 capite
1390 1339 1461 1373 ejus,
1478 1343 1507 1366 et
1530 1343 1628 1374 captus
1642 1346 1657 1366 a
1674 1338 1766 1366 valida
1783 1337 1861 1365 febre

1067 1389 1192 1412 mortuus
1206 1389 1260 1416 est,
1276 1392 1340 1413 cum
1359 1389 1502 1420 regnasset
1516 1385 1597 1412 annis
1611 1385 1745 1420 quinque,
1760 1384 1861 1413 diebus

1066 1439 1113 1458 sex
1128 1431 1260 1466 exceptis.

1102 1477 1195 1505 Mundi
1206 1485 1278 1505 anno
1292 1478 1372 1511 6776,
1384 1478 1485 1506 divinae
1496 1477 1698 1505 incarnationis
1708 1485 1783 1505 anno
1791 1476 1858 1511 776,

1066 1524 1185 1552 lleirene
1202 1524 1325 1560 piissima
1349 1533 1402 1552 una
1429 1533 1492 1552 cum
1521 1524 1577 1552 filio
1601 1532 1652 1552 suo
1678 1523 1861 1552 Constantino

228 1574 299 1598 trata
323 1570 384 1597 est;
403 1569 438 1596 Et
468 1570 572 1597 reversi
603 1569 774 1598 obsederunt
795 1570 939 1598 Amorium
970 1571 1015 1599 die
1030 1575 1054 1607 ο
1068 1571 1187 1606 gloriose
1200 1571 1348 1606 imperium
1365 1571 1500 1599 divinitus
1517 1570 1617 1606 accipit
1633 1574 1709 1598 sexto
1723 1569 1786 1597 idus
1812 1568 1863 1597 Se-

228 1623 301 1648 uno;
325 1614 400 1649 quod
418 1622 480 1641 cum
515 1614 651 1642 vidissent
680 1615 829 1648 munitum,
853 1619 881 1643 et
902 1615 1016 1644 multam

228 1659 330 1687 habere
345 1663 524 1693 armaturam,
549 1661 653 1687 reversi
678 1663 744 1688 sunt
768 1660 839 1688 nihil
867 1661 1017 1697 proﬁcien-

229 1708 281 1732 ως.

263 1750 343 1778 Anno
360 1751 470 1786 imperii
492 1751 593 1779 Leonis
617 1751 715 1787 quinto
728 1752 830 1780 Paulus
857 1752 1017 1780 Constanti-

229 1796 406 1831 nopolitanus
431 1797 549 1825 habetur
570 1798 697 1831 antistes,
710 1798 842 1834 venitque
862 1798 933 1826 Madi
947 1798 1017 1826 Ara-

229 1841 295 1869 bum
312 1841 367 1869 dux
383 1841 521 1869 Dabecum
540 1849 603 1870 cum
628 1846 774 1878 potentatu
789 1843 877 1871 multo
892 1849 920 1871 et
935 1851 1019 1878 appa-

229 1891 302 1920 ratu,
319 1891 347 1915 et
363 1887 447 1916 misso
459 1887 515 1916 lilio
528 1895 580 1916 suo
592 1888 619 1916 in
635 1889 796 1916 Romaniam
811 1889 869 1925 ipse
892 1889 964 1916 redit
983 1889 1018 1916 ad

229 1937 351 1961 sanctam
364 1933 514 1966 civitatem,
530 1939 559 1962 et
580 1934 665 1962 mittit
688 1934 868 1967 Muchesiam,
883 1934 929 1969 qui
941 1934 1018 1962 dice-

231 1978 312 2006 batur
334 1979 454 2012 Zelotes,
480 1983 508 2006 et
532 1979 579 2006 dat
592 1979 618 2007 ei
638 1983 803 2014 potestatem
819 1984 958 2015 apostatas
975 1979 1016 2007 fa-

229 2025 321 2054 ciendi
335 2025 554 2053 Christianorum
575 2034 672 2054 servos
684 2030 712 2054 et
730 2026 873 2054 desolandi
885 2027 1018 2055 ecclesias

230 2074 348 2098 sanctas.
364 2070 397 2097 Et
410 2070 486 2097 venit
501 2078 588 2105 usque
601 2071 758 2104 Hemesam,
771 2076 798 2099 et
809 2072 979 2108 repromittit
988 2080 1018 2100 se

232 2123 287 2143 non
305 2115 470 2150 compellere
485 2116 519 2143 ad
534 2116 758 2151 magarizandum
781 2117 835 2145 nisi
857 2126 906 2146 eos
922 2118 970 2154 qui
985 2126 1019 2146 ex

232 2160 390 2189 infidelibus
413 2161 518 2189 dudum
538 2162 664 2195 fuissent,
687 2163 776 2191 donec
803 2164 932 2199 patefacti
955 2171 1020 2194 sunt

231 2209 340 2237 Hebraei
368 2214 397 2237 et
421 2208 580 2238 Christiani.
595 2210 630 2238 Et
646 2210 738 2238 statim
751 2211 836 2246 coepit
859 2211 942 2247 impie
953 2220 1019 2240 cru-

1068 1617 1218 1653 ptcmbrias
1238 1616 1401 1644 indictionis
1425 1621 1541 1652 quartae,
1562 1619 1699 1651 quatenus
1726 1614 1862 1642 mirabilis

1067 1663 1264 1699 praedicaretur
1277 1663 1349 1690 Deus
1363 1663 1446 1690 etiam
1460 1662 1488 1690 in
1506 1662 1570 1694 hoc,
1587 1669 1637 1697 per
1655 1661 1767 1688 viduam
1782 1660 1863 1688 femi-

1067 1717 1131 1737 nam
1145 1714 1173 1737 et
1187 1716 1303 1745 puerum
1329 1708 1484 1743 orphanum
1509 1708 1687 1742 depositurus
1700 1707 1862 1734 immensam

1068 1759 1165 1782 contra
1180 1762 1209 1782 se
1223 1754 1395 1788 famulosque
1413 1760 1479 1780 suos
1492 1753 1661 1787 impietatem
1688 1756 1716 1779 et
1729 1751 1863 1779 adversus

1068 1804 1181 1827 cunctas
1192 1799 1330 1827 Ecclesias
1343 1802 1446 1826 motam
1458 1797 1660 1833 impugnatoris
1668 1797 1716 1825 Dei
1728 1796 1862 1824 Constan-

1069 1844 1119 1872 tini
1132 1844 1316 1880 tyrannidem,
1331 1848 1362 1871 ut
1378 1843 1443 1870 olim
1459 1842 1562 1870 diaboli
1581 1850 1630 1877 per
1651 1842 1819 1878 piscatorum
1834 1844 1863 1868 et

1068 1890 1273 1918 illitteratorum
1289 1889 1490 1917 infirmitatem.
1505 1889 1570 1916 Post
1595 1892 1713 1923 quatuor
1724 1894 1789 1915 vero
1802 1886 1863 1914 dies

1068 1936 1177 1972 imperii
1201 1936 1255 1968 sui,
1269 1943 1331 1963 cum
1345 1935 1418 1963 filius
1433 1942 1500 1962 suus
1516 1934 1612 1962 decem
1625 1937 1699 1962 esset
1713 1940 1861 1965 annorum,

1068 1982 1211 2010 consilium
1236 1982 1369 2009 facientes
1391 1980 1505 2016 quidam
1531 1984 1689 2008 senatorum
1713 1979 1863 2006 voiuerunt

1067 2029 1186 2057 educere
1194 2028 1380 2064 Nicephorum
1393 2035 1426 2055 ex
1440 2026 1547 2055 Caesare
1558 2031 1586 2054 et
1598 2026 1794 2061 imperatorem
1805 2029 1862 2052 sta-

1068 2079 1157 2104 tuere.
1165 2074 1234 2102 Cum
1244 2079 1336 2102 autem
1347 2074 1380 2101 ad
1391 2073 1517 2101 notitiam
1529 2080 1610 2101 causa
1618 2072 1785 2104 devenisset,
1794 2071 1862 2098 tenti

1068 2125 1134 2150 sunt
1145 2120 1295 2156 Gregorius
1310 2120 1449 2156 logotheta
1467 2119 1568 2151 dromi,
1593 2123 1622 2146 ct
1638 2118 1741 2146 Bardas
1757 2117 1862 2144 dudum

1068 2171 1170 2203 pmtor
1177 2166 1417 2198 Armeniacorum,
1428 2165 1682 2200 Constantinusque
1693 2163 1789 2192 vicarii
1799 2170 1861 2198 spa-

1077 2214 1184 2241 tharius
1196 2217 1224 2241 et
1237 2213 1403 2241 domesticus
1419 2211 1622 2244 excubitorum,
1641 2219 1673 2238 ac
1686 2209 1860 2245 Thcophyla-

230 2255 315 2289 ciare,
328 2255 401 2284 sicut
418 2263 470 2284 nec
493 2256 590 2292 Lysias
603 2257 670 2286 olim
685 2257 727 2285 vel
755 2258 927 2293 Agricolaus,
945 2259 1018 2287 mul-
1034 2257 1057 2285 D
1071 2264 1133 2288 ctus
1156 2259 1284 2295 Rangabe
1308 2258 1476 2294 drungarius
1505 2257 1676 2285 duodecimae
1700 2256 1810 2288 insulae.
1832 2259 1866 2284 et,

231 2305 330 2336 tosque
355 2302 486 2336 perdidit.
511 2302 582 2330 Sane
607 2302 717 2331 feminae
738 2304 827 2338 gratia
842 2304 947 2333 Christi
970 2305 1019 2333 Dei

231 2348 321 2375 nostri
336 2348 462 2376 vicerunt
474 2349 693 2383 ejusinsaniam;
709 2354 738 2377 et
752 2350 794 2377 hae
808 2351 1013 2385 cumZNubiten-

232 2400 278 2421 ses
304 2398 398 2421 essent
423 2393 610 2421 archidiaconi
639 2394 763 2422 llemesae
786 2402 818 2421 ac
845 2395 894 2422 ﬁlii
921 2395 1019 2427 Esaiae,

233 2440 350 2467 multum
377 2439 517 2471 cruciatze,
543 2446 607 2466 cum
624 2446 679 2466 non
700 2438 849 2467 cessissent
873 2439 1019 2475 impietati,

233 2487 344 2514 millena
361 2486 463 2521 quippe
493 2485 576 2521 ﬂagra
602 2485 768 2521 recipientcs
795 2489 824 2513 et
846 2486 908 2514 aliis
927 2486 1021 2514 multis

233 2532 402 2560 cruciatibus
416 2536 566 2565 attentatae,
582 2539 712 2560 coronam
740 2531 865 2559 victoriae
880 2540 895 2560 a
909 2532 1021 2560 Christo

233 2584 427 2614 perceperunt.
445 2578 575 2606 Pervenit
589 2584 681 2606 autem
696 2582 725 2605 et
742 2586 829 2613 usque
844 2579 1020 2612 Damascum,

235 2629 265 2653 et
286 2625 387 2652 multas
405 2624 537 2652 ecclesias
557 2624 681 2652 desertas
699 2624 775 2658 fecit,
801 2632 857 2651 non
874 2624 1022 2652 intendens

235 2670 300 2698 dato
308 2670 477 2698 Christianis
484 2670 519 2698 ab
527 2670 667 2698 Arabibus
675 2669 772 2697 verbo.
782 2669 917 2698 Praeterea
923 2675 1021 2698 octavo

236 2716 299 2744 idus
310 2715 475 2744 Februarias
493 2720 604 2743 mortuo
620 2715 725 2748 Niceta,
743 2715 778 2743 de
791 2723 846 2751 quo
860 2716 1021 2751 praedictum

237 2766 290 2797 est,
305 2762 584 2797 Constantinopoleos
598 2762 739 2798 episcopo,
765 2762 888 2790 secunda
903 2763 1023 2798 jejunio-

237 2816 298 2836 rum
310 2808 492 2841 hebdomada,
514 2808 558 2836 die
569 2807 723 2840 Dominico,
736 2807 838 2835 Paulus
852 2807 1023 2836 honorabilis

238 2862 348 2890 genere,
374 2854 503 2890 Cyprius,
531 2854 617 2882 verbo
640 2861 673 2882 ac
696 2859 759 2882 actu
784 2861 944 2887 coruscans,
958 2859 1024 2889 post

239 2901 384 2934 plurimam
398 2905 510 2936 propter
530 2900 655 2929 haeresim
672 2908 726 2936 qua
753 2900 897 2930 tenebatur
910 2909 1023 2930 excusas

1070 2305 1150 2333 multi
1181 2305 1244 2338 alii;
1263 2312 1333 2339 quos
1359 2311 1445 2332 caesos
1465 2308 1494 2331 et
1513 2308 1607 2331 tensos
1622 2303 1650 2330 in
1669 2302 1785 2330 diversis
1794 2301 1862 2329 locis

1069 2350 1168 2378 exsilio
1181 2350 1322 2384 relegavit.
1340 2349 1426 2376 Porro
1441 2348 1494 2376 viri
1517 2347 1560 2375 sui
1572 2347 1672 2375 fratres
1690 2346 1812 2375 Cmsares
1830 2354 1862 2375 ac

1069 2395 1257 2423 nobilissimos
1273 2401 1365 2423 tonsos
1376 2394 1530 2422 sacerdotio
1542 2394 1616 2429 fungi
1633 2399 1661 2422 et
1673 2394 1775 2430 populo
1787 2401 1862 2421 com-

1071 2441 1230 2468 munionem
1239 2441 1267 2468 in
1276 2441 1424 2468 festivitate
1438 2440 1540 2468 Christi
1556 2440 1713 2469 nativitatis.
1721 2432 1862 2475 porrigere

1070 2486 1145 2519 fecit,
1161 2486 1189 2513 in
1203 2494 1256 2522 qua
1284 2486 1439 2522 procedens
1453 2486 1632 2522 imperatorio
1653 2494 1730 2513 more
1751 2485 1862 2521 publice

1071 2540 1134 2560 cum
1145 2540 1232 2568 puero
1252 2532 1347 2560 retulit
1363 2533 1487 2560 ecclesia:
1504 2538 1630 2566 stemma,
1647 2532 1722 2568 quod
1737 2532 1828 2560 fuerat
1845 2540 1862 2560 ιι

1070 2580 1170 2607 marito
1181 2579 1329 2612 sublatum,
1342 2579 1527 2615 pulcherrime
1537 2578 1716 2606 fabrefactum
1724 2577 1861 2614 etpretio-

1071 2626 1110 2654 sis
1125 2623 1263 2660 lapidibus
1281 2628 1468 2653 venustatum.
1488 2624 1632 2652 Promovit
1649 2627 1742 2651 autem
1768 2621 1861 2658 Helpi-

1072 2671 1146 2698 dium
1163 2675 1306 2706 praetorem
1336 2670 1365 2698 in
1381 2670 1486 2703 Sicilia,
1502 2671 1549 2705 qui
1564 2674 1593 2698 et
1614 2674 1678 2698 ante
1693 2669 1750 2697 illic
1762 2674 1862 2704 praetor

1071 2717 1225 2747 exstiterat.
1234 2717 1320 2745 Porro
1333 2717 1441 2745 decimo
1451 2717 1569 2752 septimo
1583 2715 1767 2744 Kalendarum
1779 2715 1861 2742 Maia-

1073 2771 1135 2791 rum
1144 2767 1290 2791 accusatus
1300 2763 1373 2790 idem
1389 2761 1532 2797 Helpidius
1545 2762 1618 2797 quod
1630 2769 1693 2789 cum
1706 2760 1862 2789 Caesaribus

1073 2810 1198 2842 sentiret,
1217 2813 1245 2837 et
1261 2808 1346 2836 misso
1361 2808 1517 2843 Theophilo
1530 2807 1672 2843 spathario
1687 2806 1817 2843 praecepit
1831 2811 1862 2834 ut

1073 2855 1237 2891 compendio
1252 2859 1361 2891 raperet
1388 2859 1417 2882 et
1431 2854 1546 2882 duceret
1563 2861 1638 2881 eum.
1654 2853 1706 2886 Qui
1720 2861 1783 2881 cum
1796 2860 1860 2888 per-

1076 2902 1201 2933 rexisset.
1218 2911 1274 2931 non
1300 2902 1435 2931 dederunt
1457 2901 1533 2930 illum
1550 2901 1646 2930 Siculi.
1663 2900 1698 2929 At
1711 2900 1755 2928 illa
1780 2899 1860 2934 hujus
