2052 3153
200 179 270 211 1395

197 242 312 261 uxorem
340 242 371 262 ac
401 233 472 261 ﬁlios
499 242 584 262 exesos
609 238 636 261 et
663 237 756 260 tonsos
784 232 898 268 praetori
915 232 1029 265 misitA

199 280 404 308 custodiendos.
422 280 504 308 Junio
520 285 612 308 autem
639 288 733 307 mense
747 279 838 306 omnia
858 279 990 306 ulteriora

199 329 321 356 themata
349 327 499 354 destinavit
526 327 559 354 ad
589 327 732 354 elausuras
761 325 936 354 custodiendi
963 330 991 352 et

197 373 363 401 observandi
387 374 491 402 exitum
510 373 642 406 Arabum,
669 379 829 408 proponens
847 371 888 398 eis
907 376 990 406 caput

196 418 329 445 Joannem
347 418 531 450 sacellarium,
548 417 594 452 qui
613 422 673 444 erat
692 417 838 444 etuiuchus
851 421 877 443 et
893 415 989 443 dome—

197 464 284 491 sticus
297 464 367 500 ejus.
392 463 427 491 At
440 471 505 491 vero
531 463 603 491 Madi
623 463 697 490 misit
713 462 795 490 Cebir
809 470 871 489 cum
887 462 989 490 virtute

197 511 294 544 multa,
310 515 338 539 et.
352 514 502 538 occurrunt
529 510 556 538 in
573 511 665 537 locum
679 513 868 544 nuncupatum
883 509 988 540 Milnm,

198 562 227 585 et
243 558 314 585 inito
333 557 407 585 bello
421 561 588 592 superantur
601 556 716 588 Arabes,
730 560 758 582 et
773 555 940 582 occiduntur
956 562 989 582 ex

197 604 239 631 eis
251 603 341 635 multi,
359 608 387 631 et
406 603 444 630 ita
456 610 518 630 cum
534 601 697 629 confusione
713 601 818 628 reversi
832 605 907 629 sunt.
927 600 989 628 Coa-

196 653 298 686 perunt
308 653 438 684 praeterea
446 648 566 683 piissimi
576 647 717 683 principes
724 647 842 674 ﬁduciali
849 652 890 674 ter
897 655 987 682 agere,

196 701 224 725 et
240 696 353 724 verbum
373 695 479 722 Domini
494 694 614 726 dilatari,
629 698 656 720 et
676 693 723 729 qui
739 692 987 725 volebantsalvari,

196 742 255 771 sine
267 741 456 777 prohibitione
470 740 573 768 mundo
586 740 792 773 abrenuntiare,
809 744 836 768 et
854 740 988 775 gloriﬁca-

197 787 236 814 tio
265 787 313 814 Dei
345 785 470 818 exaltari,
495 793 527 812 ac
555 786 722 813 monasteria
750 785 880 818 recreari,
905 790 987 821 atque

197 841 277 860 omne
290 833 392 859 bonum
410 831 591 859 manifestari.

231 878 288 905 lloc
304 878 387 904 etiam
405 885 478 904 anno
501 877 530 904 in
551 877 641 912 longis
663 877 777 906 Thraca:
799 879 886 905 muris
905 878 988 905 homo

751 177 952 209 ANASTASH
966 177 1285 208 BIBLIOTHECARII

1768 175 1838 208 13⁸26

1043 232 1177 260 exiissem
1201 232 1362 260 Stauraeius
1386 237 1414 260 et
1443 232 1542 260 Petrus
1569 231 1699 267 magister
1723 236 1751 259 et
1781 233 1837 260 An-

1043 281 1137 308 tonius
1173 280 1362 312 domesticus,
1397 287 1453 306 non
1492 279 1662 306 studuerunt
1695 278 1838 306 subtiliter

1041 335 1134 362 agere,
1155 330 1185 354 ut
1204 327 1319 354 verbum
1344 330 1424 355 caute
1443 325 1616 360 susciperent
1637 329 1666 352 et
1693 325 1765 353 ﬁlios
1781 326 1838 360 pri-

1042 381 1170 406 morum,
1197 373 1246 401 sed
1270 378 1404 401 exeuntes
1432 372 1587 399 inconsulte
1610 370 1678 398 tenti
1711 376 1776 399 sunt
1802 372 1838 399 ab

1042 419 1097 446 illis
1126 424 1153 446 et
1179 418 1361 453 compedibus
1387 418 1472 446 vineti
1496 423 1571 450 sunt,
1594 422 1623 445 et
1648 423 1750 445 coacta:
1773 423 1840 445 sunt

1042 469 1165 500 utraeque
1191 471 1283 500 partes
1311 465 1345 492 ad
1373 465 1529 492 faciendum
1558 472 1664 500 pacem.
1692 465 1726 492 Et
1749 465 1837 492 dona-

1042 516 1142 539 verunt
1166 511 1295 543 invicem.
1319 511 1442 547 Augusta
1462 511 1570 540 scilicet
1585 516 1613 539 et
1634 513 1737 544 Aaron,
1757 512 1836 539 xenia

1042 558 1145 591 multa,
1173 563 1253 593 pacto
1278 558 1385 586 ﬁrmato
1411 561 1441 585 ut
1461 566 1511 593 per
1536 558 1660 593 singulos
1687 566 1776 586 annos
1796 559 1839 586 eis

1041 611 1155 632 censum
1184 603 1329 631 tribueret.
1362 604 1396 632 Et
1427 604 1498 631 facta
1536 611 1604 639 pace
1630 604 1837 635 discesserunt.

1041 649 1214 678 dimittentes
1235 650 1318 677 etiam
1338 654 1366 678 et
1390 650 1530 677 civitatem
1551 650 1679 678 Nacolize.
1696 651 1772 678 Tulit
1790 659 1838 678 au-

1042 700 1096 723 tem
1123 701 1151 724 et
1178 696 1306 724 Atazates
1335 704 1450 725 uxorem
1478 704 1556 724 suam
1583 701 1612 724 ει
1633 704 1743 724 omnem
1771 697 1838 725 sub-

1041 741 1182 770 stantiam.

1075 789 1156 817 Anno
1181 789 1289 824 imperii
1312 789 1356 817 sui
1381 789 1475 821 tertio,
1502 797 1570 824 pace
1599 789 1669 816 facta
1693 796 1755 816 cum
1770 788 1840 816 Ara~

1040 835 1123 863 bibus
1144 840 1173 863 et
1191 836 1267 864 aditu
1288 840 1408 870 reperto,
1424 835 1542 863 Heirene
1557 835 1644 862 mittit
1664 836 1839 863 Stauraeium

1043 882 1193 917 patricium
1209 886 1237 911 et
1261 882 1427 917 logothetam
1446 881 1535 909 dromi
1550 889 1613 909 cum
1632 881 1736 909 virtute
1753 881 1841 908 multa

196 923 310 958 quidam
337 923 446 950 fodiens
471 922 578 950 invenit
604 922 741 957 lapideam
780 931 889 956 arcam,
910 931 991 958 quam
1009 916 1030 945 Β
1045 916 1143 956 eontra
1167 916 1358 956 sclavgnorrum
1379 933 1485 963 gentes.
1514 927 1566 961 Qui
1592 935 1656 955 cum
1679 927 1841 955 descendis.

195 978 257 997 tum
282 974 461 1005 expurgasset
482 973 510 996 et
531 969 690 1002 revelasset,
714 969 819 1004 reperit
841 969 932 996 virum
952 969 994 1004 ja-

196 1020 304 1043 centem
323 1020 351 1043 et
369 1016 477 1042 litteras
494 1015 698 1049 conglutinatas
720 1022 802 1046 arca).
817 1015 993 1042 continentes

195 1063 255 1090 lucc
270 1071 277 1089 :
293 1061 413 1089 Christus
432 1066 556 1088 nascetur
573 1069 604 1087 ex
622 1060 711 1088 Maria
733 1061 855 1096 Virgine,
873 1065 897 1088 et
917 1061 994 1087 credo

194 1108 224 1134 in
238 1116 307 1134 eum.
321 1106 374 1134 Sub
391 1106 567 1134 Constantino
578 1114 638 1133 vero
654 1111 678 1133 et
694 1106 806 1134 Ileirene
824 1107 993 1143 imperatori-

195 1150 253 1182 bus,
269 1159 284 1177 ο
295 1150 345 1183 sol,
361 1150 456 1177 iterum
474 1150 515 1176 ine
530 1150 637 1176 videbis.

231 1199 310 1225 Anno
337 1197 445 1232 imperii
469 1195 645 1224 Constantini
670 1199 698 1223 et
719 1195 845 1224 lleirente
870 1195 992 1223 secundo

196 1245 298 1272 direxit
324 1245 443 1272 lleirene
465 1244 607 1273 Costahim
642 1244 816 1272 sacellarium
840 1247 868 1270 et
890 1243 992 1269 illatua-

196 1291 252 1319 lum
276 1291 467 1325 prilniecrium
489 1290 522 1318 ad
543 1290 672 1318 Carolum
691 1298 782 1325 regem
807 1290 991 1323 Francorum,

196 1345 252 1371 quo
273 1336 355 1364 ﬁliam
380 1344 457 1364 suam
478 1337 576 1372 nuptui
601 1337 723 1364 traderet
745 1336 903 1371 imperatori
918 1335 992 1363 Con—

196 1382 317 1409 stantino
339 1382 395 1409 ﬁlio
414 1389 475 1409 suo.
493 1382 526 1408 Et
548 1381 620 1409 facto
639 1382 741 1417 placito
761 1389 794 1409 ac
809 1382 990 1417 jurejurando

196 1427 269 1454 inter
289 1432 439 1462 utrosque.
471 1427 644 1462 reliquerunt
670 1427 799 1454 Eliszeum
829 1427 988 1454 eunuchum

195 1477 278 1508 atque
295 1475 433 1501 notarium
449 1473 483 1500 ad
496 1473 648 1500 docendam
671 1473 745 1500 illam
766 1473 922 1500 ercorum
942 1474 986 1500 lit-

197 1522 270 1546 teras
285 1519 368 1546 simul
387 1523 415 1545 ct
430 1519 568 1554 linguam;
587 1519 635 1546 sed
657 1524 685 1546 et
703 1523 732 1546 ut
748 1519 872 1546 erudirct
885 1527 946 1546 eam
962 1523 990 1546 et

197 1564 350 1592 secundum
367 1572 458 1592 mores
473 1565 661 1592 Romanorum
675 1565 794 1600 imperii.
814 1565 988 1593 Construetis

195 1615 288 1638 autem
306 1609 443 1637 classibus
460 1611 625 1643 numerosis,
642 1615 670 1638 et
692 1611 788 1639 electis
803 1619 836 1638 ex
860 1612 990 1640 themati-

197 1657 249 1684 bus
268 1654 378 1691 populis
398 1664 430 1683 ac
450 1657 640 1692 principibus,
663 1658 710 1692 qui
733 1657 905 1690 suﬁieerent,
925 1666 991 1693 pro-

196 1702 283 1729 movit
298 1702 474 1729 Tlieodorum
492 1703 638 1736 patricium
654 1703 824 1737 eunuchum,
842 1704 932 1731 virum
949 1705 992 1731 in-

197 1748 348 1781 dustrium,
359 1752 387 1775 et
397 1748 499 1775 direxit
511 1748 538 1775 in
550 1748 671 1776 Siciliam
680 1749 813 1777 adversus
821 1750 989 1786 llelpidiunl.

195 1794 319 1830 Cumque
347 1794 433 1822 multa
466 1795 564 1823 ﬁerent
600 1796 689 1828 bella,
722 1796 849 1824 viCerunt
884 1798 911 1824 lli
942 1798 989 1832 qui

194 1839 268 1867 circa
297 1839 475 1868 Theodorum
502 1846 592 1869 erant.
615 1842 675 1875 Quo
703 1843 762 1870 viso
783 1843 925 1878 Ilelpidius
955 1844 989 1872 ti-

194 1885 279 1919 muit,
308 1890 337 1913 et
354 1887 471 1922 sumptis
487 1892 623 1923 quotquot
646 1889 765 1918 habebat
788 1891 912 1927 pecuniis
925 1899 989 1919 eum

193 1931 351 1967 Nicephoro
364 1936 542 1961 transmeavit
559 1935 586 1962 in
595 1935 763 1968 Africam,et
777 1942 890 1973 accepto
904 1938 988 1965 verbo

194 1978 350 2007 suauitatis
363 1979 397 2006 ad
412 1979 517 2008 Arabes
531 1981 657 2015 eonlluit;
674 1991 756 2018 quem
773 1984 812 2011 illi
830 1990 989 2019 susceptum

196 2027 226 2050 ut
259 2025 448 2053 Romanorum
476 2027 671 2062 imperatorem
700 2029 875 2063 retinebant,
907 2038 988 2058 coro-

196 2075 294 2098 nantes
324 2079 387 2099 eum
426 2073 578 2107 incassum,
613 2080 640 2102 et
670 2076 759 2103 ocreis
787 2081 815 2104 et
844 2082 990 2105 stemmate

194 2115 353 2144 induentes.
378 2117 447 2145 Cum
475 2124 567 2146 autem
595 2120 781 2149 Romanorum
812 2122 841 2149 in
868 2123 912 2150 bis
936 2131 985 2158 po-

193 2163 275 2197 pulus
303 2168 427 2197 vacaret,
452 2165 593 2200 egreditur
618 2166 688 2193 Madi
716 2166 788 2194 ﬁlius
807 2168 899 2196 Aaron
923 2177 986 2197 cum

193 2212 338 2242 potentatu
360 2213 389 2236 et
414 2214 547 2244 apparatu
571 2211 671 2243 nimio,
692 2217 746 2239 tam
770 2213 986 2248 Mauropborum

1002 1591 1024 1622 C

1047 978 1090 1002 set
1116 974 1145 1001 in
1174 974 1343 1002 Thessaliam
1368 977 1396 1001 et
1421 973 1570 1006 Graeciam,
1601 973 1718 1008 subjecit
1744 981 1841 1000 omnes

1046 1025 1073 1048 et
1101 1020 1262 1049 tributarios
1286 1021 1352 1048 fecit
1383 1021 1512 1056 imperio.
1538 1021 1665 1048 Introivit
1693 1024 1784 1047 autem
1811 1024 1841 1047 et

1045 1066 1074 1094 in
1090 1066 1322 1101 Peloponnesum,
1341 1070 1368 1093 et
1390 1066 1505 1093 multam
1524 1065 1714 1101 captivitatem
1731 1070 1760 1093 et
1773 1073 1841 1092 exu-

1045 1112 1103 1140 vias
1120 1113 1245 1140 Romano
1262 1112 1379 1148 imperio
1391 1113 1495 1140 attulit.

1066 1158 1159 1185 'Anno
1187 1158 1297 1193 imperii
1326 1157 1501 1186 Constantini
1531 1166 1564 1185 ac
1593 1157 1720 1185 iieirena
1740 1163 1841 1192 quarto

1044 1204 1128 1232 rediit
1150 1204 1329 1237 Stauracius,
1355 1204 1390 1232 de
1415 1212 1472 1239 quo
1502 1212 1586 1239 supra
1599 1205 1706 1231 dictum
1735 1209 1794 1235 est.
1825 1212 1840 1231 e

1044 1251 1159 1283 Sclavis,
1185 1254 1214 1278 et
1231 1251 1373 1285 triumpho
1392 1251 1579 1278 manifestavit
1593 1251 1715 1285 trophaaa
1728 1250 1756 1278 in
1775 1250 1839 1286 Bip-

1043 1297 1200 1332 podromio.
1227 1296 1323 1324 Mense
1346 1301 1437 1324 autem
1466 1297 1537 1324 Maio
1565 1297 1689 1333 ejusdem
1716 1297 1838 1332 septima.

1044 1342 1208 1370 indictionis
1235 1343 1321 1371 exivit.
1349 1343 1510 1379 imperatrix
1540 1343 1661 1371 Heirene
1691 1351 1746 1371 una
1776 1350 1839 1370 cum

1044 1389 1104 1417 ﬁlio
1135 1397 1186 1416 suo
1210 1393 1239 1417 et
1267 1389 1371 1417 virtute
1400 1390 1511 1424 copiosa
1546 1390 1576 1416 in
1601 1389 1754 1421 Thracem.
1782 1390 1840 1416 eir-

1042 1434 1201 1463 cumferens
1224 1443 1327 1471 organa
1350 1440 1378 1463 et
1400 1440 1499 1464 czetera
1527 1443 1629 1471 genera
1657 1436 1838 1465 musicorum.

1040 1486 1069 1508 et
1090 1481 1140 1508 ivit
1159 1489 1247 1516 usque
1269 1482 1409 1514 Beroeam,
1424 1489 1454 1510 et
1478 1482 1551 1510 hanc
1566 1481 1706 1510 aediﬁcari
1735 1481 1837 1517 jubcns

1041 1527 1195 1554 nominavit
1211 1528 1430 1563 Heirenopoliin.
1450 1529 1532 1556 Venit
1545 1533 1638 1555 autem
1655 1531 1684 1555 et
1699 1535 1785 1562 usque
1801 1526 1836 1554 ad

1040 1574 1253 1609 Philippopolim
1273 1582 1335 1603 cum
1359 1575 1433 1602 omni
1450 1576 1654 1609 securitate,et
1672 1575 1764 1608 rediit,
1774 1583 1838 1603 eum

1043 1620 1247 1648 construxisset
1260 1620 1344 1648 etiam
1358 1621 1534 1649 Anchialum.

1078 1666 1182 1694 Eodem
1209 1675 1321 1702 quoque
1347 1675 1422 1695 anno
1449 1672 1476 1696 et
1511 1667 1634 1695 Arabum
1662 1667 1718 1694 dux
1749 1665 1835 1700 uadi,

1042 1713 1089 1746 qui
1113 1717 1142 1740 et
1167 1713 1304 1745 Maumed,
1328 1719 1454 1741 mortuus
1472 1719 1531 1746 est,
1557 1717 1586 1740 et
1609 1713 1727 1740 obtinuit
1750 1713 1843 1741 Mosae

1042 1756 1116 1785 ﬁlius
1140 1758 1209 1793 ejus.
1234 1758 1320 1786 Porro
1336 1759 1426 1794 pridie
1447 1759 1633 1787 Kalendarum
1653 1758 1842 1793 Septembris.-

1042 1811 1102 1831 rum
1121 1804 1247 1839 ejusdem
1266 1805 1391 1840 septima:
1406 1805 1567 1833 indictionis
1586 1805 1687 1832 Paulus
1703 1803 1840 1832 almiﬁcus

1041 1853 1069 1876 et
1099 1849 1292 1878 sanctissimus
1328 1851 1485 1885 patriarcha
1516 1850 1673 1878 inﬁrmatus
1704 1851 1837 1877 thronum

1042 1895 1155 1930 reliquit
1189 1900 1217 1923 et
1254 1895 1426 1923 descendens
1459 1896 1494 1923 ad
1527 1896 1729 1924 monasterium
1762 1896 1840 1923 Flori

1041 1942 1235 1970 monachicum
1251 1942 1532 1977 suscepit-habitum,
1547 1942 1665 1977 imperio
1684 1942 1838 1978 ignorante.

1040 1988 1108 2016 Cum
1131 1993 1223 2016 autem
1248 1989 1302 2016 hoc
1329 1988 1473 2016 didicisset
1497 1988 1673 2023 imperatrix,
1697 1987 1774 2015 venit
1802 1986 1838 2013 ad

1039 2042 1102 2062 eum
1122 2042 1185 2062 cum
1203 2034 1260 2062 ﬁlio
1278 2035 1366 2062 tristis
1383 2039 1411 2062 et
1434 2035 1568 2066 clamans,
1585 2034 1651 2066 Cur,
1670 2032 1770 2067 inquit,
1791 2032 1840 2059 hoc

1039 2081 1193 2115 fecisti?At
1221 2081 1267 2108 ille
1295 2089 1357 2108 eum
1377 2080 1507 2108 lamentis
1523 2080 1618 2107 multis
1645 2080 1685 2107 ait
1699 2079 1732 2107 ad
1757 2087 1837 2106 eam:

1042 2127 1149 2155 Utinam
1167 2135 1214 2154 nec
1230 2135 1349 2163 unquam
1368 2127 1494 2155 sedissem
1515 2128 1543 2154 iu
1566 2127 1709 2155 sacerdotii
1731 2128 1839 2158 throno,

1040 2173 1159 2201 Ecclesia
1186 2173 1234 2200 Dei
1257 2174 1427 2209 tyrannidem
1452 2174 1584 2209 patiente,
1608 2174 1756 2209 prasertim
1777 2182 1839 2200 cum

1040 2220 1121 2247 scissa
1139 2221 1172 2248 sit
1188 2229 1203 2248 α
1222 2220 1332 2256 reliquis
1347 2221 1540 2248 universalibus
1556 2221 1661 2248 sedibus
1681 2225 1706 2247 et
1726 2221 1840 2247 anathe—

194 2251 275 2287 quam
304 2253 390 2281 totius
421 2253 506 2290 Syria:
539 2261 567 2283 et
599 2256 800 2291 Mesopotamiae
831 2264 913 2294 atque
938 2261 986 2288 de-

1043 2268 1191 2294 matizata.’
1213 2267 1279 2300 Quae
1301 2267 1412 2294 demum
1436 2267 1538 2295 ascitos
1554 2267 1686 2302 patricios
1709 2271 1738 2294 et
1757 2274 1839 2294 sena-

194 2299 270 2332 scrli,
295 2304 323 2327 et
345 2300 422 2328 venit
443 2300 644 2337 Chrysopolim,
669 2303 803 2332 derelicto
826 2305 938 2334 Bunuso
954 2308 987 2335 ad

194 2346 379 2375 obsidendum
394 2347 535 2375 Nacoliam
551 2353 579 2376 et
598 2350 810 2378 custodiendum
827 2351 908 2380 dorsa
927 2361 987 2380 sua.

191 2392 266 2421 Misit
294 2399 385 2421 autem
411 2398 438 2421 et
461 2394 601 2422 Burniehe
624 2396 768 2428 in,Asiam
789 2406 852 2426 cum
874 2399 909 2427 ’50
926 2400 988 2427 mil—

190 2439 281 2473 libus;
301 2439 348 2476 qui
366 2448 429 2468 cum
447 2440 614 2469 debellasset
630 2442 911 2472 Lachanodraconem
925 2453 987 2473 cum

193 2486 317 2514 themate
348 2487 562 2515 Thracesiorum
602 2489 630 2516 in
666 2489 728 2517 loco
768 2491 871 2518 Darino
897 2492 987 2525 dicto,

193 2540 256 2558 eum
281 2537 308 2559 et
334 2533 385 2568 ipsi
408 2533 521 2569 triginta
549 2534 634 2561 millia
657 2540 762 2568 essent,
784 2537 907 2573 quinque
925 2539 987 2566 mil-

192 2578 229 2606 lia
259 2578 408 2608 interfecit.
436 2581 485 2608 Ast
511 2581 672 2620 imperatrix
692 2583 776 2611 misso
796 2583 918 2612 Antonio
937 2585 989 2613 do-

193 2625 310 2653 mestico
341 2633 404 2653 cum
434 2627 580 2655 ordinibus
607 2627 728 2656 obtinuit
757 2630 850 2663 Barin,
871 2635 900 2658 et
921 2639 989 2658 eon-

194 2672 338 2700 cluscrunt
360 2681 417 2700 eos.
448 2673 578 2709 Confugit
604 2679 695 2702 autem
725 2676 759 2703 ad
784 2684 832 2705 eos
861 2678 991 2707 Tazatius

192 2716 408 2746 Bucellariorum
440 2724 555 2754 praetor,
586 2721 650 2748 odio
680 2722 754 2757 quod
785 2727 880 2751 contra
910 2724 990 2752 Stau-

193 2763 297 2791 racium
327 2765 446 2802 habebat
468 2767 615 2801 patricium
642 2773 670 2795 et
698 2768 867 2804 logothetam
887 2771 992 2805 dromi,

191 2809 352 2837 eunuchum
382 2812 527 2845 omnibus,
557 2813 604 2847 qui
633 2818 698 2841 tunc
723 2814 890 2843 videbantur
917 2825 989 2850 esse,

192 2854 401 2889 pneminentem
421 2862 449 2885 et
473 2858 564 2885 omnia
589 2859 792 2894 disponentem.
813 2862 847 2889 Et.
867 2862 931 2890 dato
950 2864 993 2891 eis

191 2899 309 2929 consilio
330 2910 424 2937 pacem
446 2905 666 2939 postulaverunt.
688 2906 756 2934 Cum
777 2911 867 2936 autem
886 2910 920 2937 ad
940 2911 993 2938 hoc

1041 2318 1085 2342 tus
1108 2314 1244 2348 primores
1266 2314 1341 2341 misit
1366 2313 1399 2341 ad
1423 2321 1486 2341 eum
1515 2313 1612 2340 audire
1633 2321 1694 2348 qum
1717 2313 1752 2340 ab
1779 2313 1839 2347 ipso

1040 2359 1222 2392 dicebantur;
1243 2360 1289 2394 qui
1306 2359 1379 2386 dixit
1397 2359 1431 2386 ad
1456 2359 1519 2386 illos
1536 2367 1542 2386 :
1566 2359 1624 2386 Nisi
1641 2359 1756 2394 synodus
1776 2359 1839 2385 uni-

1039 2405 1150 2433 versalis
1169 2404 1229 2439 ﬁat,
1255 2409 1280 2432 et
1299 2413 1375 2431 error
1393 2405 1437 2440 qui
1455 2405 1536 2432 estin
1552 2404 1638 2431 medio
1657 2404 1738 2430 vestri
1755 2403 1834 2430 corri-

1039 2455 1130 2486 gatur,
1147 2450 1262 2477 sabttem
1279 2458 1331 2477 non
1353 2450 1491 2477 habebitis.
1516 2450 1551 2477 At
1576 2449 1615 2477 illi
1637 2449 1769 2476 dixerunt
1787 2449 1812 2475 ci
1830 2455 1837 2472 ι

1042 2496 1076 2523 Et
1096 2505 1179 2531 quare
1199 2497 1391 2531 subscripsisti,
1421 2505 1481 2524 cum
1504 2497 1712 2529 consecrareris,
1737 2503 1790 2522 non
1815 2501 1840 2522 te

1041 2547 1258 2570 consecuturum
1277 2543 1401 2570 iconam?
1419 2543 1465 2570 Ait
1482 2547 1594 2570 autem:
1618 2543 1723 2570 Etenim
1740 2542 1840 2569 idcirco

1042 2588 1163 2616 lamentis
1185 2588 1289 2624 aﬂicior
1308 2594 1332 2615 et
1349 2589 1454 2615 cucurri
1474 2589 1509 2616 ad
1531 2589 1724 2624 paenitentiam,
1743 2588 1839 2623 depre-

1041 2639 1149 2662 caturus
1170 2634 1267 2667 Deum,
1290 2643 1322 2661 ne
1341 2636 1408 2661 sicut
1432 2636 1595 2661 sacerdotem
1613 2642 1654 2661 me
1669 2635 1777 2663 cruciet.
1793 2634 1839 2668 qui

1042 2681 1277 2715 tacuerimmsque
1303 2688 1374 2706 nunc
1394 2684 1419 2706 et
1439 2688 1495 2715 pra:
1520 2680 1613 2706 timore
1636 2679 1734 2714 furoris
1756 2681 1839 2708 vestri

1043 2734 1094 2753 non
1117 2726 1316 2761 praedicauerit"
1338 2726 1486 2753 veritatem.
1500 2726 1534 2753 Et
1557 2725 1585 2752 in
1605 2725 1649 2753 his
1668 2724 1839 2752 obdormivit

1043 2772 1072 2799 in
1098 2780 1180 2807 pace,
1207 2772 1343 2799 derelicto
1369 2772 1492 2799 lamento
1519 2771 1607 2798 multo
1636 2777 1691 2799 tam
1719 2771 1838 2806 imperio

1043 2826 1126 2854 quam
1145 2819 1199 2854 piis
1213 2824 1242 2846 et
1257 2819 1395 2854 religiosis
1411 2819 1448 2846 rei
1465 2819 1582 2853 publica}
1596 2819 1664 2846 viris
1678 2828 1685 2845 :
1704 2819 1838 2846 colendus

1043 2865 1118 2894 enim
1138 2865 1181 2893 vir
1198 2871 1269 2898 erat,
1287 2871 1315 2893 et
1330 2873 1413 2900 supra
1430 2873 1588 2892 mensuram
1608 2865 1784 2897 misericors,
1804 2873 1839 2894 ac

1045 2912 1118 2940 omni
1152 2912 1305 2940 reverentia
1335 2911 1445 2947 dignus,
1480 2911 1652 2946 multamque
1678 2911 1759 2938 ﬁdem
1786 2911 1836 2938 ha-
