2052 3153
167 155 233 189 1397

568 157 751 188 HISTORIA
767 156 1054 188 ECCLESIASTICA
1072 158 1123 188 EX
1141 158 1381 189 THEOPHANE.

1725 159 1796 190 i308

164 212 245 240 hebat
272 215 326 239 tam
351 219 394 240 res
419 212 526 247 publica
552 221 634 248 quam
663 213 810 249 imperium
835 221 899 248 erga
924 213 957 240 il-
973 215 1093 243 Astrum
1121 214 1234 249 fundata
1254 219 1302 246 est,
1327 216 1436 242 scissam
1452 223 1522 242 nunc
1537 214 1694 245 ttdivisam,
1709 219 1733 240 et
1751 223 1796 240 nos

163 257 232 286 lum.
259 257 298 285 Ex
328 262 394 285 tunc
420 267 485 294 ergo
508 259 591 294 coepit
613 259 667 287 dici
695 264 723 287 et
747 259 881 295 disputari
908 267 955 286 su-

166 312 214 339 per
242 304 344 331 sanctis
369 304 537 339 imaginibus
564 312 656 333 sermo
682 305 717 333 ab
738 297 869 333 omnibus
892 313 955 333 cum

165 350 274 378 ﬁducia.

199 397 280 424 Anno
299 397 408 432 imperii
423 397 542 425 Heirene
565 405 628 425 cum
647 398 704 426 lilio
721 398 820 432 quinto
832 397 955 425 Arabum

167 445 222 471 dux
239 445 327 472 Moses
345 445 521 480 provehitur,
545 445 593 480 qui
620 453 675 473 uno
688 445 730 473 eis
747 445 857 480 prmfuit
872 453 955 473 anno.

166 490 490 526 Constantinopolitanus
501 499 566 519 vero
589 491 720 518 Tarasius
747 491 866 518 habetur
882 492 955 519 anti-

167 541 233 564 stes.
251 536 308 564 Hoc
322 544 432 572 quoque
443 544 516 564 anno
529 537 645 564 collecto
660 537 820 573 imperatrix
839 537 956 566 Heirene

165 582 240 610 omni
269 582 374 618 populo
402 582 475 618 apud
503 582 680 618 Magnauram
714 584 784 611 dixit
810 584 844 612 ad
874 592 922 612 eos
947 592 954 610 :

166 628 251 661 Scitis,
269 628 375 663 fratres,
391 629 454 664 quid
468 629 556 664 fecerit
571 629 672 656 Paulus
698 630 851 664 patriarcha
860 639 869 664 ;
881 634 906 657 et
918 629 956 657 si-

167 675 271 709 quidem
284 675 401 707 vixisset,
416 683 467 702 non
484 676 575 708 utique
588 679 740 711 pateremur
750 676 817 703 hunc
825 676 957 703 dimittere

166 723 308 750 sacerdotii
334 724 469 755 thronum,
502 721 562 749 licet
586 724 761 750 monasticam
783 723 901 751 habitum
916 723 957 750 in-

167 769 276 795 duisset.
294 767 362 800 Quia
377 776 449 801 vero,
465 768 604 795 sicutiDeo
620 768 731 804 placuit,
743 769 775 795 de
788 769 842 796 vita
855 769 957 804 migra~

167 815 214 847 vit,
232 814 415 850 provideamus
426 815 569 848 hominem,
587 815 633 850 qui
648 816 728 851 possit
742 824 850 850 pascere
864 824 910 843 nos
932 821 957 843 et

167 859 314 887 Ecclesiam
323 859 368 886 Dei
377 860 544 886 didascalicis
559 867 715 887 conservare
722 860 896 888 sermonibus.
905 861 956 894 Qui

1008 259 1064 287 alia
1080 263 1160 295 atque
1174 260 1254 287 aliter
1270 260 1415 295 loquentes,
1429 265 1453 287 et
1477 261 1556 287 aliter
1574 269 1616 287 eos
1633 260 1797 287 Christianos

1007 307 1052 341 qui
1068 307 1095 333 in
1110 306 1217 334 Oriente
1232 307 1310 333 unius
1332 307 1465 334 nobiseum
1483 307 1546 341 ﬁdei
1561 312 1644 340 sunt;
1660 306 1706 333 sed
1718 310 1742 332 ct
1758 307 1797 332 his

1007 353 1196 380 concordante;
1212 352 1402 384 Occidentales,
1421 361 1467 380 nos
1488 353 1519 380 ab
1531 353 1651 380 omnibus
1663 352 1717 380 illis
1731 351 1798 378 alie-

1008 403 1083 425 natos
1095 402 1120 426 et
1133 408 1149 426 a
1162 407 1190 425 se
1206 407 1253 434 per
1267 399 1386 434 singulos
1397 400 1451 426 dies
1467 400 1717 426 anathematizatos.
1733 398 1798 424 Dira

1007 453 1083 480 paena
1097 449 1136 472 est
1150 446 1292 472 anathema
1308 454 1316 473 :
1332 445 1424 481 procul
1439 454 1454 472 a
1472 445 1527 473 Deo
1539 446 1644 477 emittit,
1660 450 1708 472 eta
1720 452 1800 480 regno

1008 490 1134 518 calorum
1149 491 1266 526 expellit,
1287 492 1384 519 ducens
1403 492 1430 519 in
1442 492 1562 519 tenebras
1579 491 1732 518 exteriores.
1748 490 1802 517 Ne-

1006 538 1053 564 scit
1067 537 1190 565 Ecclesia
1205 538 1247 565 lca;
1261 539 1303 565 vel
1326 540 1453 566 terminus
1474 544 1574 566 sectam
1588 539 1642 566 sive
1654 540 1800 566 contentio-

1008 592 1077 615 nem,
1105 584 1151 611 sed
1168 585 1235 611 sicut
1261 585 1332 611 novit
1350 584 1470 617 confiteri
1493 593 1575 611 unum
1603 584 1695 616 Deum,
1720 592 1803 611 unum

1008 629 1151 665 baptisma,
1166 638 1249 657 unam
1265 630 1356 664 ﬁdem,
1378 631 1416 657 ita
1433 634 1458 656 et
1483 630 1652 657 concordiam
1675 638 1755 656 unam
1775 630 1803 656 iu

1007 675 1080 702 omni
1106 675 1281 703 ecclesiastico
1303 676 1417 711 negotio.
1446 675 1520 702 Nihil
1543 675 1613 701 enim
1633 676 1715 702 estin
1739 683 1802 701 con—

1007 726 1097 757 spectu
1125 721 1174 749 Dei
1190 727 1245 749 tam
1268 727 1406 757 acceptum
1434 725 1512 755 atque
1528 721 1658 755 placabile
1671 729 1752 756 quam
1773 725 1802 747 ut

1008 776 1090 794 unum
1102 767 1181 794 simul
1193 773 1215 794 et
1228 776 1281 795 una
1291 768 1417 803 efficiatur
1429 767 1558 794 catholica
1574 766 1805 801 Ecclesia,quem-

1009 814 1153 841 admodum
1167 815 1193 841 in
1220 815 1329 841 sincerw
1354 817 1452 841 nostrae
1477 813 1540 847 ﬁdei
1565 812 1681 848 symbolo
1692 811 1803 846 confite-

1010 868 1080 886 mur.
1093 859 1128 886 Et
1145 860 1258 895 petimus
1275 868 1333 892 nos,
1353 860 1461 894 fratres,
1483 862 1512 885 ut
1537 866 1607 888 reor,
1623 862 1648 884 et
1663 866 1720 890 vos,
1737 866 1804 893 quo-

168 905 336 933 unanimitcr
358 913 454 933 omnes
480 905 611 933 dixerunt
636 913 691 933 non
719 906 778 933 fore
798 906 882 933 alium
903 907 956 934 nisi
972 900 996 930 Β
1011 906 1083 932 niam
1096 906 1148 932 scio
1163 906 1284 932 timorem
1296 913 1341 932 vos
1354 904 1403 931 Dei
1414 905 1520 937 habere,
1539 913 1556 930 a
1575 904 1700 939 piissimis
1713 907 1737 930 et
1761 912 1805 930 or-

168 950 312 978 Tarasium
335 959 351 978 a
369 951 494 978 secretis.
512 951 546 978 At
569 951 638 978 illa:
662 951 697 978 Et
727 960 783 984 nos,
806 952 855 982 ait,
883 951 960 979 illum

169 995 300 1031 eligimus.
330 995 382 1022 Sed
404 995 523 1027 resultet,
536 1001 561 1022 et
581 996 651 1023 dicat
664 1004 711 1031 pro
736 1005 789 1032 qua
801 1006 883 1025 causa
909 1006 961 1024 non

169 1043 278 1077 suscipit
295 1041 448 1069 electionem
473 1042 579 1077 imperii
604 1046 629 1068 et
647 1043 726 1069 totius
754 1042 846 1078 plebis.
865 1045 899 1071 At
916 1044 961 1071 ille

170 1087 313 1123 respondit
326 1087 428 1123 populo
438 1087 552 1115 dicens:
582 1088 767 1116 Immaculata:
781 1088 844 1123 ﬁdei
865 1093 962 1116 nostra

171 1133 386 1163 Christianorum
404 1133 533 1165 custodes,
552 1138 576 1161 et
595 1142 688 1161 eorum
714 1143 773 1169 qua:
798 1136 826 1162 in
848 1135 963 1170 gloriam

169 1180 220 1207 Dei
233 1185 292 1207 sunt
303 1179 471 1207 wmulatores
487 1180 589 1214 ﬁdeles,
604 1181 777 1215 imperatores
795 1183 888 1215 nastri,
900 1188 963 1210 tan~

171 1233 254 1260 quam
268 1226 386 1252 omnium
400 1226 428 1252 in
441 1225 633 1260 beneplacitum
648 1228 704 1259 ejus
716 1231 739 1253 et
754 1228 782 1254 in
795 1229 963 1256 commodum

173 1275 295 1297 nostrum
309 1279 402 1297 curam
415 1270 551 1305 facientes,
564 1275 587 1297 et
618 1272 733 1297 maxime
748 1279 817 1297 nunc
840 1271 964 1299 ecclesia-

172 1318 239 1344 stica
253 1317 357 1351 negotia
373 1316 513 1351 diligenter
524 1320 548 1342 et
561 1315 672 1342 sollicite
693 1316 899 1349 considerantes,
912 1325 964 1352 quo

173 1370 292 1391 summus
304 1362 426 1388 sacerdos
440 1362 468 1388 in
478 1362 527 1388 hac
547 1362 620 1396 regia
637 1361 700 1388 urbe
713 1370 763 1388 sua
779 1363 963 1396 constituerer,

174 1410 205 1436 in
230 1417 286 1436 sua:
307 1409 412 1444 pietatis
432 1416 473 1435 me
498 1409 616 1434 animum
647 1414 855 1443 assumpserunt,
887 1413 912 1436 et
935 1414 964 1436 ut

175 1454 316 1488 manifeste
326 1454 389 1480 mihi
404 1454 536 1480 diceretur
549 1453 618 1488 quod
634 1453 766 1481 consiliati
787 1458 849 1481 sunt
865 1462 964 1490 prince-

175 1505 283 1536 perunt.
296 1498 414 1535 Cumque
425 1500 460 1526 ad
474 1500 522 1526 hoc
543 1507 584 1526 me
608 1500 746 1534 indignum
767 1508 822 1527 esse
845 1509 965 1536 pronun-

176 1547 273 1574 tiarem
298 1550 323 1572 et
351 1546 454 1573 nullum
469 1554 624 1574 consensum
648 1546 782 1581 e/ﬁcerem,
798 1552 887 1582 utpote
919 1549 965 1583 qui

171 1593 269 1628 jugum
282 1593 361 1627 hujus
376 1593 489 1619 sarcinae
503 1597 610 1628 portare
621 1593 662 1620 vel
675 1595 785 1629 sufferre
793 1603 844 1621 non
852 1603 964 1630 possem,

173 1638 310 1672 jusserunt
336 1646 377 1665 me
398 1638 494 1666 adduci
516 1643 578 1665 ante
603 1640 699 1673 faciem
725 1645 852 1674 vestram,
872 1649 919 1676 pro
936 1650 966 1669 eo

178 1685 248 1720 quod
261 1684 339 1719 hujus
353 1683 455 1712 consilii
470 1685 608 1711 unanimes
626 1689 650 1711 et
664 1686 876 1720 comprobatores
883 1687 965 1721 effecti

179 1732 247 1758 silis.
271 1731 307 1758 Et
324 1739 402 1763 nunc,
428 1739 443 1757 ο
465 1731 526 1762 viri,
548 1731 593 1765 qui
616 1731 702 1757 Deum
719 1731 815 1758 timetis
829 1736 854 1758 et
866 1740 969 1766 semper

180 1779 248 1805 hunc
261 1778 288 1805 in
301 1778 421 1805 cordibus
433 1778 525 1804 vestris
540 1777 650 1809 habetis,
673 1777 770 1812 quique
785 1776 883 1804 Christi
893 1785 970 1805 voca-

180 1825 261 1856 tione,
272 1824 326 1851 veri
334 1823 452 1850 videlicet
463 1822 512 1849 Dei
525 1823 618 1854 nostri,
628 1823 804 1849 nominamini
815 1822 969 1855 Christiani,

182 1872 236 1904 aio,
250 1871 339 1898 audite
354 1871 438 1897 brevis
457 1871 585 1897 sermonis
602 1870 634 1897 ab
660 1870 802 1905 exiguitate
820 1877 851 1896 ac
864 1869 972 1897 humili-

183 1922 238 1944 tate
248 1922 339 1944 nostra
359 1917 500 1944 rationem.
517 1917 575 1952 Ego
590 1917 694 1951 quidem
710 1915 836 1951 quidquid
854 1916 905 1951 piis
921 1916 972 1942 im-

183 1961 347 1997 peratoribus
364 1961 461 1988 nostris
473 1965 497 1988 et
514 1970 561 1996 per
575 1961 665 1988 omnia
692 1961 843 1988 art/nodosis
865 1968 973 1995 respon-

184 2007 278 2040 derim,
295 2012 319 2034 et
334 2008 361 2034 in
372 2011 510 2042 conspectu
525 2012 610 2034 vestro
626 2007 753 2034 orationis
771 2015 835 2033 mea:
850 2007 973 2041 apologia

188 2053 371 2088 respondeam,
386 2052 479 2078 timore
494 2052 629 2087 deprimor
643 2053 678 2079 ad
691 2052 905 2079 consentiendum
915 2053 974 2080 huic

185 2098 314 2131 electioni,
331 2101 356 2124 et
372 2105 462 2125 vereor
475 2106 491 2124 a
507 2098 574 2132 facie
593 2097 639 2124 Dei
649 2105 756 2124 currere
776 2097 864 2125 taliter
876 2101 901 2125 et
909 2106 975 2133 quo-

187 2143 327 2170 modolibet
341 2143 585 2177 incircumspectus,
613 2146 640 2168 ut
668 2150 719 2169 non
737 2143 848 2169 terribili
863 2143 976 2171 damna-

188 2190 252 2216 tioni
266 2188 444 2216 succumbam.
460 2187 489 2215 Si
506 2189 574 2215 enim
597 2187 701 2216 divinus
720 2187 819 2216 Paulus
829 2189 974 2225 apostolus,

1012 951 1131 978 thodoxis
1144 951 1345 986 imperatoribus
1364 952 1461 978 nostris
1480 951 1611 986 synodum
1627 949 1805 977 uniuersalem

1013 997 1111 1032 colligi,
1137 1002 1167 1024 ut
1197 997 1340 1032 efﬁciamur
1369 1006 1426 1030 nos,
1454 997 1500 1032 qui
1523 997 1601 1023 unius
1628 996 1677 1023 Dei
1703 1004 1804 1025 sumus.

1012 1052 1106 1074 unum,
1118 1047 1142 1069 et
1157 1043 1201 1078 qui
1216 1042 1353 1069 Trinitatis
1376 1042 1489 1069 cultores
1510 1043 1671 1075 exsistimus,
1687 1042 1755 1068 uniti
1784 1047 1807 1068 et

1013 1090 1152 1117 unanimes
1165 1095 1189 1117 et
1208 1089 1325 1124 collegae,
1340 1093 1363 1116 et
1382 1090 1427 1124 qui
1439 1089 1534 1124 capitis
1547 1089 1631 1115 nostri
1646 1088 1743 1115 Christi
1761 1095 1806 1114 su-

1014 1143 1082 1167 mus,
1098 1135 1241 1170 elﬁciamur
1255 1143 1349 1170 corpus
1362 1143 1443 1161 unum
1454 1138 1620 1169 compactum
1641 1138 1720 1169 atque
1745 1142 1808 1160 con-

1014 1189 1122 1213 nexum,
1143 1186 1167 1207 et
1180 1182 1224 1216 qui
1234 1181 1318 1207 sancti
1336 1180 1450 1215 Spiritus
1469 1188 1570 1211 sumus,
1589 1180 1733 1214 efﬁciamur
1755 1188 1809 1206 non

1015 1231 1108 1253 contra
1123 1227 1245 1258 invicem,
1261 1226 1307 1253 sed
1322 1234 1369 1261 pro
1382 1226 1502 1257 invicem,
1517 1230 1542 1252 et
1554 1226 1598 1261 qui
1609 1226 1727 1252 veritatis
1742 1226 1810 1252 exsi~

1013 1273 1118 1305 stimus,
1133 1273 1276 1307 efficiantur
1288 1271 1315 1298 id
1330 1271 1414 1306 ipsum
1426 1271 1557 1306 sapientes
1579 1275 1659 1306 atque
1677 1271 1803 1304 dicentes,

1015 1323 1105 1345 etnon
1128 1318 1161 1345 sit
1177 1318 1204 1344 in
1230 1317 1302 1344 nobis
1320 1321 1454 1343 certamen
1484 1317 1538 1343 sive
1552 1316 1690 1346 dissensio,
1714 1321 1743 1342 ut
1754 1324 1808 1350 pax

1014 1364 1073 1397 Dei,
1104 1372 1162 1400 qua:
1192 1368 1334 1398 exsuperat
1354 1371 1457 1390 omnem
1480 1371 1595 1395 sensum,
1633 1363 1736 1389 muniat
1762 1370 1808 1388 nos

1014 1418 1115 1437 omnes.
1130 1409 1165 1436 Et
1178 1409 1305 1444 siquidem
1318 1408 1446 1443 jusserint
1467 1407 1628 1434 orthodoriaz
1654 1415 1808 1442 propugna-

1016 1460 1095 1488 tores,
1109 1455 1282 1490 impcratores
1297 1453 1414 1480 videlicet
1426 1453 1519 1484 nostri,
1543 1452 1716 1488 postulationi
1748 1458 1813 1478 ηιειε

1016 1509 1142 1533 annuere,
1157 1500 1291 1527 consentio
1303 1503 1327 1526 et
1346 1508 1403 1535 ego.
1415 1498 1462 1527 Sin
1481 1503 1581 1530 autem,
1596 1497 1755 1533 impossibile
1773 1494 1812 1524 est

1017 1548 1079 1575 mihi
1090 1548 1136 1574 hoc
1149 1547 1246 1582 facere,
1263 1555 1295 1573 ne
1309 1546 1436 1581 subjiciar
1451 1545 1617 1572 anathemati
1642 1548 1667 1571 et
1687 1544 1808 1571 inveniar

1016 1593 1205 1621 condemnatus
1217 1593 1245 1620 in
1255 1592 1297 1619 die
1314 1591 1421 1619 Domini
1437 1591 1520 1618 nostri
1535 1595 1559 1617 et
1567 1590 1682 1625 justitiae
1701 1589 1812 1618 Iudicis.

1015 1640 1059 1666 ubi
1073 1647 1155 1674 neque
1165 1639 1319 1674 imperator,
1333 1645 1416 1672 neque
1429 1636 1561 1668 sacerdos,
1579 1644 1663 1671 neque
1673 1636 1815 1671 principes.

1017 1694 1100 1722 neque
1130 1686 1265 1712 hominum
1293 1683 1434 1711 multitudo
1451 1684 1545 1717 poterit
1579 1683 1682 1717 eripere
1706 1689 1756 1708 me.
1781 1680 1815 1707 Et

1018 1731 1146 1767 quidquid
1165 1730 1293 1766 placuerit
1311 1729 1514 1763 vobis,fratres,
1533 1729 1594 1755 date
1609 1727 1738 1762 apologiaz
1752 1734 1816 1753 mea:

1019 1779 1069 1812 vel,
1086 1782 1115 1805 ut
1129 1778 1221 1805 melius
1236 1778 1332 1809 dicam,
1345 1777 1462 1812 petitioni
1479 1784 1543 1803 mea:
1554 1774 1709 1802 assentionis
1720 1777 1813 1801 νέαι-ιε

1022 1832 1189 1859 responsum.
1202 1823 1236 1850 Et
1248 1823 1368 1850 libenter
1392 1822 1541 1849 audierunt.
1557 1828 1654 1847 omnes
1667 1826 1729 1854 qua!
1738 1818 1814 1845 dicta

1022 1875 1097 1902 sunt,
1110 1877 1275 1897 consensum
1295 1868 1451 1903 praebentes
1472 1870 1503 1894 ut
1526 1866 1604 1894 ﬁeret
1616 1865 1748 1901 synodus.
1779 1864 1816 1891 At

1023 1924 1090 1944 vero
1108 1915 1237 1943 Tarasius
1253 1922 1350 1942 rursus
1364 1913 1398 1941 ad
1423 1913 1558 1949 populum
1580 1912 1726 1946 disputans
1753 1909 1793 1937 ait
1809 1919 1816 1937 :
1852 1921 1855 1922 ν

1025 1963 1076 1990 Leo
1090 1963 1236 1998 imperator
1247 1961 1374 1988 subvertit
1387 1960 1535 1995 imagines;
1546 1963 1570 1986 et
1582 1958 1690 1994 quando
1702 1957 1819 1993 synodus

1026 2009 1096 2044 facta
1119 2013 1168 2039 est,
1190 2007 1326 2034 subsersas
1343 2005 1407 2033 illas
1435 2006 1544 2032 invenit.
1570 2004 1603 2031 Et
1616 2007 1723 2039 propter
1748 2002 1818 2037 quod

1025 2053 1198 2089 imperatoria
1209 2060 1290 2079 manu
1306 2051 1436 2078 subversa!
1447 2053 1520 2081 sunt,
1534 2050 1632 2076 iterum
1647 2048 1821 2083 qumstionem

1026 2099 1103 2126 habet
1117 2099 1186 2125 idem
1200 2097 1356 2132 capitulum.
1371 2096 1497 2131 quoniam
1522 2095 1660 2128 antiquam
1677 2096 1818 2119 consuetu-

1027 2145 1115 2172 dinem
1140 2143 1169 2170 in
1193 2142 1312 2171 Ecclesia
1340 2142 1469 2169 traditam
1494 2142 1731 2177 praesumpserant,
1751 2138 1819 2164 sicut

1028 2191 1064 2218 eis
1093 2191 1195 2217 libitum
1224 2190 1284 2224 fuit,
1312 2189 1500 2216 exterminare.
1522 2187 1574 2215 Sed
1600 2186 1697 2213 veritas
1715 2184 1773 2217 Dei,
1791 2187 1820 2210 ut

187 2237 231 2272 qui
249 2236 296 2264 Dei
307 2245 378 2264 voces
390 2237 490 2264 audivit
503 2236 648 2272 caelumque
666 2236 757 2264 habuit
772 2237 892 2264 erudiens
912 2246 939 2264 se
952 2241 976 2264 et
993 2241 1014 2270 ι)
1029 2236 1171 2269 apostolica
1184 2236 1315 2267 dicamus,
1327 2243 1379 2262 non
1397 2233 1567 2269 estalligata.

188 2283 307 2318 paradisi
315 2283 445 2317 inspector
458 2283 561 2318 effectus
573 2287 611 2309 est
627 2282 778 2315 audiuitque
788 2291 890 2309 arcana
897 2283 975 2310 verba

187 2334 212 2356 et
239 2331 353 2364 portavit
367 2338 462 2356 nomen
490 2329 539 2357 Dei
559 2338 651 2356 coram
677 2330 798 2365 gentibus
812 2334 837 2356 et
861 2330 976 2365 regibus,

189 2375 255 2401 dixit
271 2382 280 2400 :
300 2383 309 2399 ι
327 2374 366 2401 Ne
376 2375 453 2409 forte,
471 2383 531 2401 cum
554 2375 615 2401 aliis
635 2375 846 2409 pradicaverim.
871 2376 926 2409 ipse
937 2383 978 2402 re-

190 2419 285 2454 probus
303 2419 411 2454 eﬂiciar,
428 2428 437 2444 ι
459 2419 588 2454 quomodo
610 2427 667 2454 ego,
693 2420 738 2454 qui
757 2420 785 2446 in
805 2420 902 2446 mum'lo
915 2428 979 2446 con-

190 2469 312 2493 versatus
325 2469 349 2492 et
369 2473 428 2492 cum
440 2465 516 2492 laicis
541 2469 746 2492 connunteratus
760 2466 787 2492 in
801 2466 980 2500 imperatoriis

191 2511 466 2539 administrationibus
494 2510 616 2543 militaui,
634 2511 671 2538 sic
700 2511 796 2545 absque
821 2511 981 2538 indicatione

193 2561 273 2593 atque
285 2557 515 2592 circumspectione
529 2564 634 2592 possum
653 2556 756 2584 insilire
787 2556 822 2584 ad
843 2558 984 2584 sacerdotii

194 2603 414 2638 magnitudinem,
433 2602 594 2629 horrendum
612 2610 742 2629 conamen
757 2602 791 2629 ad
811 2603 982 2637 exiguitatem

196 2658 291 2682 meam,
314 2654 339 2677 et
364 2650 534 2676 temerarium
551 2649 667 2676 studium
678 2649 691 2676 ?
702 2648 789 2676 Causa
807 2657 867 2676 vero
882 2649 983 2676 timoris

196 2698 221 2722 et
237 2695 403 2729 refutationis
425 2702 490 2721 mete
513 2694 568 2721 ha:c
587 2698 643 2720 est:
664 2694 763 2729 aspicio
784 2694 854 2720 enim
870 2697 894 2720 et
908 2693 982 2720 video

197 2739 354 2774 Ecclesium,
366 2749 423 2774 qum
432 2749 512 2775 supra
528 2744 630 2775 petram
643 2739 773 2767 Christum
785 2739 927 2767 Dominum
936 2747 984 2766 ηο-

175 2411 181 2428 ρ

1062 2282 1158 2317 Itaque
1179 2285 1276 2309 octavo
1306 2279 1440 2307 Kalendas
1460 2278 1605 2306 Januarias
1630 2281 1733 2304 octavas
1748 2275 1821 2303 indi-

1030 2328 1132 2356 ctionis
1145 2331 1325 2354 consecratus
1339 2329 1381 2352 est
1395 2325 1484 2351 almus
1494 2323 1576 2350 Pater
1588 2327 1682 2350 noster
1693 2321 1822 2349 Tarasius

1028 2373 1185 2409 patriarcha
1212 2370 1550 2405 Constantinopolitanus;
1574 2369 1621 2404 qui
1653 2368 1747 2395 missis
1764 2367 1821 2394 Κο-

1029 2427 1102 2446 mam
1118 2418 1259 2454 synodicis
1275 2417 1334 2444 suis
1343 2421 1371 2444 ct
1380 2416 1475 2443 libello
1489 2415 1553 2443 ﬁdei
1569 2422 1626 2442 suae
1639 2418 1770 2449 receptus
1778 2417 1822 2442 est

1030 2466 1066 2493 ah
1090 2465 1230 2493 Hadriano
1256 2471 1336 2499 papa.
1368 2463 1478 2490 Mittens
1506 2466 1598 2489 autem
1613 2465 1642 2488 et
1657 2460 1819 2495 imperatrix

1031 2509 1113 2545 petiit
1139 2513 1171 2537 ut
1194 2509 1318 2536 mitteret
1344 2507 1464 2538 litteras.
1479 2514 1543 2534 suas
1567 2511 1597 2534 et
1610 2505 1748 2540 homines,
1765 2512 1822 2539 quo

1033 2555 1226 2584 invenirentur
1242 2555 1271 2582 in
1287 2554 1409 2590 synodo;
1436 2553 1484 2588 qui
1501 2552 1604 2580 direxit
1616 2552 1729 2579 Petrum
1744 2551 1822 2579 vice-

1033 2601 1176 2630 dominum
1194 2600 1250 2635 (88,
1264 2599 1394 2627 Ecclesia:
1408 2605 1475 2630 sua,
1501 2601 1530 2625 et
1557 2597 1669 2624 Petrum
1684 2595 1823 2630 [legume-

1035 2655 1101 2675 num
1120 2646 1149 2673 S.
1165 2645 1254 2677 Sabaa,
1281 2644 1357 2672 viros
1372 2642 1550 2671 honorabiles
1579 2649 1611 2669 ac
1627 2641 1703 2669 omni
1720 2640 1824 2667 virtute

1037 2692 1196 2720 adornatos.
1212 2690 1285 2718 Misit
1301 2694 1394 2718 autem
1418 2693 1446 2716 et
1463 2687 1637 2716 Antiochiam
1662 2690 1690 2713 et
1706 2686 1824 2712 Alexan-

1038 2739 1127 2767 driam
1151 2741 1206 2764 tam
1235 2736 1395 2771 imperatrix
1416 2742 1499 2770 quam
1527 2733 1708 2768 patriarcha:
1734 2732 1825 2759 adhuc

959 2795 1075 2823 NOTIE.

234 2845 290 2879 (88)
312 2845 506 2872 Vieetlominus
523 2850 565 2873 est
587 2852 757 2874 mcouomus.
777 2843 809 2871 V.
831 2843 973 2878 llugonem
997 2840 1157 2870 Mcnardum
1175 2840 1209 2867 ad
1229 2837 1410 2867 Concordiam
1423 2838 1578 2873 regularum
1592 2845 1616 2864 c.
1630 2836 1676 2869 28,
1689 2835 1733 2863 cui
1753 2834 1824 2862 adde

198 2881 378 2910 FlodOArdum
399 2881 423 2914 l,
442 2881 579 2920 l7.Fanu._
