2052 3153
233 156 304 188 1399

783 157 984 188 ANASTASII
1007 157 1322 189 BIBLIOTHECARII

1807 157 1877 190 H00

231 221 350 248 namque
368 198 431 248 pax,
446 220 507 248 qum
518 211 590 241 facta
608 212 697 240 fuerat
711 220 773 240 cum
798 212 948 243 Arabibus.
963 220 1019 240 non
1034 215 1058 244 Α
1072 220 1191 248 persona
1215 219 1349 243 venerant
1366 222 1421 242 non
1443 213 1598 248 dimiserat,
1624 214 1673 243 sed
1687 218 1813 243 retentos
1833 223 1877 244 se—

231 264 291 288 erat
304 260 404 288 soluta.
419 260 452 287 Et
465 259 605 288 duxerunt
620 259 808 288 ab‘Antiochia
819 260 932 296 quidem
939 260 1023 288 Joan-

232 314 295 334 nem
320 313 450 341 magnum
482 309 566 340 atque
595 305 743 336 famosum,
773 305 861 333 verbo
875 297 908 333 'et
940 313 1024 341 opere

231 352 385 380 sanctitatis
400 351 573 387 participem,
589 351 637 386 qui
654 355 682 378 et
697 352 838 387 syncellus
856 352 1023 380 Antiocheni

231 397 399 433 patriarchae
413 397 476 430 fuit,
493 401 522 424 et
538 396 672 424 Thomam
689 397 1023 433 Alexandrinumﬁvirum

233 445 383 472 zelatorem
414 447 443 472 et
466 443 717 479 religiosissimum,
749 444 797 479 qui
822 449 850 472 et
878 444 1025 472 Thcssalo-

232 490 302 518 nica:
326 496 431 524 magna;
460 489 592 522 civitatis,
608 497 670 524 qum
685 494 729 517 cst
753 489 781 516 in
797 489 916 525 lllyrico,
934 489 1024 518 factus

233 535 463 571 archiepiscopus
478 535 610 563 effloruit.
630 535 738 563 Interea
768 540 877 563 mortuo
894 535 968 563 Mose
995 535 1025 563 fit

232 582 355 610 Arabum
386 581 441 609 dux
458 581 544 609 frater
563 581 625 616 ejus
649 581 752 614 Aaron,
771 581 818 616 qui
836 581 926 609 tribus
941 585 969 608 et
981 582 1024 608 vi-

234 628 312 655 cenis
325 627 366 655 eis
381 626 497 662 praefuit.
506 626 587 654 annis
603 631 631 654 et
649 626 734 654 multa
761 627 833 654 mala
858 626 1026 655 Christianis

234 673 365 702 ostendit.

267 741 348 770 Anno
371 742 479 778 imperii
505 742 548 771 sui
568 747 647 771 sexto
672 743 814 771 mittentes
842 743 1024 779 imperatores

233 792 460 816 convocaverunt
477 795 586 820 omnes,
602 788 650 824 qui
673 787 725 816 sub
738 795 834 816 eorum
856 793 935 816 erant
951 793 1028 823 pote-

234 838 316 869 state,
347 834 497 868 antistites,
522 834 751 870 pcrvenientibus
774 842 884 870 quoque
902 842 917 862 a
940 834 1026 861 lloma

233 881 408 910 transmissis
422 882 456 910 ab
468 881 608 910 Hadriano
618 881 798 917 papalitteris
814 884 842 908 et
855 879 1026 913 hominibus,

233 932 265 956 ut
288 928 479 963 praediximus,
491 931 519 955 et
531 927 566 956 ab
587 927 733 955 Antiochia
746 932 773 955 et
791 926 965 955 Alexandria.
995 926 1029 953 Et

233 973 352 1008 septimo
366 972 430 1000 ldus
447 973 586 1007 Augustas
600 979 680 999 nonae
697 971 858 999 indictionis
874 971 1030 1006 priesidcni

233 1024 277 1047 tes
292 1019 320 1047 in
339 1020 442 1053 templo
453 1018 618 1046 Sanctorum
633 1017 827 1053 Apostolorum
841 1017 913 1052 apud
926 1017 1028 1052 regiam

233 1064 332 1092 urbem
342 1071 452 1098 coepere
466 1067 576 1091 sanctas
590 1063 749 1098 Scripturas
764 1063 897 1098 relegere,
913 1067 940 1091 et
956 1062 1029 1098 obji—

234 1117 298 1137 cere
325 1109 456 1142 invicem,
485 1109 702 1144 imperatoribus
721 1116 753 1136 ac
763 1108 972 1136 catechumenis
988 1108 1031 1136 in-

233 1155 428 1191 spicientibus.
449 1155 500 1183 Ast
514 1155 634 1190 populus
654 1154 858 1183 scholariorum
874 1159 902 1182 et
914 1154 1031 1182 excubi-

233 1207 314 1230 tuum
330 1207 414 1238 atque
431 1202 562 1230 ordinum
578 1207 743 1230 ceterorum
756 1202 877 1230 accusati
896 1210 910 1230 a
925 1201 1031 1237 princi-

234 1247 318 1283 pibus
347 1248 416 1281 suis,
431 1255 494 1276 cum
520 1247 658 1275 baberent
677 1247 769 1275 adhuc
783 1252 811 1275 et
840 1248 1030 1283 magisterium

235 1301 347 1330 quoque
370 1301 489 1330 nequam
518 1293 642 1322 doctoris
673 1294 727 1327 sui,
753 1294 902 1322 denudatis
931 1295 1031 1331 gladiis

235 1340 382 1368 irruerunt
400 1339 428 1367 in
444 1347 504 1373 eos,
525 1339 686 1367 minitantes
702 1338 871 1367 mortificare
886 1345 941 1368 tam
956 1348 1030 1368 sum-

235 1394 312 1414 mum
333 1386 504 1414 sacerdotem
528 1392 612 1421 quam
628 1385 799 1413 orthodoxos
825 1385 974 1421 episcopos
1002 1391 1031 1414 et

235 1433 361 1461 abbates.
376 1432 495 1468 Imperio
507 1440 574 1460 vero
585 1440 636 1468 per
646 1431 809 1460 assistentes
819 1432 871 1460 sibi
881 1431 1032 1460 familiares

235 1479 364 1506 homines
380 1478 430 1506 hos
448 1477 545 1506 sedare
555 1478 662 1506 nitente
673 1484 730 1505 non
744 1477 955 1513 acquieverunt,
965 1478 1032 1513 quin

235 1525 331 1560 potius
344 1524 592 1560 exprobraverunt.
609 1523 679 1552 Cum
690 1527 782 1551 autem
799 1523 957 1559 patriarcha
969 1532 1032 1551 sur-

237 1570 356 1598 rexisset
381 1573 410 1597 et
433 1569 555 1597 tribunal
576 1577 640 1597 cum
668 1569 808 1604 episcopis
831 1573 861 1597 et
887 1570 1032 1597 monachis
1047 1569 1067 1596 ϐ

235 1617 337 1645 inisset
368 1616 519 1651 ingressus,
547 1615 574 1642 hi
601 1615 650 1651 qui
679 1615 791 1651 maligni
817 1623 916 1643 sensus
933 1623 1031 1643 eorum

237 1666 318 1689 erant
342 1660 465 1696 episcopi
484 1661 614 1688 exierunt
641 1659 675 1687 ad
691 1667 750 1694 eos,
773 1660 924 1688 clamantes
940 1665 1026 1695 atque

238 1707 384 1735 dicentes:
402 1706 527 1734 Vicimus.
547 1706 583 1734 Et
594 1706 682 1742 gratia
695 1705 744 1734 Dei
759 1705 865 1734 nemini
875 1710 1033 1734 nocuerunt

238 1753 337 1782 furiosi
354 1753 394 1781 illi
407 1757 435 1781 et
447 1752 602 1780 inhumani.
615 1752 650 1780 Et
666 1752 759 1780 taliter
777 1751 913 1780 dissoluta
925 1752 1032 1789 synodo

238 1799 309 1828 abiit
323 1799 514 1834 unusquisque
529 1798 564 1826 ad
584 1797 707 1834 propria.

275 1868 355 1895 Anno
366 1866 474 1903 imperii
487 1865 530 1894 sui
542 1866 659 1901 septimo
680 1865 765 1893 misso
781 1865 904 1894 Heirene
914 1865 1033 1894 Slaura—

238 1915 285 1943 cio
306 1913 424 1950 patricio
446 1917 475 1941 et
489 1913 629 1948 logotheta
647 1912 675 1940 in
690 1912 840 1946 Thracem,
854 1919 951 1940 mense
979 1911 1031 1940 Se-

239 1960 390 1996 ptembrio,
416 1958 496 1988 initio
521 1957 815 1990 decimteindictionis,
840 1957 875 1985 ad
900 1957 1032 1985 ulteriora

240 2006 373 2038 themata,
386 2004 524 2040 persuasit
535 2003 578 2032 eis
593 2003 647 2032 sibi
669 2003 813 2039 cooperari
836 2007 865 2031 et
891 2003 1032 2039 depellere

239 2052 276 2080 ab
292 2052 361 2080 urbe
372 2051 488 2086 impium
506 2051 741 2086 populum,quem
758 2049 946 2085 nequissimus
959 2049 1031 2078 Con-

239 2099 379 2127 stantinus
395 2098 565 2126 instruxerat
577 2102 607 2125 et
616 2096 767 2124 erudierat.
780 2096 814 2123 Et
827 2103 890 2123 cum
905 2103 934 2123 se
945 2095 1031 2130 θυεερ

240 2150 284 2173 ret
308 2145 382 2180 quod
409 2145 563 2172 exercitum
592 2148 702 2171 motura
725 2147 800 2170 esset
825 2143 854 2169 in
876 2142 1032 2170 Orientales

240 2193 344 2225 partes,
353 2197 387 2217 eo
399 2189 473 2224 quod
482 2188 587 2216 Arabes
601 2187 719 2215 fuissent
732 2186 847 2222 egressi,
863 2186 931 2214 exiit
940 2186 1032 2214 omnis

241 2235 334 2271 regius
362 2239 512 2270 apparatus
538 2238 621 2269 atque
657 2233 780 2267 supellex
804 2239 892 2267 usque
915 2231 950 2259 ad
973 2231 1032 2259 Ma-
1049 2244 1070 2271 ι)

240 2284 330 2320 lagma
341 2293 348 2318 ;
359 2289 388 2312 et
401 2283 576 2311 introeuntes
591 2283 619 2310 hi
634 2282 861 2318 quiexteriorum
877 2282 1031 2308 thematum

240 2335 321 2358 erant
346 2334 498 2359 tenuerunt
525 2329 635 2357 urbem.
665 2327 777 2356 Mittens
804 2332 897 2355 autent
916 2326 950 2354 ad
971 2326 1034 2354 illos

239 2376 377 2412 signiﬁcat
404 2376 446 2404 eis
475 2375 594 2404 dicens:
621 2375 717 2402 Mittite
734 2374 797 2401 mihi
816 2381 893 2400 arma
920 2376 1033 2400 vestra:

239 2431 305 2458 opus
326 2423 397 2451 enim
416 2423 486 2450 vobis
498 2422 591 2450 habeo.
613 2421 648 2448 At
670 2421 711 2449 illi
731 2420 808 2448 stulti
822 2419 955 2448 divinitus
969 2418 1034 2446 facti

241 2469 381 2498 dederunt
394 2477 437 2497 ea.
468 2469 548 2497 Tunc
575 2467 667 2496 missis
677 2467 789 2495 familiis
800 2474 896 2495 eorum
909 2466 937 2493 in
950 2473 1035 2493 naves

240 2515 352 2543 exsules
364 2523 414 2543 eos
429 2515 521 2542 emisit
533 2514 568 2542 ab
583 2514 664 2546 urbe,
681 2513 709 2540 in
731 2512 870 2548 propriam
895 2513 1034 2548 regionem

242 2567 472 2596 unumquemque
498 2559 599 2596 iubens
636 2559 714 2587 abire
729 2579 736 2591 ,
753 2559 781 2586 in
801 2566 854 2593 qua
872 2562 900 2585 et
926 2557 1035 2593 genitus

242 2612 327 2635 esset.
342 2607 450 2635 Etcum
463 2606 575 2634 fecisset
585 2605 739 2634 exercitum
759 2604 902 2640 proprium
917 2609 945 2631 et
962 2604 1036 2638 prin-

243 2654 322 2690 cipes
335 2654 389 2682 sibi
415 2654 651 2690 obtemperantes,
669 2653 729 2688 ipsa
746 2659 841 2679 mense
853 2651 924 2678 Maio
935 2650 1035 2678 iterum

243 2701 359 2728 mittens
382 2708 433 2735 per
443 2707 554 2728 omnem
581 2699 673 2728 locum
699 2697 863 2725 convocavit
880 2695 1034 2731 episcopos,

245 2755 301 2781 quo
316 2747 446 2774 venirent
460 2746 488 2773 in
504 2745 688 2774 Nicmcnsium
704 2744 844 2772 civitatem
859 2741 993 2777 Bithyniae
1002 2740 1036 2768 ad

246 2791 422 2818 efficiendum
439 2791 495 2819 illic
507 2790 665 2819 concilium.
678 2790 712 2818 Et
734 2796 783 2824 per
802 2793 889 2815 totum
909 2787 1036 2815 aestivum

247 2841 358 2871 tempus
384 2837 543 2873 congregati
573 2842 638 2865 sunt
666 2843 764 2864 omnes
795 2833 868 2869 apud
896 2833 1035 2865 Nicaam,

249 2882 384 2918 siquidem
397 2892 443 2911 eos
459 2884 505 2919 qui
517 2893 548 2912 ex
562 2884 690 2912 Romana-
717 2881 790 2910 scdis
811 2886 837 2909 et
855 2880 1036 2909 Orientalium

1078 266 1141 286 cum
1156 259 1286 288 habebat.

1113 306 1193 333 Anno
1209 307 1318 342 imperii
1328 306 1453 334 l-leirenat
1467 311 1495 334 et
1509 306 1685 335 Constantini
1700 311 1799 336 octavo
1808 306 1878 336 exiit

1077 351 1208 380 Tarasius
1218 353 1410 381 sanctissimus
1426 353 1654 388 archiepiscopus
1669 353 1872 382 Constantino-

1075 396 1171 432 poleos
1192 397 1220 424 in
1237 397 1419 426 Niemensium
1433 398 1586 432 civitatem,
1615 405 1643 426 et
1669 399 1808 427 celebrata
1832 400 1877 428 est

1077 446 1172 470 sancta
1183 447 1212 470 et
1224 443 1390 471 universalis
1402 444 1523 479 septima
1536 444 1660 480 synodus
1668 445 1877 481 episcoporum,

1076 493 1106 516 et
1117 489 1222 524 recepit
1233 489 1370 517 catholica
1398 490 1520 518 Ecclesia
1536 491 1660 526 priscum
1677 497 1876 519 ornamentum

1076 541 1169 567 suum,
1195 534 1234 562 nil
1264 542 1367 562 novum
1396 535 1562 571 praedicans,
1594 537 1643 565 sed
1672 541 1833 566 sanctorum
1848 543 1878 566 et

1076 579 1223 608 beatorum
1243 581 1358 608 Patrum
1370 580 1498 616 dogmata
1519 581 1632 610 immota
1654 582 1826 616 custodiens,
1847 588 1878 611 et

1077 633 1178 653 novam
1193 626 1321 654 haeresim
1335 627 1479 661 abdicans,
1493 633 1606 664 tresque
1620 628 1705 657 falsos
1718 629 1878 657 nominatos

1078 669 1249 705 patriarchas
1273 671 1521 705 anathematizans,
1538 673 1715 701 Anastasium
1731 674 1875 706 videlicet.

1077 716 1290 745 Constantinum
1314 722 1342 745 et
1366 717 1501 751 Nicetam,
1520 723 1602 754 atque
1615 727 1712 748 omnes
1725 725 1875 748 consenta-

1078 770 1146 790 ncos
1159 770 1268 791 eorum.
1291 763 1373 792 Facta
1397 770 1441 792 est
1455 772 1552 793 autem
1569 765 1658 801 prima
1675 766 1825 794 conventio
1844 774 1879 794 ac

1077 808 1165 837 sessio
1176 809 1369 845 episcoporum
1384 809 1412 837 in
1434 810 1554 838 ecclesia
1566 811 1704 838 catholica
1721 811 1750 839 S.
1766 811 1879 846 Sophia:

1078 855 1195 883 Nicaana:
1209 855 1330 883 civitatis
1345 856 1443 891 quinto
1459 856 1523 884 Idus
1546 856 1693 885 Octobrias
1716 857 1878 885 indictionis

1081 901 1244 929 undecimae.
1276 900 1309 929 Et
1334 901 1503 930 Novembrio
1541 910 1637 930 mense
1665 903 1785 938 ingressi
1811 907 1879 930 sunt

1081 955 1179 975 omnes
1192 947 1294 983 regiam
1309 948 1418 981 urbem,
1431 952 1458 976 et
1472 948 1687 984 praesidentibus
1699 949 1879 984 imperatori-

1081 993 1134 1021 bus
1151 1001 1205 1021 una
1223 1001 1287 1022 cum
1302 994 1441 1030 episcopis
1466 994 1494 1022 in
1509 994 1657 1030 Magnaura
1671 995 1762 1023 lectus
1778 1000 1821 1023 est
1833 1000 1878 1023 to-

1081 1046 1154 1072 mus,
1165 1043 1193 1067 et
1218 1039 1385 1075 subscripsit
1412 1044 1467 1068 tam
1498 1039 1653 1076 imperator
1676 1049 1760 1076 quam
1787 1046 1879 1069 mater

1080 1083 1152 1119 ejus,
1180 1083 1323 1112 ﬁrmantes
1355 1084 1487 1120 pietatem
1515 1085 1669 1113 secundum
1691 1086 1806 1121 antiqua
1828 1086 1880 1114 do-

1082 1136 1184 1166 gmata,
1215 1139 1300 1166 opera
1328 1131 1503 1160 sacerdotum
1529 1132 1641 1165 honori,
1666 1137 1695 1160 et
1710 1132 1880 1161 dimiserunt

1081 1183 1140 1209 eos,
1155 1180 1184 1204 et
1206 1184 1273 1212 pace
1302 1177 1389 1212 potita
1418 1182 1462 1204 est
1476 1176 1598 1205 Ecclesia
1625 1177 1687 1210 Dei,
1717 1185 1876 1213 quanquam

1083 1223 1214 1251 inimicus
1242 1223 1348 1251 zizania
1376 1223 1403 1250 in
1432 1223 1710 1259 operationibussuis
1738 1225 1878 1252 seminare

1083 1275 1139 1296 non
1153 1272 1253 1296 cesset.
1278 1267 1332 1296 Sed
1353 1268 1477 1297 Ecclesia
1499 1269 1548 1296 Dei
1576 1276 1687 1305 semper
1715 1269 1877 1306 impugnata

1083 1314 1247 1350 triumphat.

1119 1360 1199 1388 Anno
1215 1360 1325 1396 imperii
1341 1360 1384 1388 sui
1395 1368 1469 1389 nono
1483 1360 1602 1389 Heircne
1625 1361 1797 1397 imperatrix,
1811 1369 1879 1397 pace

1084 1405 1174 1434 soluta
1190 1406 1311 1434 faciendi
1338 1414 1401 1434 cum
1414 1406 1527 1435 Francis
1549 1408 1687 1443 nuptiales
1702 1411 1877 1441 contractus,

1084 1452 1187 1480 direxit
1211 1453 1411 1488 Theophanem
1435 1453 1690 1489 protospatharium
1706 1458 1734 1482 et
1760 1453 1880 1481 abduxit

1084 1499 1204 1534 puellam
1215 1507 1248 1526 ex
1263 1498 1434 1526 Armeniacis
1449 1498 1562 1526 nomine
1581 1499 1697 1527 Mariam
1721 1498 1755 1526 ab
1767 1499 1878 1532 Amnia,

1084 1551 1113 1574 et
1126 1546 1219 1582 iunxit
1235 1553 1296 1574 eam
1311 1545 1495 1573 Constantino
1521 1545 1684 1581 imperatori
1697 1550 1725 1573 et
1741 1544 1798 1573 lilio
1815 1553 1878 1576 suo,

1084 1600 1148 1620 cum
1174 1592 1233 1628 ipse
1258 1592 1377 1619 multum
1401 1592 1560 1620 tristaretur
1589 1597 1618 1620 et
1639 1592 1738 1625 nollet,
1765 1597 1880 1627 propter

1084 1639 1214 1667 affectum
1227 1646 1283 1674 quo
1299 1646 1364 1674 erga
1381 1638 1472 1667 Caroli
1501 1638 1586 1666 filiam
1610 1637 1781 1666 Francorum
1806 1638 1881 1673 regis

1083 1684 1226 1721 ﬂagrabat,
1252 1692 1334 1720 quam
1357 1684 1464 1713 scilicet
1481 1689 1562 1712 antea
1588 1685 1813 1720 dcsponsavcrat.
1841 1685 1875 1712 Et

1084 1733 1350 1759 consummaverunt
1378 1730 1490 1766 nuptias
1514 1731 1574 1766 ejus
1598 1738 1693 1758 mense
1707 1731 1879 1758 Novembrio

1083 1778 1245 1806 indictionis
1254 1777 1438 1805 duodecimae.
1452 1777 1560 1805 Interea
1574 1776 1693 1804 lleirene
1711 1776 1881 1805 misitJoam

1083 1831 1146 1851 nem
1163 1823 1343 1851 Sacellarium
1367 1827 1396 1851 et
1413 1823 1581 1858 logothctam
1603 1822 1880 1857 inLongobardiam,

1083 1878 1138 1898 una
1157 1877 1220 1898 cum
1248 1868 1393 1897 Theodoto
1420 1869 1525 1897 dudum
1553 1876 1619 1904 rege
1642 1869 1756 1904 majoris
1768 1868 1881 1904 Longo-

1084 1916 1197 1949 bardiae,
1223 1915 1257 1944 ad
1268 1915 1402 1943 ultionem
1426 1915 1612 1947 inferendam,
1625 1914 1648 1942 si
1662 1920 1766 1950 posset,
1784 1914 1813 1941 in
1827 1913 1880 1942 Ca-

1084 1962 1174 1990 rolum
1186 1965 1215 1989 et
1229 1961 1363 1996 quosdam
1377 1960 1573 1988 subducendos
1589 1960 1624 1987 ab
1649 1959 1707 1987 illo.
1720 1959 1878 1987 Descende.-

1084 2013 1151 2036 runt
1159 2015 1225 2042 ergo
1232 2015 1295 2035 cum
1306 2006 1454 2034 Theodoro
1463 2005 1580 2041 patricio
1595 2009 1623 2033 et
1631 2009 1750 2041 pratore
1765 2004 1880 2038 Siciiize,

1082 2061 1111 2084 et
1122 2056 1191 2084 inito
1204 2055 1278 2083 bello
1287 2059 1379 2083 tentus
1391 2061 1405 2081 a
1415 2053 1528 2081 Francis
1541 2061 1634 2081 amare
1645 2058 1807 2088 peremptus
1824 2058 1878 2081 est.

1118 2103 1198 2130 Anno
1208 2100 1442 2136 imperiiﬂeirene
1454 2105 1482 2127 et
1489 2099 1663 2128 Constantini
1675 2099 1785 2127 decimo
1794 2100 1881 2128 movit

1084 2148 1211 2176 diabolus
1223 2147 1310 2175 livore
1327 2146 1439 2182 pietatis
1457 2146 1659 2181 imperatorum
1674 2145 1814 2179 homines,
1831 2146 1880 2181 qui

1084 2194 1287 2229 instigaverunt
1301 2196 1418 2219 matrem
1430 2191 1565 2219 adversus
1576 2191 1662 2219 filium
1675 2195 1704 2218 et
1720 2191 1807 2218 filium
1827 2191 1862 2218 ad
1871 2205 1879 2210 -

1084 2246 1182 2266 versus
1194 2243 1310 2265 matrem
1324 2236 1590 2265 :inﬂexeruntenim
1599 2245 1660 2264 cam
1671 2237 1750 2272 quasi
1764 2244 1798 2264 ex
1809 2245 1880 2272 prae-

1084 2284 1258 2320 signantibus
1265 2284 1358 2311 futura
1367 2283 1572 2320 cognitionibus
1583 2282 1740 2315 certiiicati,
1750 2291 1881 2310 a<seren-

1085 2335 1126 2358 tes
1150 2331 1175 2358 ei
1192 2330 1271 2358 :Non
1282 2334 1320 2357 est
1343 2329 1560 2364 prwdeuinatum
1573 2328 1644 2364 apud
1659 2328 1745 2356 Deum
1772 2329 1879 2356 tenendi

1084 2376 1170 2411 ﬁlium
1187 2381 1262 2402 tuum
1281 2375 1432 2410 imperium,
1446 2374 1491 2401 sed
1513 2378 1589 2401 tuum
1602 2379 1640 2401 est
1654 2383 1670 2401 a
1686 2374 1742 2401 Deo
1769 2374 1815 2401 tibi
1829 2375 1880 2401 da-

1085 2425 1152 2449 tum.
1163 2421 1197 2448 At
1209 2420 1255 2448 illa
1265 2424 1295 2448 ut
1305 2420 1405 2448 mulier
1415 2420 1541 2452 seducta,
1557 2419 1710 2455 pmsertim
1724 2428 1787 2448 cum
1799 2428 1879 2447 amo-

1086 2476 1143 2496 rem
1160 2475 1270 2503 quoque
1283 2466 1455 2502 principatus
1472 2465 1598 2498 haberet,
1616 2465 1734 2493 credidit
1749 2466 1786 2493 ita
1806 2473 1879 2498 esse,

1085 2517 1113 2541 et
1130 2521 1185 2540 non
1203 2512 1366 2548 recogitavit
1386 2511 1461 2547 quod
1486 2511 1538 2546 ipsi
1564 2511 1692 2539 volentes
1716 2511 1879 2547 dispensare

1085 2567 1130 2587 res
1142 2559 1170 2586 id
1199 2558 1251 2586 sub
1263 2558 1409 2585 occasione
1423 2557 1640 2593 pratendcrcnt.
1654 2557 1726 2593 Ergo
1747 2565 1812 2585 cum
1828 2558 1880 2585 im-

1086 2608 1198 2640 perator
1212 2605 1267 2640 iam
1282 2603 1380 2640 viginti
1403 2608 1478 2632 esset
1510 2612 1646 2632 annorum
1682 2604 1772 2632 factus
1793 2609 1879 2640 atque

1086 2650 1217 2678 robustus
1239 2649 1388 2677 admodum
1409 2653 1438 2677 et
1465 2649 1593 2682 idoneus,
1615 2648 1729 2677 videbat
1756 2657 1786 2677 se
1806 2650 1879 2678 nihil

1087 2694 1233 2730 potestatis
1248 2698 1400 2730 gerentem,
1418 2697 1446 2721 ct
1462 2693 1637 2726 tristabatur,
1655 2694 1768 2721 intuens
1780 2701 1796 2721 e
1812 2702 1877 2722 con-

1088 2741 1174 2769 trario
1187 2741 1362 2769 Stauracium
1377 2739 1524 2776 patricium
1539 2745 1568 2768 et
1588 2740 1759 2776 logothetam
1784 2741 1879 2768 omnia

1087 2787 1238 2823 possidere,
1256 2795 1407 2822 omnesque
1422 2787 1456 2814 ad
1474 2787 1552 2814 illum
1573 2787 1736 2822 procedere,
1750 2791 1778 2814 et
1788 2788 1877 2814 nemi-

1088 2841 1150 2861 nem
1161 2833 1194 2860 ad
1211 2840 1240 2860 se
1256 2832 1432 2868 frequentare
1449 2832 1563 2860 audere.
1580 2831 1659 2859 Tunc
1674 2832 1793 2859 cOnsillu
1808 2831 1877 2859 inito

1090 2887 1151 2907 cum
1179 2879 1364 2906 familiaribus
1396 2879 1543 2914 perpaucis
1567 2877 1726 2906 hominibus
1752 2878 1818 2911 suis,
1849 2885 1877 2909 et
