2052 3153
159 171 224 205 1401

156 281 234 309 aeque
254 272 381 308 patricio,
406 272 523 300 ﬁrmavit
535 280 590 308 quo
607 273 858 308 comprehenderet
879 280 943 301 eum

156 324 184 348 et
202 320 325 347 exsulem
345 319 373 346 in
389 318 511 347 Siciliam
522 319 685 351 destinaret,
700 319 813 355 ipseque
839 323 945 346 teneret

157 365 303 400 imperiunm
319 372 383 392 cum
397 369 485 391 matre
497 371 556 391 sua.
573 364 660 391 Porro
685 364 784 399 quinto
798 364 862 391 ldus
893 363 945 392 Fe-

156 411 282 439 bruarias
305 411 396 438 factus
417 414 460 438 est
478 410 621 438 horribilis
640 415 721 438 terrae
741 415 845 442 motus,
865 410 902 438 ita
914 414 944 438 ut

156 466 210 486 non
224 458 341 485 auderet
358 456 504 492 quisquam
520 456 594 484 domi
625 456 756 489 dormire.
785 456 832 484 sed
848 463 945 484 omnes

156 505 183 532 in
196 505 286 532 hortis
298 509 326 532 et
340 504 391 532 sub
408 504 455 531 dio
470 503 656 532 tabernaculis
674 503 755 530 factis
773 508 801 531 et
816 502 944 531 tentoriis

155 550 278 579 extensis
305 549 453 585 degebant.
469 550 521 578 Ast
545 549 707 584 imperatrix
726 557 780 576 una
805 556 869 576 cum
887 548 944 576 ﬁlio

155 606 205 625 suo
224 604 332 631 egressa
348 601 390 624 est
404 596 438 623 ad
455 596 484 623 S.
499 596 628 623 Mamam.
639 594 708 623 Cum
721 599 813 622 autem
828 594 944 622 Staura-

154 644 198 671 cio
226 642 353 670 nuntiata
380 641 478 669 fuisset
507 641 668 676 praesignata
694 648 757 672 res.
789 645 946 668 commovet

155 689 306 724 Augustam
334 693 431 715 contra
460 687 546 714 ﬁlium
563 695 570 720 ;
585 695 646 722 quae
661 687 878 722 comprehensos
893 688 944 714 ho-

155 734 245 761 mines
275 732 450 768 imperatoris
475 740 573 760 omnes
588 732 690 760 cecidit
705 737 788 767 atque
813 732 944 765 totondit,

156 788 210 808 una
227 787 290 807 cum
310 779 417 807 Joanne
445 779 669 814 protospathario
686 783 714 806 et
731 779 824 814 baiulo
846 779 943 814 ipsius,

153 831 182 854 et
202 826 300 854 exsilio
325 825 456 860 relegavit
470 826 498 852 in
520 825 702 853 inferioribus
714 825 840 860 partibus
857 833 945 860 usque

153 873 181 901 in
195 873 329 904 Siciliam,
343 872 455 899 Petrum
473 879 540 899 vero
559 872 750 907 magistratum
777 872 944 905 dehonesta-

153 918 278 946 tionibus
292 918 460 945 submittens
476 918 503 944 in
523 918 606 945 domo
619 925 667 944 sua
683 918 781 945 sedere
799 919 941 953 praecepit,
962 918 969 956 ᾖ

153 963 281 991 similiter
305 968 333 990 et
351 962 528 990 Theodorum
543 962 703 996 patricium.
728 963 814 990 Porro
834 963 943 992 Damia—

153 1018 219 1037 num
235 1008 384 1044 patricium
395 1016 495 1036 cmsum
513 1013 540 1036 et
554 1013 663 1036 tonsum
680 1008 708 1036 in
723 1014 844 1037 castrum
858 1011 944 1045 Apol-

152 1055 292 1083 loniadem
314 1054 436 1082 exsulem
457 1054 516 1082 fore
531 1055 685 1083 constituit.
710 1055 871 1083 Percuticus
892 1063 942 1083 au-

154 1107 209 1129 tem
222 1106 250 1129 et
269 1101 354 1129 ﬁlium
371 1101 559 1136 conviciisque
573 1101 667 1129 multis
679 1102 818 1129 lacessens
837 1103 894 1137 egit
909 1110 943 1130 ne

152 1148 315 1183 procederet
344 1155 394 1182 per
418 1147 478 1174 dies
511 1153 565 1174 non
588 1155 701 1182 paucos.
722 1148 814 1182 Cmpit
850 1153 943 1176 autem

151 1192 351 1229 adjuramentis
369 1192 531 1220 submittere
549 1192 666 1228 [iurare]
689 1193 814 1220 militiam
828 1194 884 1229 iam
902 1195 944 1221 di-

151 1244 274 1271 centem,
292 1239 356 1274 quia
373 1238 524 1274 Quousque
538 1243 565 1266 tu
586 1239 666 1272 vivis,
678 1246 734 1266 non
751 1241 944 1274 permittemus

151 1285 290 1320 imperare
305 1285 391 1312 ﬁlium
411 1290 498 1312 tuum.
515 1284 550 1311 Et
571 1284 701 1319 iurabant
714 1292 812 1312 omnes
825 1285 875 1318 sic,
895 1294 943 1314 ne-

150 1332 227 1359 mine
257 1330 447 1358 contradicere
474 1337 558 1364 super
589 1329 644 1358 hoc
674 1330 804 1358 audente.
836 1331 943 1359 interea

151 1377 248 1405 classis
265 1376 384 1404 Arabum
396 1376 423 1404 in
446 1376 566 1412 Cyprum
593 1376 688 1404 exivit.
714 1376 793 1410 Quod
822 1385 944 1413 βαραθρ-

151 1430 271 1450 noscens
290 1422 451 1458 imperatrix
470 1422 643 1450 coacervavit
662 1427 690 1450 et
703 1423 762 1457 ipsa
782 1423 875 1450 omnia
889 1424 945 1451 Ro-

151 1477 234 1496 mana
256 1468 376 1504 navigia,
399 1473 427 1496 et
451 1468 527 1496 misit
548 1468 680 1496 adversus
694 1470 752 1497 eos;
768 1469 835 1497 Cum
852 1475 944 1498 autem

151 1523 241 1550 usque
266 1516 340 1551 Myra
361 1520 478 1550 uterque
505 1519 606 1550 praeter
629 1516 767 1548 venisset,
801 1516 914 1545 (livenit
930 1525 945 1545 a

551 168 736 203 HISTORIA
748 171 1036 204 ECCLESIASTICA
1049 173 1102 204 EX
1113 174 1355 207 THEOPHANE.

158 230 241 257 Petro
255 226 420 274 magistratu
427 230 455 254 et
471 226 620 274 Theodoro
631 226 751 274 patricio
770 232 798 274 et
812 227 946 255 Damiano
959 227 986 257 A
998 241 1143 274 versuum},

1720 172 1793 208 1402

1153 243 1293 276 quomodo
1303 250 1353 277 per
1367 242 1452 270 multa
1464 242 1557 271 studet
1566 247 1727 278 argumenta
1743 251 1792 279 ge-

994 293 1047 313 nus
1062 285 1204 315 hominum
1217 288 1334 323 perdere
1343 289 1349 316 l
1359 288 1409 322 Qui
1422 289 1494 316 enim
1504 294 1568 317 ante
1576 289 1733 324 quindecim
1742 297 1793 317 an-

994 338 1046 358 nos
1059 332 1173 360 terribili
1180 333 1361 368 jurejurando
1372 334 1535 369 iuraverunt
1549 338 1577 362 et
1591 334 1660 362 facta
1674 335 1793 370 propria:

995 384 1094 405 manus
1114 378 1218 413 scripta
1239 379 1267 406 in
1297 384 1393 407 sancto
1407 379 1538 407 tribunali
1557 380 1786 412 recondiderunt,

996 421 1099 450 iterum
1113 423 1246 458 iurabant
1259 432 1288 452 se
1303 431 1319 451 a
1332 424 1391 452 ﬁlio
1406 425 1469 460 eius
1488 432 1544 452 non
1570 424 1748 460 imperandos
1764 425 1792 452 in

996 467 1053 495 vita
1067 467 1165 502 ipsius,
1176 472 1204 495 et
1219 476 1316 496 rursus
1333 469 1386 497 hoc
1402 468 1535 496 oblivioni
1547 469 1689 497 tradentes
1712 469 1786 496 Con-

996 515 1148 542 stantinum
1163 514 1357 550 imperatorem
1379 515 1459 543 bonae
1472 515 1553 543 fama:
1574 515 1703 543 laudibus
1714 516 1785 543 eﬂ‘e-

997 560 1105 592 rebant.
1130 568 1186 588 non
1204 561 1409 595 perpendentes
1424 561 1521 588 miseri
1539 561 1616 596 quod
1633 568 1690 588 non
1707 568 1791 596 opor-

997 609 1052 633 teat
1065 606 1236 641 reciprocum
1249 606 1307 634 ﬁeri
1317 607 1518 643 iuramentum.
1542 607 1698 635 Necessitas
1709 607 1786 634 enim

996 652 1133 680 incumbit
1148 657 1178 680 ut
1200 661 1312 681 omnem
1329 653 1498 688 reciprocam
1512 652 1680 688 iurationem
1694 652 1753 688 peri
1760 659 1792 678 u-

995 697 1067 726 rium
1085 698 1283 734 subsequatur.
1298 699 1455 734 Perjurium
1469 703 1561 726 autem
1578 702 1621 726 est
1641 698 1788 733 abnegatio

995 745 1055 772 Dei.
1070 744 1184 773 Collecti
1201 749 1293 773 autem
1305 744 1437 773 Octobrio
1450 752 1545 772 mense
1557 744 1672 772 decimae
1683 748 1789 778 quarue

996 792 1156 820 indictionis
1166 792 1193 819 hi
1205 792 1253 826 qui
1265 799 1298 819 ex
1310 791 1479 819 thematibus
1493 796 1573 818 erant
1583 790 1655 826 apud
1664 790 1790 821 Atroam,

995 838 1288 873 exquisieruntomnes
1301 837 1441 864 communi
1457 835 1790 864 consilioConslantinum

997 885 1203 920 imperatorem,
1220 884 1381 911 vicesimum
1398 888 1524 919 agentem
1546 890 1659 910 annum.
1675 881 1790 909 'l'imeus

997 934 1088 956 autem
1108 929 1226 956 lleirene
1249 928 1382 964 impetum
1411 928 1505 963 populi
1526 927 1644 956 absolvit
1666 934 1741 955 eum.
1754 927 1790 954 At

997 975 1038 1002 illi
1059 974 1133 1001 hunc
1146 973 1259 1009 quidem
1277 973 1473 1008 imperatorem
1500 972 1716 1004 affirmaverunt,
1735 972 1789 998 hu-

995 1021 1040 1056 ius
1052 1026 1143 1048 autem
1174 1024 1290 1047 matrem
1315 1023 1493 1054 respuerunt.
1522 1015 1658 1046 Prazterea
1682 1017 1787 1045 direxit

997 1067 1125 1102 protinus
1153 1066 1304 1100 imperator
1319 1064 1481 1092 Michaelcm
1508 1064 1789 1091 Lachanodraconem

997 1118 1025 1141 et
1037 1113 1174 1140 Joannem
1187 1112 1311 1144 baiulum
1331 1119 1411 1138 suum
1425 1118 1456 1138 ac
1472 1110 1740 1145 protospatharium,
1759 1115 1788 1137 et

995 1158 1160 1194 iuramentis
1172 1158 1361 1185 submiserunt
1367 1156 1556 1188 Armeniacos,
1567 1163 1601 1183 ne
1614 1155 1790 1190 susciperent

997 1205 1144 1232 Heirenem
1174 1207 1288 1230 matrem
1302 1210 1380 1230 suam
1410 1201 1624 1237 imperatricem.
1661 1200 1788 1228 Alexium

996 1257 1064 1277 vero
1079 1247 1252 1276 conﬁrmavit
1268 1247 1297 1274 in
1312 1251 1457 1282 praetorem
1469 1254 1561 1274 suum.
1580 1246 1613 1273 Et
1627 1253 1691 1274 cum
1714 1245 1789 1273 redi-

998 1294 1065 1322 isset
1087 1294 1240 1328 imperator
1256 1293 1283 1320 in
1301 1293 1398 1320 urbem
1421 1300 1515 1319 mense
1543 1291 1719 1324 Decembrio,
1733 1299 1790 1318 caa-

997 1346 1057 1365 sum
1072 1343 1102 1366 et
1117 1342 1228 1365 tonsum
1243 1337 1417 1365 Stauracium
1432 1338 1555 1364 exsulem
1572 1336 1638 1364 fecit
1653 1335 1726 1371 apud
1737 1336 1791 1363 Ar-

998 1384 1189 1411 meniacorum
1214 1383 1304 1411 thema
1319 1383 1353 1410 ad
1381 1383 1597 1410 satisfactionem
1622 1389 1729 1409 eorum.
1757 1381 1788 1408 In

999 1429 1128 1458 exsilium
1152 1429 1335 1456 nihilominus
1349 1432 1377 1455 et
1392 1428 1501 1455 Aetium
1528 1427 1614 1459 misit,
1640 1426 1790 1462 spadonem

998 1474 1253 1511 protospatharium
1269 1478 1297 1502 et
1312 1474 1440 1501 intimum
1452 1474 1524 1508 eius,
1540 1477 1568 1500 et
1580 1480 1677 1500 omnes
1693 1471 1790 1500 dome-

998 1521 1083 1548 stieos
1100 1520 1187 1556 ipsius
1205 1519 1353 1555 spadones.
1370 1519 1447 1547 lianc
1458 1522 1550 1546 autem
1573 1526 1636 1546 cum
1655 1518 1791 1546 suavitate

150 1563 341 1598 promontorio
369 1561 608 1594 Chelidoniorum,
621 1567 649 1590 et
674 1562 815 1598 ingressus
847 1568 891 1591 est
914 1563 942 1591 in

995 1575 1045 1597 sua
1057 1571 1085 1595 et
1101 1567 1241 1594 alliuentia
1256 1566 1357 1594 locavit
1373 1565 1399 1592 in
1413 1565 1517 1600 palatio
1532 1564 1697 1597 Eleutherii,
1715 1564 1790 1599 quod

150 1609 259 1637 Attaliaa
273 1608 376 1637 sinum.
395 1607 431 1635 At
444 1615 511 1635 vero
526 1607 631 1636 Arabes
652 1609 719 1636 moti
731 1617 746 1636 a
763 1609 863 1645 Cypro,
875 1617 938 1637 cum

151 1656 286 1683 serenitas
298 1662 347 1682 eos
365 1654 494 1689 cepisset,
505 1654 772 1682 circumferebantur
785 1656 812 1682 in
825 1656 933 1691 pelago.

150 1700 275 1735 Cumque
295 1704 377 1727 terras
397 1698 515 1734 proximi
533 1703 704 1732 tenerentur,
732 1700 861 1728 viderunt
891 1709 939 1729 eos

151 1751 294 1781 praetores,
312 1750 339 1773 et
353 1745 412 1772 acie
425 1745 529 1773 directa
542 1746 688 1780 praeparati
702 1750 765 1774 sunt
778 1746 812 1773 ad
830 1747 938 1774 bellan-

151 1793 228 1820 dum.
253 1792 423 1827 The0philus
456 1797 547 1819 autem
559 1791 812 1828 Cibyrrhaeotorum
827 1797 937 1828 prmtor,

151 1845 215 1865 cum
233 1836 277 1863 vir
289 1840 362 1865 esset
375 1836 505 1863 robustus
520 1841 603 1872 atque
627 1837 807 1871 fortissimus,
819 1837 886 1865 ﬁsus
910 1842 939 1865 et

152 1887 218 1910 ante
248 1889 344 1910 omnes
357 1890 485 1917 egressus
502 1887 594 1910 tentus
608 1887 650 1910 est
675 1883 710 1910 ab
728 1883 768 1911 eis
785 1883 852 1918 ;qui
876 1891 938 1911 cum

152 1930 251 1957 ductus
265 1929 299 1957 ad
314 1929 406 1956 Aaron
423 1928 520 1957 fuisset
540 1929 575 1956 ab
587 1937 620 1957 eo
638 1929 786 1962 videndus,
807 1930 940 1957 adhorta-

152 1980 198 2003 tus
214 1980 256 2003 est
279 1979 310 2002 ut
327 1974 453 2010 proditor
469 1974 547 2002 ﬁeret
562 1978 590 2002 et
609 1975 769 2010 temporalia
784 1975 856 2003 dona
877 1984 940 2003 sus-

152 2021 266 2055 ciperet.
275 2020 327 2053 Qui
338 2027 401 2047 cum
410 2019 462 2046 hoc
473 2019 631 2047 nullatenus
639 2020 805 2052 admisisset,
817 2028 868 2055 per
882 2028 940 2048 am-

151 2066 188 2101 pli
194 2073 279 2100 usque
286 2068 399 2093 coactus
406 2072 578 2100 nequaquam
589 2066 725 2098 cessisset,
733 2065 815 2101 gladii
822 2066 942 2094 animad-

151 2111 307 2139 versionem
320 2111 459 2139 sustinens
472 2116 577 2147 martyr
600 2112 722 2146 optimus
744 2116 783 2139 est
801 2117 940 2140 ostensus.

186 2157 280 2185 Mundi
302 2164 374 2184 anno
405 2156 499 2190 6285,
531 2157 632 2184 divinae
665 2157 864 2186 incarnationis
892 2166 943 2186 an-

151 2211 188 2231 no
201 2203 264 2236 785,
291 2210 363 2230 anno
401 2210 468 2230 vero
503 2203 612 2238 imperii
642 2202 816 2231 Constantini
850 2203 941 2239 primo

152 2255 247 2276 mense
275 2247 461 2282 Septembrio,
493 2247 656 2275 indictionis
683 2248 797 2276 decimae
821 2253 939 2284 quartae,
958 2241 981 2271 Ι)

151 2297 289 2321 venerunt
306 2293 353 2327 qui
366 2292 532 2328 adiurabant
544 2293 578 2320 ad
588 2293 814 2321 Armeniacorum
827 2294 937 2327 thema;

151 2339 197 2374 qui
209 2339 303 2374 iurare
315 2338 429 2366 minime
445 2343 655 2371 consenserunt,
673 2339 738 2374 quia
749 2339 809 2367 Non
825 2340 942 2375 impera-

150 2384 244 2412 bimur
255 2391 271 2410 a
288 2382 343 2410 ﬁlio
358 2387 405 2410 tuo
421 2383 449 2410 in
467 2383 523 2410 vita
547 2387 604 2416 tua,
618 2383 666 2411 sed
679 2392 730 2411 nee
744 2386 940 2419 praeponimus,

152 2429 292 2464 inquiunt,
306 2436 405 2456 nomen
422 2428 545 2455 ﬂeirenaa
562 2434 626 2456 ante
639 2428 811 2456 Constantini
830 2438 940 2463 nomen,

151 2476 201 2504 sed
212 2474 385 2504 Constantini
400 2479 428 2502 et
453 2474 588 2507 Heirenaa,
609 2478 641 2501 ut
665 2474 699 2501 ab
716 2474 797 2502 initio
820 2476 944 2510 suscepi-

153 2530 225 2549 mus.
257 2521 332 2549 Misit
353 2525 445 2548 autem
475 2520 577 2547 iterum
606 2520 641 2547 ad
673 2520 869 2548 inﬁectendum
895 2528 943 2548 eos

152 2568 279 2596 Alexium
293 2568 464 2604 spatbarium
480 2572 508 2595 et
521 2567 702 2603 drungarium
718 2568 830 2603 vigilite.
850 2569 884 2595 At
903 2568 943 2595 illi

154 2618 279 2641 tenentes
295 2621 369 2645 eum,
381 2618 412 2640 ut
424 2612 491 2641 sibit
502 2617 642 2648 praeesset,
658 2617 856 2647 provexerunt.
865 2612 945 2640 Nice-

155 2660 273 2694 phorum
286 2667 351 2686 vero
362 2659 508 2694 patricium
519 2663 548 2686 et
560 2662 704 2693 praetorem
719 2666 800 2686 suum
815 2658 946 2686 custodiae

154 2705 357 2740 manciparunt,
385 2704 653 2740 Constantinumque
682 2705 770 2732 solum
792 2705 945 2740 principem

156 2757 184 2780 et
211 2753 408 2788 imperatorem
442 2752 625 2780 laudaverunt
650 2757 679 2780 et
712 2753 945 2780 acclamaverunt.

155 2799 213 2827 lloc
229 2804 371 2834 comperto
393 2800 561 2834 reliquorum
577 2799 672 2834 populi
697 2799 860 2831 tllcmatum,
878 2806 947 2834 pne-

157 2845 263 2873 toribus
277 2846 334 2873 suis
350 2846 473 2881 expulsis
495 2845 707 2874 Constantinum
734 2851 839 2873 tantum
861 2846 948 2880 impc~

159 2897 276 2920 ratorem
300 2897 326 2919 ct
351 2891 403 2927 ipsi
433 2892 627 2927 praedicabant.
647 2892 669 2920 Ο
703 2892 814 2928 maligni
845 2891 947 2920 diaboli

991 1614 1049 1649 ipsa
1077 1613 1280 1645 zediﬁcaverat,
1298 1611 1327 1639 in
1346 1618 1401 1647 quo
1426 1611 1510 1639 etiam
1535 1610 1668 1645 pecunias
1691 1610 1792 1637 multas

990 1659 1184 1688 absconderat.

1027 1706 1142 1734 Factum
1161 1712 1228 1732 vero
1245 1708 1288 1732 est
1315 1703 1412 1731 eodem
1441 1711 1536 1731 mense
1554 1703 1725 1735 incendium,
1754 1706 1783 1729 et

990 1755 1196 1780 concrematum
1215 1755 1257 1778 est
1272 1750 1423 1777 triclinium
1440 1749 1613 1785 patriarchii,
1625 1748 1699 1784 quod
1713 1748 1791 1776 dici‘

991 1802 1037 1826 tur
1051 1797 1220 1828 Thomaites,
1231 1800 1259 1823 et
1275 1799 1454 1830 quazstorum,
1467 1799 1494 1822 et
1507 1795 1567 1822 alize
1577 1795 1676 1822 domus
1701 1801 1791 1828 usque

995 1845 1030 1872 ad
1045 1844 1162 1871 Milium.
1185 1842 1321 1870 Caeterum
1350 1841 1437 1876 Aprili
1460 1848 1554 1868 mense
1588 1840 1787 1869 Constantinus

990 1898 1054 1920 cum
1071 1894 1161 1917 castra
1186 1888 1316 1916 moviSset
1343 1891 1439 1915 contra
1468 1887 1623 1922 Vulgares,
1649 1885 1727 1913 venit
1752 1883 1788 1912 ad

990 1935 1136 1963 castellum
1148 1933 1222 1969 quod
1235 1933 1337 1960 dicitur
1352 1932 1474 1964 Probati,
1483 1931 1516 1959 ad
1531 1931 1619 1958 rivum
1632 1930 1740 1958 scilicet
1753 1929 1786 1958 S.

990 1981 1126 2016 Georgii;
1149 1984 1178 2007 et
1211 1987 1274 2007 cum
1311 1978 1478 2009 occurrisset
1502 1976 1638 2004 Cardamo
1673 1975 1786 2003 domino

990 2027 1150 2062 Vulgarim,
1174 2025 1275 2061 pusillo
1303 2025 1377 2052 circa
1411 2030 1557 2058 vesperam
1595 2021 1668 2049 iacto
1697 2021 1785 2053 bello,

994 2072 1178 2101 formidantes
1198 2071 1228 2098 hi
1246 2070 1295 2106 qui
1323 2078 1357 2098 ex
1381 2075 1459 2104 parte
1476 2068 1664 2096 Romanorum
1693 2071 1786 2099 erant,

994 2128 1044 2157 per
1055 2124 1165 2148 noctem
1185 2118 1315 2154 fugerunt
1328 2121 1357 2145 et
1372 2116 1479 2152 inglorii
1495 2115 1658 2148 redierunt;
1674 2113 1741 2150 quin
1755 2117 1785 2141 ct

997 2165 1125 2200 Vulgares
1138 2167 1294 2191 metuentes
1309 2161 1414 2189 reversi
1429 2164 1504 2188 sunt.

1027 2209 1107 2238 Anno
1133 2207 1246 2244 imperii
1275 2207 1318 2235 sui
1342 2205 1591 2234 secundo.mense
1614 2203 1790 2240 Septembrio

992 2259 1083 2285 castra
1100 2254 1186 2282 movit
1207 2254 1358 2289 imperator
1382 2252 1516 2280 adversus
1529 2250 1644 2283 Arabes,
1657 2254 1686 2278 et
1699 2250 1791 2285 profe-

993 2306 1058 2330 ctus
1075 2301 1110 2329 ab
1127 2300 1238 2327 Amorio
1257 2299 1324 2326 abiit
1337 2297 1453 2325 Tarsum
1469 2296 1582 2324 Ciliciae.
1600 2295 1669 2324 Cum
1695 2300 1789 2322 autem

991 2347 1118 2375 venisset
1146 2345 1180 2372 ad
1204 2345 1351 2378 inaquosas
1381 2347 1473 2370 turres
1491 2362 1498 2373 ,
1529 2341 1672 2376 repedavit
1699 2340 1791 2367 inanis

997 2399 1092 2419 mense
1107 2389 1239 2418 Octobrio
1253 2388 1415 2416 indictionis
1429 2387 1543 2415 decima;
1567 2386 1682 2422 quintae.
1698 2385 1790 2413 Porro

995 2437 1103 2464 decimo
1121 2439 1220 2463 octavo
1235 2434 1371 2462 Kalendas
1386 2433 1550 2461 Februarias
1575 2437 1686 2467 rogatus
1702 2432 1790 2465 impe-

995 2485 1071 2508 rator
1081 2489 1096 2508 a
1109 2479 1221 2516 propria
1235 2484 1323 2507 matre
1334 2484 1362 2507 et
1377 2487 1392 2506 a
1408 2479 1502 2506 multis
1523 2477 1704 2513 optimatibus
1727 2485 1791 2512 pro-

994 2525 1107 2553 nuntiat
1123 2533 1183 2553 eam
1207 2525 1308 2552 iterum
1333 2523 1549 2559 imperatriccm,
1564 2526 1592 2550 et
1615 2521 1697 2549 laude
1723 2528 1788 2547 cum

998 2571 1046 2598 illo
1057 2571 1138 2598 simul
1155 2570 1302 2602 attollitur,
1320 2574 1349 2596 ut
1365 2577 1380 2597 a
1396 2569 1550 2604 primordio
1572 2566 1745 2596 Constantini
1761 2570 1792 2594 et

996 2617 1134 2645 Heirenae.
1147 2616 1250 2644 Omnes
1265 2616 1376 2651 quidem
1394 2615 1538 2643 obediunt.
1565 2614 1615 2642 Ast
1645 2612 1792 2640 Armenia-

995 2671 1092 2691 eorum
1105 2663 1197 2690 thema
1211 2662 1391 2697 pertinaciter
1408 2662 1514 2689 instans
1529 2660 1565 2688 ad
1578 2660 1633 2688 hoc
1646 2659 1789 2690 renititur,

997 2714 1026 2737 et
1039 2709 1138 2744 quzerit
1156 2708 1293 2740 Alexium,
1309 2708 1357 2743 qui
1380 2708 1549 2743 paulo-ante
1566 2710 1670 2742 praetor
1695 2705 1722 2732 in
1748 2704 1791 2732 eis

998 2754 1098 2786 fuerat,
1111 2758 1139 2782 ct
1153 2754 1187 2781 ab
1201 2754 1372 2789 imperatore
1389 2757 1456 2780 tunc
1468 2756 1600 2780 evocatus
1613 2756 1641 2779 et
1653 2750 1788 2785 dignitate

998 2799 1107 2836 patricii
1129 2799 1283 2827 honoratus
1298 2806 1384 2834 penes
1401 2799 1491 2833 ipsum
1506 2798 1605 2833 degere
1628 2796 1789 2824 videbatur.

1000 2845 1079 2873 lluuc
1104 2852 1170 2880 ergo
1195 2848 1309 2880 propter
1342 2843 1500 2879 huiusmodi
1523 2842 1732 2878 requisitioncm
1762 2845 1791 2868 et

1003 2892 1135 2928 quosdam
1148 2899 1289 2920 sermones
1301 2898 1383 2926 super
1405 2890 1466 2918 illos
1481 2889 1580 2923 dictos,
1604 2888 1666 2924 quia
1691 2887 1790 2916 videli-
