2052 3153
250 161 263 193 ι
272 161 320 193 i03

799 161 1000 192 ANASTASII
1026 160 1340 191 BIBLIOTHECARII

1817 157 1885 189 1404

249 223 294 246 cet
309 220 472 252 regnaturus
486 220 570 249 esset,
591 217 699 244 caedetis
720 224 752 244 ac
766 217 882 245 tondens
897 217 927 244 in
941 220 1039 252 prasto-
1055 220 1077 247 Α
1127 216 1206 243 Anno
1222 216 1333 250 imperii
1352 215 1527 243 Constantini
1546 220 1646 250 quarto
1668 220 1806 249 ceperunt
1815 215 1886 242 Ara-

250 265 294 291 rio
309 264 414 299 posuit.
568 291 570 294 ,

284 311 358 339 Julio
373 318 439 338 vero
456 318 551 338 mense
562 309 714 337 exercitum
731 310 816 337 movit
832 309 964 337 adversus
976 310 1042 337 Vul-

251 364 339 392 garcs,
357 360 386 384 ct
402 356 556 383 construxit
571 360 691 383 castrum
705 355 908 387 Marcellorum,
926 361 954 383 et
969 356 1040 383 duo-

251 402 359 430 decimo
371 401 556 429 Kalendarum
579 402 762 436 Augustarum
780 401 866 428 exivit
889 401 1042 429 Cardamus

251 447 520 482 dominusVulgaria:
534 454 596 473 cum
611 447 685 474 omni
699 447 801 474 virtute
819 454 877 478 sua,
888 452 916 474 et
927 447 1002 474 stetit
1014 447 1041 474 in

253 493 464 520 munitionibus.
484 492 595 519 Fiducia
612 500 678 519 vero
695 492 784 519 fretus
796 495 824 519 et
839 500 853 518 a
870 492 1041 527 pseudopro-

252 539 343 574 phetis
359 539 509 572 imperator
529 538 643 566 credere
665 546 813 573 persuasus
827 538 902 573 quod
917 539 975 573 ejus
995 546 1041 565 es-

252 586 430 616 setvictoria,
453 585 683 619 incircumspecte
702 591 735 611 ac
766 584 923 612 inordinate
940 584 1042 612 bellum

251 630 346 661 infert,
359 634 389 657 et
410 629 501 656 valido
521 629 640 657 vincitur
653 628 750 662 Marte,
769 629 933 664 fugatusque
959 629 1042 656 rediit

252 675 281 703 in
299 675 411 707 urbem,
428 675 520 702 multis
553 674 662 702 amissis
690 683 745 702 non
770 675 859 702 solum
888 675 1042 702 communis

253 722 359 756 populi,
371 721 419 749 sed
434 725 462 748 et
476 721 637 756 primatum,
653 721 807 756 intervquos
821 725 849 748 et
859 721 973 748 Michael
983 729 1042 750 ma-

252 767 407 800 gistratus,
435 767 648 794 Lachanodraco
669 772 697 794 et
719 767 822 794 Bardas
849 768 982 802 patricius
1010 776 1043 796 ac

253 813 410 848 Stephanus
425 814 664 848 protospatharius
672 814 847 847 exstiterunt,
855 814 965 842 Nicetas
975 822 1044 849 quo-

252 867 307 894 que
323 867 356 887 ac
384 860 576 895 Theognostus
594 860 658 887 facti
688 864 841 894 praetores,
865 864 893 887 et
917 860 1043 887 homines

252 905 320 940 regii
336 913 390 932 non
407 907 498 940 pauci.
511 906 565 933 Sed
577 910 605 933 et
621 906 786 933 Pancratius
800 906 1042 941 pseudopropheta

252 957 282 978 et
294 955 480 983 astronomus,
508 952 555 986 qui
575 957 603 979 et
617 952 758 979 victurum
772 952 850 979 illum
877 953 1043 981 vaticinatus

252 1002 306 1025 est.
320 998 503 1025 Abstulerunt
523 1003 614 1026 autem
636 999 769 1033 Vulgarcs
791 1000 874 1026 etiam
894 1000 1042 1033 sarcinam,

252 1043 395 1077 pecunias,
411 1051 498 1077 equos
512 1047 540 1070 et
559 1044 644 1070 aulaea
667 1051 721 1070 una
745 1051 808 1070 cum
839 1044 971 1071 universo
997 1052 1042 1072 re-

255 1087 301 1122 gio
327 1093 472 1122 apparatu.
498 1088 567 1115 Cum
598 1092 690 1116 autem
718 1089 830 1116 ordines
852 1089 962 1116 collecti
997 1098 1043 1117 es-

256 1138 319 1162 sent
335 1133 363 1160 in
376 1133 456 1167 urbe,
474 1134 612 1162 consiliati
628 1139 693 1162 sunt
712 1134 832 1162 educere
856 1135 1043 1170 Nicephorum

255 1186 291 1205 ex
322 1178 429 1206 Caesare
450 1183 479 1206 et
500 1179 695 1213 imperatorem
726 1184 860 1206 statuere.
883 1179 944 1212 Quo
971 1187 1046 1207 com-

253 1228 334 1258 perto
348 1224 549 1252 Constantinus
569 1224 654 1257 misit,
670 1229 698 1252 et
712 1225 807 1252 eduxit
821 1229 955 1260 utrosque
973 1225 1044 1254 filios

254 1268 429 1297 Constantini
446 1271 489 1297 avi
501 1270 544 1297 sui
562 1270 596 1297 ad
611 1270 639 1298 S.
662 1270 787 1303 Mamam,
807 1276 835 1298 et
857 1271 1044 1306 Nicephorum

254 1314 368 1348 quidem
388 1315 486 1348 oculis,
501 1315 734 1351 Christophorum
748 1322 831 1351 atque
851 1317 974 1344 Nicctam
990 1318 1046 1345 An-

255 1357 428 1393 thimumque
442 1364 526 1394 atque
543 1360 696 1387 Eudocium
715 1361 818 1396 linguis
832 1361 969 1396 privavit;
982 1369 1044 1389 cum

253 1403 356 1438 quibus
368 1409 396 1432 et
408 1405 570 1439 pmdictum
584 1405 710 1433 Alcxium
725 1406 873 1441 patricium
892 1407 1045 1435 luminibus

253 1449 408 1482 exorbavit,
432 1450 566 1478 obcdiens
592 1452 724 1480 maternis
739 1456 767 1479 et
782 1453 886 1487 praalati
909 1453 1046 1480 Stauracii

254 1494 364 1528 patricii
385 1495 514 1527 suadelis,
531 1496 557 1524 ei
572 1497 790 1525 asseverantium
804 1497 878 1532 quod
893 1498 946 1526 nisi
970 1499 1045 1526 hunc

254 1546 357 1566 caecum
380 1539 518 1571 redderet,
532 1540 560 1567 in
578 1537 773 1575 imperatorem
804 1550 866 1570 cum
886 1543 976 1570 forent
990 1543 1045 1571 ele-

253 1582 338 1609 cturi.
354 1582 436 1610 Facta
454 1588 496 1610 cst
508 1588 599 1611 autem
613 1584 710 1612 horum
725 1594 806 1620 pmna
831 1594 926 1614 mense
948 1587 1042 1623 Augu-

253 1629 308 1658 sto,
324 1627 368 1654 die
393 1627 518 1660 Sahbati,
533 1629 693 1658 indictionis
707 1630 822 1659 decimae
842 1632 960 1667 quintae,
976 1634 1043 1662 hora

254 1678 338 1699 nona.
364 1673 560 1702 Verumtamen
589 1683 645 1702 non
671 1675 699 1703 in
723 1677 834 1712 longum
863 1678 911 1705 Dei
933 1679 1042 1713 justitia

253 1717 469 1747 hancactionem
480 1721 585 1748 dimisit
601 1722 716 1750 inultam
733 1729 812 1758 :post
823 1724 1043 1759 quinquennium

254 1771 373 1800 namque
389 1767 486 1795 eodem
500 1776 596 1796 mense
610 1773 638 1796 et
657 1770 753 1797 eadem
769 1770 881 1798 Sabbati
898 1771 942 1799 die
961 1772 1040 1800 orba-

255 1813 300 1837 tur
320 1812 409 1840 oculis
424 1821 441 1840 a
459 1814 570 1849 propria
582 1820 668 1843 matre
680 1815 877 1844 Constantinus
890 1817 975 1846 idem.

290 1856 370 1884 Anno
390 1857 498 1893 imperii
517 1859 693 1888 Constantini
714 1862 796 1888 tertio
813 1862 959 1891 audientes
990 1864 1043 1891 Ar-

255 1902 372 1930 meniaci
387 1903 421 1931 de
438 1904 534 1932 Alexio
553 1906 669 1940 patricio
688 1907 761 1942 quod
781 1915 870 1935 caseus
886 1908 976 1936 fuerat
1003 1909 1044 1937 fa-

253 1951 326 1980 ctus,
336 1949 469 1978 custodiae
484 1952 676 1987 mancipavere
687 1958 833 1987 prmtorem
849 1962 940 1987 suum,
954 1955 1043 1983 Theo-

254 1991 354 2020 dorum
370 1994 499 2023 videlicet
513 1996 706 2026 Camulianum
719 1999 874 2034 patricium.
890 1999 950 2033 Quo
968 2008 1044 2028 com-

254 2043 333 2072 perto
356 2039 509 2075 imperator
536 2043 613 2071 misit
643 2043 756 2079 quidem
788 2045 909 2079 primum
938 2046 974 2073 ad
995 2054 1043 2074 eos

253 2085 413 2119 nonnullos,
432 2093 494 2121 post
510 2094 636 2116 sanctum
652 2098 717 2117 vero
745 2089 849 2118 Pascha
868 2091 927 2126 ipse
948 2099 999 2126 per
1013 2099 1043 2119 se

254 2130 341 2157 movit
354 2133 503 2159 exercitum
527 2138 622 2161 contra
647 2136 760 2163 eosdem
781 2137 961 2165 Armeniacos
989 2146 1042 2165 una

254 2182 318 2202 cum
331 2176 445 2211 reliquis
460 2181 568 2207 cunctis
591 2181 768 2209 thematibus.
789 2183 824 2210 Et
846 2184 964 2218 septimo
990 2187 1042 2214 Ka-

1094 261 1146 289 bes
1161 262 1307 289 Thebesan
1330 265 1452 289 castrum
1478 261 1529 288 sub
1546 261 1643 293 verbo,
1670 265 1784 295 propter
1810 260 1885 295 quod

1093 313 1122 336 et
1138 309 1277 343 principes
1288 309 1348 343 ejus
1360 308 1525 336 dimiserunt
1536 308 1569 335 ad
1587 307 1709 343 propria.

1130 354 1211 381 Anno
1224 354 1334 388 imperii
1350 354 1394 381 sui
1411 354 1510 388 quinto
1526 353 1742 384 Constantinus,
1756 352 1821 380 odio
1836 353 1886 380 ha-

1094 400 1163 427 bens
1185 400 1298 427 Mariam
1324 407 1437 427 uxorem
1451 408 1541 432 suam,
1568 400 1764 428 summissione
1789 400 1886 426 matris

1095 453 1151 474 sum
1164 446 1348 480 principatum
1372 446 1528 481 appetentis
1558 451 1587 473 et
1614 453 1669 481 quo
1697 446 1731 474 ab
1756 446 1886 474 omnibus

1095 492 1323 527 reprehensibilis
1345 493 1516 528 judicaretur
1531 493 1697 525 aﬂ‘ectantis,
1718 493 1810 528 coegit
1823 500 1886 520 eam

1095 542 1126 564 ut
1139 538 1217 565 iteret
1231 538 1366 565 monacha
1382 546 1390 571 ;
1405 546 1487 573 quam
1503 545 1566 565 cum
1583 537 1745 570 inﬂexisset,
1761 537 1887 565 totondit

1095 591 1190 611 mense
1203 583 1344 611 Januario.
1361 584 1395 611 Et
1408 584 1495 619 Aprili
1510 591 1604 611 mense
1623 583 1709 611 movit
1730 583 1887 611 exercitum

1095 629 1228 657 adversus
1242 630 1358 663 Arabes,
1375 636 1405 658 et
1422 638 1517 658 mense
1534 629 1604 658 Maio
1619 629 1724 657 bellum
1744 629 1834 656 iniens
1855 629 1887 657 in

1095 683 1213 703 occursu
1236 676 1373 711 ipsorum,
1394 676 1420 704 in
1447 676 1508 703 loco
1533 676 1580 710 qui
1611 675 1713 703 dicitur
1737 675 1860 702 Amusan
1875 695 1884 707 ,

1095 722 1173 753 vicit,
1190 723 1283 754 vertit,
1297 726 1326 749 et
1343 722 1393 750 hos
1406 723 1550 749 insecutus
1561 725 1605 749 est
1620 728 1708 755 usque
1718 720 1752 747 ad
1763 727 1885 748 amnem.

1095 768 1129 795 Et
1143 775 1206 795 cum
1218 769 1341 796 venisset
1355 768 1496 803 Ephesum
1510 772 1538 795 et
1551 767 1624 802 apud
1647 766 1693 794 Dei
1709 767 1800 794 locum
1823 774 1888 794 ora-

1097 814 1187 842 tiones
1214 814 1334 845 fecisset,
1357 814 1556 842 commercium
1582 813 1781 845 nundinarum,
1810 812 1887 848 quod

1095 864 1206 886 centum
1223 865 1283 887 erat
1302 860 1362 887 auri
1377 860 1521 892 librarum,
1548 859 1662 887 indulsit
1673 859 1707 886 ad
1722 858 1887 886 famulatum

1060 899 1080 925 Β
1096 904 1125 932 S.
1141 905 1256 933 Joannis
1270 906 1397 940 apostoli.
1415 907 1539 941 Augusto
1554 913 1620 933 vero
1634 912 1729 933 mense
1740 904 1889 932 coronavit

1095 951 1246 986 imperator
1258 952 1430 980 Theodotem
1453 952 1651 980 cubiculariam
1669 951 1696 978 in
1720 950 1886 986 Augustam,

1093 1002 1122 1024 et
1137 997 1316 1032 desponsavit
1334 1006 1394 1025 eam
1411 997 1515 1032 inique.

1129 1042 1209 1070 Anno
1227 1043 1335 1078 imperii
1351 1043 1392 1070 sui
1409 1047 1497 1076 serto,
1522 1041 1674 1070 indictione
1692 1041 1792 1077 prima,
1810 1041 1887 1069 cele-

1094 1088 1185 1116 bravit
1223 1089 1372 1124 imperator
1411 1089 1609 1117 Constantinus
1644 1095 1709 1116 cum
1741 1087 1887 1116 Theodoto

1095 1135 1253 1169 nuptiarum
1270 1135 1407 1170 principia
1422 1135 1449 1163 in
1464 1136 1564 1170 paiatio
1590 1135 1619 1163 S.
1643 1135 1739 1162 Mam:
1756 1143 1804 1170 per
1825 1135 1888 1162 dies

1095 1180 1278 1215 quadraginta
1312 1181 1549 1216 prolongatarum.
1575 1180 1669 1208 Mense
1691 1187 1758 1208 vero
1782 1179 1887 1214 Aprilis

1095 1226 1219 1261 ejusdem
1246 1226 1406 1254 indictionis
1432 1231 1570 1254 nocturno
1595 1230 1718 1261 tempore
1741 1226 1832 1254 factus
1843 1229 1887 1254 est

1096 1276 1175 1299 terra:
1188 1277 1281 1300 motus
1297 1273 1325 1299 in
1337 1273 1426 1300 insula
1439 1272 1519 1300 Creta
1533 1272 1613 1300 valde
1630 1272 1773 1305 terribilis,
1790 1279 1885 1300 mense

1095 1323 1188 1346 autem
1203 1319 1273 1346 Maio
1284 1318 1421 1346 factuscst
1437 1318 1675 1353 Constantinopoli
1691 1318 1775 1346 nimis
1795 1317 1886 1346 horri-

1096 1363 1171 1391 bilis.
1182 1363 1334 1391 Cardamus
1346 1368 1478 1399 preterea
1495 1364 1624 1391 dominus
1631 1363 1767 1398 Vulgariaa
1781 1363 1889 1391 denun-

1096 1409 1176 1437 tiavit
1199 1410 1361 1445 imperatori
1386 1410 1482 1438 dicens
1502 1410 1574 1438 :Aut
1598 1410 1684 1436 tribue
1708 1409 1774 1437 mihi
1794 1414 1886 1444 pacta,

1095 1461 1144 1484 aut
1158 1457 1263 1484 veniam
1281 1457 1316 1484 ad
1339 1464 1450 1483 auream
1475 1463 1557 1491 usque
1579 1459 1697 1489 portam,
1714 1460 1738 1482 et
1754 1455 1885 1483 demoliar

1096 1502 1233 1529 Thracem.
1252 1501 1300 1528 Ast
1322 1500 1471 1534 imperator
1496 1499 1584 1535 posita
1611 1500 1712 1535 equina
1734 1500 1763 1527 in
1784 1508 1889 1536 mappa

1096 1551 1217 1575 stercora
1234 1546 1386 1574 transmisit
1401 1546 1428 1574 ei
1443 1554 1451 1572 :
1465 1545 1573 1578 Qualia,
1598 1546 1737 1581 inquiens.
1752 1551 1776 1573 te
1796 1547 1889 1574 decere

1096 1596 1174 1627 pacta
1186 1592 1304 1627 pravidi,
1321 1592 1457 1618 trnmmisi
1480 1591 1536 1618 tibi.
1564 1590 1658 1618 Verum
1673 1591 1736 1626 quia
1754 1599 1833 1618 senex
1847 1600 1887 1624 es,

1095 1638 1156 1665 nolo
1180 1643 1208 1666 ut
1233 1638 1351 1673 fatigeris
1364 1645 1445 1672 usque
1468 1636 1503 1664 ad
1517 1636 1572 1664 haec
1587 1635 1655 1669 Iaca,
1675 1637 1721 1663 sed
1739 1645 1787 1672 ego
1812 1638 1888 1664 uenio

1094 1691 1177 1718 usque
1205 1682 1344 1715 Marcella,
1366 1686 1391 1710 et
1410 1686 1437 1708 tu
1457 1682 1510 1713 exi,
1527 1686 1552 1709 et
1577 1682 1703 1718 quidquid
1723 1683 1889 1717 judicancrit

1094 1728 1231 1762 Deuaﬁat.
1248 1728 1283 1755 Et
1301 1735 1364 1755 cum
1384 1727 1504 1755 misisset
1529 1727 1679 1762 imperator
1700 1728 1734 1756 ad
1753 1728 1889 1756 ulteriora

1095 1774 1228 1805 themata,
1240 1773 1378 1809 congessit
1400 1774 1533 1808 populum
1552 1781 1634 1801 suum
1649 1777 1679 1801 et
1697 1773 1774 1801 venit
1797 1781 1888 1808 usque

1095 1817 1291 1852 Versinitiam,’
1308 1823 1337 1847 et
1364 1818 1515 1847 Cardamus
1532 1826 1619 1854 usque
1633 1819 1667 1846 ad
1687 1813 1781 1846 lucum
1794 1819 1887 1846 Abro-

1094 1864 1168 1896 leva;
1184 1869 1212 1892 et
1233 1855 1295 1892 cum
1315 1864 1487 1896 formidaret,
1505 1865 1607 1892 mansit
1632 1864 1660 1891 in
1683 1872 1808 1891 nemore.
1836 1865 1888 1893 Ast

1094 1910 1244 1946 imperator
1271 1910 1427 1938 confortato
1448 1911 1551 1945 populo
1575 1918 1626 1938 suo
1655 1910 1724 1938 abiit
1741 1918 1830 1945 usque
1850 1910 1886 1938 ad

1094 1957 1187 1984 lucum
1198 1957 1362 1984 Abrolcvam
1373 1976 1381 1990 ,
1410 1956 1531 1984 invitans
1560 1964 1623 1983 eum
1640 1964 1688 1991 per
1704 1956 1764 1984 dies
1787 1956 1887 1984 decem

1094 2007 1121 2030 et
1132 2007 1247 2037 septem.
1262 2002 1297 2030 At
1311 2002 1357 2030 ille
1367 2010 1421 2030 non
1433 2006 1475 2030 est
1490 2010 1584 2035 ausus,
1593 2002 1641 2030 sed
1651 2001 1792 2038 repedavit
1803 2001 1888 2038 fugax

1093 2049 1128 2076 ad
1141 2056 1202 2076 sua.

1128 2094 1232 2121 Eodem
1247 2101 1357 2128 quoque
1373 2101 1446 2120 anno
1470 2099 1499 2121 et
1525 2093 1632 2121 Arabes
1644 2098 1781 2121 venerunt
1795 2102 1887 2129 usque

1092 2138 1247 2170 Amorium,
1263 2142 1292 2166 et
1305 2146 1369 2166 cum
1394 2138 1463 2166 nihil
1477 2138 1669 2173 profecissent,
1689 2139 1793 2167 reversi
1808 2145 1885 2171 sunt,

1093 2183 1184 2219 praeda
1201 2184 1229 2211 in
1242 2183 1457 2219 circumquaque
1472 2183 1641 2219 regionibus
1651 2184 1734 2212 facta.

254 2220 352 2249 lendas
366 2221 463 2251 Junias
479 2225 574 2260 prima
589 2226 760 2259 indictionis,
778 2229 823 2256 die
847 2235 948 2257 sancta:
971 2231 1041 2259 Pen-
1057 2241 1079 2269 ι)
1128 2230 1232 2257 Eodem
1257 2235 1350 2257 autent
1373 2238 1446 2257 anno
1471 2230 1548 2257 Plato
1564 2230 1729 2258 Sacudiouis
1751 2230 1839 2258 abbas
1855 2239 1886 2259 se

249 2271 384 2300 tecostcs,
408 2276 470 2296 cum
490 2272 614 2305 proditos
631 2280 680 2300 eos
706 2273 901 2302 Armeniorum
931 2276 1040 2310 fraude,

250 2314 301 2348 qui
327 2321 391 2341 cum
417 2316 484 2350 ipsis
506 2322 597 2350 erant,
625 2319 791 2348 debellasset
813 2326 896 2356 atque
918 2321 1040 2355 vicisset,

253 2360 547 2395 comprehenditillos,
570 2368 598 2391 et
620 2364 958 2394 interfecitAndronicum
979 2375 1042 2402 spa-

253 2403 376 2432 tharium
404 2410 432 2432 et
453 2408 640 2435 turmarcham
661 2417 777 2441 eorum,
803 2414 832 2437 et
858 2410 1041 2446 Theophilum

249 2451 442 2478 turmarcham
456 2456 540 2487 atque
557 2453 719 2489 Gregorium
733 2455 893 2491 episcopum
911 2457 1039 2492 Sinopaa;

251 2495 376 2530 reliquos
399 2505 465 2524 vero
489 2506 579 2526 rerum
601 2500 718 2534 jacturis
739 2506 767 2528 ct
789 2502 1041 2537 proscriptionibus

253 2542 387 2570 subdidit.
410 2544 498 2572 Porro
519 2546 593 2572 mille
620 2547 727 2574 vinctos
752 2549 891 2576 exercitus
918 2550 1040 2584 ipsorum

250 2587 407 2616 introduxit
433 2599 482 2625 per
503 2591 718 2620 Blachernarum
744 2599 851 2629 portam
872 2594 901 2622 in
932 2595 1039 2629 urbem,

241 2642 374 2669 ,quorum
388 2635 512 2665 faciebus
525 2642 680 2667 atramento
692 2644 720 2667 et
736 2640 934 2675 punctionibus
944 2649 1042 2677 supra.

250 2681 364 2716 scripsit
379 2691 386 2709 :
406 2683 578 2711 Armeniaca:
594 2685 744 2713 insidiator.
765 2686 898 2721 Dispersit
909 2694 957 2714 eos
971 2705 974 2707 -
987 2692 1041 2715 tam

251 2727 281 2755 in
295 2727 418 2756 Siciliam
437 2737 520 2764 quam
533 2731 561 2758 in
574 2735 688 2760 ceteras
702 2731 817 2759 insulas.
827 2732 949 2759 Armenii
962 2740 1040 2766 sane,

251 2773 413 2806 proditores
430 2783 537 2810 eorum,
558 2777 643 2804 nilah
667 2777 833 2812 imperatore
855 2778 970 2806 honoris
992 2787 1041 2807 seu

252 2817 428 2848 liberalitatis
448 2823 566 2851 assecuti
588 2829 708 2852 castrum
724 2824 878 2852 Camachan
904 2825 1042 2853 Arabibus

255 2865 436 2895 tradiderunt.

1092 2275 1210 2303 abscidit
1227 2283 1242 2302 a
1256 2275 1450 2303 communione
1467 2275 1572 2303 Tarasii
1588 2276 1764 2310 patriarchas,
1775 2284 1826 2312 pro
1851 2286 1887 2305 eo

1092 2320 1167 2356 quod
1182 2320 1377 2355 imperatorem
1390 2320 1419 2348 in
1444 2320 1668 2348 communionem
1686 2322 1836 2356 receperit,
1857 2327 1887 2350 et

1093 2366 1245 2394 institutori
1262 2366 1377 2393 tondere
1392 2374 1505 2393 uxorem
1529 2366 1589 2401 ejus
1603 2366 1727 2399 Mariam,
1740 2372 1769 2394 et
1781 2367 1886 2396 Josenh

1093 2411 1229 2439 monacho
1237 2415 1265 2438 et
1277 2410 1371 2437 abbati
1379 2410 1538 2438 monasterii
1555 2409 1629 2445 quod
1642 2411 1797 2445 appellatur
1813 2411 1888 2438 Tau-

1092 2457 1204 2484 chatara
1216 2463 1349 2483 coronare
1374 2463 1437 2482 eum
1457 2463 1520 2482 cum
1544 2454 1686 2482 Theodote
1709 2457 1884 2490 prazccperit.

1091 2503 1170 2536 Quod
1189 2510 1251 2530 cum
1278 2502 1422 2529 didicisset
1450 2501 1612 2536 imperator,
1641 2501 1724 2528 misso
1746 2501 1887 2528 Dardanio

1092 2549 1209 2584 patricio
1236 2552 1265 2576 et
1296 2547 1452 2575 scholarum
1479 2547 1643 2579 domestico,
1669 2551 1751 2582 atque
1776 2547 1886 2574 Joanne

1091 2595 1192 2623 comite
1205 2594 1348 2629 Obsequii,
1364 2594 1505 2621 Platonem
1520 2593 1673 2620 introduxit
1690 2593 1718 2620 in
1732 2593 1841 2625 urbem,
1857 2598 1886 2620 et

1093 2640 1206 2669 reclusit
1222 2641 1293 2667 intra
1319 2640 1440 2667 claustra
1462 2639 1490 2666 in
1507 2639 1608 2674 templo
1625 2638 1759 2674 principis
1776 2638 1885 2666 militis

1091 2686 1164 2722 quod
1176 2691 1219 2714 est
1241 2686 1269 2713 in
1293 2685 1406 2720 palatio.
1422 2684 1553 2720 Reliquos
1573 2693 1641 2712 vero
1656 2684 1808 2712 monachos
1819 2693 1884 2712 eum

1091 2733 1239 2767 nepotibus
1261 2732 1322 2767 ejus
1351 2739 1497 2767 percussos
1526 2731 1624 2759 exsilio
1653 2730 1787 2766 relegavit
1808 2731 1883 2766 apud

1093 2778 1338 2810 Thessalonicam;
1362 2777 1464 2812 quibus
1484 2776 1668 2804 auxiliabatnr
1684 2781 1771 2803 mater
1791 2776 1883 2812 impe-

1094 2823 1202 2856 ratoris,
1231 2829 1360 2858 tanquam
1386 2822 1430 2851 his
1458 2822 1504 2858 qui
1531 2822 1586 2850 ﬁlio
1602 2830 1651 2850 suo
1672 2821 1839 2850 resistebant
1855 2827 1883 2849 ct

1093 2869 1308 2898 confundebant.
