2052 3153
118 151 194 185 1405

531 135 718 184 HISTORIA
736 154 1034 186 ECCLESIASTICA
1052 156 1104 186 EX
1123 156 1365 188 THEOPHANE.

1691 159 1760 193 ιιεεϐ

154 207 242 234 Anno
265 213 332 234 vero
357 205 469 241 imperii
495 208 537 234 sui
563 208 700 243 septimo,
729 216 824 236 mense
853 217 918 236 vero
935 213 956 241 Α
971 214 1032 237 rent
1046 213 1128 245 atque
1144 211 1343 238 conﬁterentur
1369 212 1442 247 quod
1457 217 1572 248 propter
1585 213 1761 250 imperatoris

115 252 310 288 Septembrio,
337 259 464 288 egressus
490 257 532 280 cst
558 253 707 288 imperator
736 262 799 281 cum
828 260 915 282 matre

114 309 180 334 sua,
206 305 238 328 ut
266 301 405 329 calefieret
431 302 503 337 apud
534 301 660 330 Prusam.
687 301 819 328 Octobrio
848 309 915 328 vero

114 355 219 375 mense
233 353 312 375 natus
328 353 370 375 est
385 347 544 382 imperatori
560 347 643 380 ﬁlius,
663 355 746 382 quem
761 347 916 374 nominavit

115 395 255 423 Leonem.
272 394 336 427 Quae
349 402 411 422 cum
425 394 599 430 cognovisset
611 393 770 429 imperator,
785 393 914 421 derelicta

114 447 213 468 matre
239 441 311 475 apud
334 441 477 479 .Thermas
488 449 541 468 una
567 448 630 468 cum
648 440 744 468 ordine
760 440 835 475 regio
851 440 915 467 uni-

112 495 202 515 verso
215 491 297 522 atque
310 487 484 522 principibus
499 487 601 514 cursim
623 487 650 514 in
661 487 758 514 urbem
773 494 915 522 regressus

113 537 170 561 est.
187 533 364 568 Quapropter
376 533 458 568 hujus
468 538 555 560 mater
570 533 658 568 spatio
673 538 784 568 reperto
796 532 915 560 allocuta

113 583 158 607 est
182 584 215 606 ct
243 579 381 607 subtraxit
404 579 568 607 muneribus
599 587 631 607 ac
653 579 915 614 repromissionibus

114 626 262 660 agminum
276 625 425 660 principes.
441 629 471 652 ut
487 626 674 660 deponeretur
701 625 774 653 ﬁlius
799 633 866 653 suus
886 629 915 652 et

114 673 177 707 ipsa
210 672 389 707 singulariter
410 673 569 707 imperaret.
602 673 672 699 alios
691 672 790 699 horum
815 679 864 706 per
885 679 914 700 se

114 717 221 752 ipsam,
240 717 308 744 alios
325 725 391 744 vero
404 725 453 752 per
479 717 607 744 homines
629 724 695 745 suos
713 716 868 744 blandiens.
881 717 914 744 Et

112 763 236 790 attraxit
253 763 287 791 ad
306 771 335 790 se
361 771 468 795 omnes,
485 767 514 791 et
530 763 742 798 prmstolabatur
761 770 915 798 congruum

113 809 249 837 invenire
274 809 361 837 diem.
389 809 498 837 Interea
529 809 623 837 Rmme
651 809 772 836 obeunte
795 809 915 836 Adriano

113 863 187 891 papa
201 860 383 883 consecratur
401 855 468 888 Leo,
485 856 528 883 vir
543 855 805 883 bonorabilissimus
823 859 851 882 ct
865 862 915 889 per

111 901 212 929 omnia
227 901 408 929 reverendus.
423 901 517 929 Mense
539 908 604 928 vero
620 901 717 928 Martio
731 901 816 928 exivit
829 901 915 935 impe—

112 952 194 976 rator
213 936 349 976 adversds
372 947 488 981 Arabes,
503 955 596 975 secum
612 947 718 975 habens
740 947 914 974 Stauracium

112 994 269 1029 patricium
286 998 314 1022 et
331 998 445 1022 caeteros
467 994 570 1021 amicos
595 994 692 1021 matris
716 1001 783 1024 suae,
805 1001 914 1021 necnon

112 1045 141 1068 et
156 1041 280 1068 electam
307 1044 446 1068 catervam
469 1039 660 1074 expeditorum
685 1039 816 1067 videlicet
840 1039 915 1066 mili-

112 1093 175 1114 tum
200 1095 235 1114 ex
252 1087 397 1122 utriusque
426 1087 604 1118 thematibus,
628 1085 726 1121 viginti
755 1085 851 1113 millia.
866 1085 915 1112 Vi-

112 1132 218 1160 dentes
231 1132 259 1159 hi
272 1132 320 1167 qui
338 1133 412 1160 circa
432 1132 607 1160 Stauracium
633 1137 713 1160 erant
742 1133 914 1161 alacritatem

112 1177 215 1213 populi
246 1181 274 1204 et
300 1176 487 1211 imperatoris,
518 1177 671 1205 timuerunt
691 1185 726 1205 ne
753 1177 825 1205 forte
841 1177 914 1206 bello

113 1222 188 1251 inito
208 1222 253 1249 ille
271 1222 395 1249 vinceret
409 1227 438 1249 et
456 1222 507 1257 ipsi
529 1222 687 1250 adinventis
707 1222 913 1250 adversuseum

113 1269 321 1298 frustrarentur
336 1268 455 1296 insidiis.
473 1269 545 1304 Ergo
562 1269 714 1296 muneratis
731 1268 834 1304 vigiliis
851 1276 913 1303 per.

114 1319 271 1342 suaserunt
292 1314 333 1341 cis
362 1314 484 1348 mentiri,
510 1314 682 1349 perhibendo
704 1314 856 1342 Saracenos
871 1314 915 1341 fu-

113 1361 203 1397 gisse.
219 1360 374 1396 Imperator
391 1360 484 1395 itaque
511 1360 628 1387 multum
644 1360 771 1387 tristatus
788 1359 914 1387 inefﬁcax

113 1408 216 1434 urbem
232 1407 371 1442 ingressus
380 1411 432 1437 est,
444 1411 471 1433 et
486 1406 616 1434 Kalendis
631 1406 709 1434 Maiis
723 1410 849 1434 mortuus
869 1409 914 1434 est

115 1453 195 1481 filius
212 1454 272 1488 ejus
304 1453 370 1486 Leo,
397 1456 425 1480 et
442 1452 512 1480 luxit
528 1460 591 1480 eum
614 1452 806 1479 vehementer.
826 1452 914 1480 Porro

114 1499 228 1527 decimo
244 1503 321 1527 sexto
337 1498 472 1526 Kalendas
484 1499 621 1534 Augustas
637 1498 671 1525 ab
688 1498 810 1532 equestri
827 1505 913 1533 agone

114 1546 149 1572 ad
175 1546 207 1573 S.
223 1545 339 1573 Mamam
358 1549 529 1578 transeunte,
553 1548 759 1572 transmearunt
779 1544 913 1573 adversus
927 1557 949 1586 α

114 1599 181 1619 eum
200 1590 494 1626 comprehendendum
511 1590 538 1617 bi
555 1591 602 1625 qui
616 1595 696 1618 erant
707 1598 741 1618 ex
757 1590 912 1624 ordinibus,

113 1645 188 1671 quos
215 1641 303 1664 mater
329 1636 506 1671 imperatoris
532 1635 623 1663 fuerat
645 1635 776 1664 allocuta.
792 1636 851 1669 Quo
868 1637 913 1664 ille

113 1683 229 1719 cognito
257 1683 286 1710 in
314 1682 492 1710 chelandium
522 1689 603 1709 suum
633 1682 774 1716 ingressus
799 1687 863 1714 est,
885 1686 914 1710 et

114 1729 300 1758 transmeavit
315 1729 349 1756 ad
362 1729 452 1765 Pylas,
465 1729 562 1756 volens
578 1728 613 1756 ad
626 1727 810 1755 Orientalium
820 1729 912 1756 thema

113 1776 277 1811 confugere.
297 1776 382 1803 Erant
406 1781 497 1803 autem
525 1783 589 1803 cum
618 1783 652 1802 eo
679 1779 708 1802 et
735 1775 832 1802 matris
857 1782 914 1803 sua

113 1823 210 1856 amici,
225 1831 295 1858 quos
305 1823 350 1850 ille
364 1823 405 1850 sic
418 1831 479 1850 esse
490 1822 601 1857 penitus
610 1822 764 1858 ignorabat.
776 1822 912 1851 Praeterea

113 1869 203 1896 exivit
236 1868 296 1903 ipse
320 1872 349 1896 ct
375 1868 476 1896 mulier
501 1869 562 1904 ejus
583 1875 670 1903 usque
697 1868 731 1896 ad
758 1867 911 1895 Tritonem.

114 1915 204 1942 Porro
214 1914 330 1942 consilio
343 1914 411 1941 inito
425 1914 505 1941 amici
519 1914 615 1941 matris
624 1914 694 1949 ejus,
709 1914 756 1948 qui
772 1921 834 1941 cum
851 1913 913 1948 ipso

112 1964 207 1992 erant,
242 1960 373 1988 dixerunt
408 1960 443 1987 ad
470 1960 634 1994 semetipsos
657 1969 665 1987 :
686 1959 716 1988 Si
739 1965 912 1988 coacervata:

113 2007 197 2041 fuerit
210 2008 233 2033 ei
249 2005 370 2042 populus,
381 2013 433 2032 non
441 2005 501 2040 jam
510 2005 627 2032 dominio
644 2005 848 2040 constringetur,
866 2013 912 2032 nec

114 2052 200 2080 latere
214 2052 358 2088 poterimus
367 2059 436 2083 cum,
449 2055 473 2077 et
483 2054 572 2085 perdet
595 2060 652 2078 nos.
671 2052 812 2086 Materque
825 2050 912 2086 ipsius

112 2097 291 2133 congregatis
315 2097 343 2124 in
359 2096 462 2131 palatio
476 2096 628 2124 Eleutherii
641 2097 682 2124 eis
693 2097 740 2131 qui
755 2105 789 2124 ex
803 2097 912 2124 ordini-

111 2143 168 2171 bus
191 2143 244 2171 sibi
274 2142 384 2170 fuerant
414 2142 693 2175 collocuti,introivit
719 2143 862 2178 palatium,
883 2147 912 2170 et

113 2197 178 2217 cum
192 2189 336 2217 didicisset
350 2189 443 2224 populi
458 2189 492 2216 ad
522 2189 716 2224 imperatorem
731 2197 911 2222 concursum,

113 2233 208 2261 timuit
221 2233 315 2266 nimis,
331 2239 359 2261 et
373 2233 508 2261 tractabat
523 2234 642 2269 qualiter
659 2234 781 2261 mitteret
800 2234 909 2269 episco-
926 2228 948 2255 D

112 2287 163 2314 pos
175 2279 207 2306 ad
222 2287 285 2306 eum
300 2283 328 2306 et
341 2280 480 2314 acciperet
499 2280 614 2307 verbum
640 2284 668 2308 et
683 2280 796 2308 sederet
811 2280 839 2308 in
858 2288 909 2308 an-

113 2325 189 2359 gulo.
203 2324 305 2352 Verum
322 2324 433 2359 scripsit
449 2325 556 2352 occulte
587 2325 620 2352 ad
641 2326 745 2354 amicos
765 2334 840 2358 suos,
861 2325 910 2362 qui

113 2377 178 2396 cum
198 2376 230 2396 eo
242 2373 332 2400 erant,
346 2369 409 2403 quia
422 2369 480 2396 Nisi
492 2370 603 2397 modum
618 2371 770 2403 quemlibet
789 2371 912 2398 feceritis

113 2420 142 2443 ct
169 2414 337 2442 tradideritis
363 2422 438 2446 eum,
455 2414 538 2442 verba
560 2423 620 2449 qua:
645 2415 785 2443 habebitis
801 2424 910 2443 mecum

114 2461 238 2489 indicare
251 2461 339 2489 habeo
354 2460 525 2496 imperatori.
539 2460 574 2487 At
586 2461 625 2487 illi
640 2465 797 2488 meteuntes
808 2465 911 2490 tenue—

115 2513 254 2536 runteum
269 2507 303 2535 ad
331 2515 438 2543 preces,
453 2512 482 2535 et
505 2507 533 2534 in
556 2507 733 2535 chelandium
751 2508 864 2536 inducto
875 2516 909 2537 eo
924 2514 930 2518 ‘

114 2553 235 2582 Sabbato
263 2562 344 2582 mane
364 2558 503 2582 venerunt
515 2554 549 2582 ad
566 2554 674 2587 urbem,
687 2559 714 2581 et
735 2554 909 2583 incluserunt

114 2608 177 2629 eum
198 2601 226 2628 in
250 2600 332 2628 domo
358 2608 509 2635 purpurea,
536 2601 564 2628 in
580 2608 634 2636 qua
651 2605 679 2628 et
705 2605 789 2628 natus
811 2606 864 2633 est,
881 2605 909 2628 et

115 2646 186 2674 circa
198 2646 295 2673 horam
311 2654 416 2674 nonam
428 2646 578 2674 crudeliter
590 2651 620 2674 et
633 2646 825 2674 insanabiliter
840 2655 907 2674 ocu-

115 2691 156 2720 los
178 2693 239 2728 ejus
263 2693 397 2724 evellunt,
425 2691 463 2719 ita
490 2696 521 2719 ut
549 2693 623 2720 hunc
636 2700 712 2719 mors
736 2692 909 2726 subsequens

115 2739 258 2766 confestim
278 2739 476 2774 exstingueret,
493 2738 609 2766 consilio
624 2739 719 2766 matris
732 2738 792 2774 ejus
802 2744 830 2766 ei
840 2746 908 2766 con-

116 2785 282 2813 siliariorum
302 2786 399 2820 ipsius.
417 2785 621 2813 Obtenebratus
633 2791 724 2813 autem
740 2790 783 2813 est
802 2786 842 2813 sol
857 2793 907 2820 per

117 2830 210 2859 decem
224 2835 370 2866 et'scptem
384 2832 455 2864 dies,
466 2836 494 2859 et
508 2839 564 2858 non
576 2830 653 2859 dedit
665 2832 755 2860 radios
771 2839 847 2865 suos,
869 2832 905 2860 ita

120 2881 148 2904 ut
161 2878 321 2907 abcrrarent
337 2886 420 2906 naves
451 2883 479 2906 et
501 2878 652 2911 ferrentur,
670 2886 819 2914 tunnesquc
831 2878 905 2906 dicc-

966 255 1117 283 cascitatem
1144 257 1183 284 sol
1206 257 1361 285 obcaecatus
1392 265 1457 286 suos
1486 259 1579 287 radios
1601 262 1759 289 retraxerit.

966 301 1000 328 Et
1014 302 1104 329 taliter
1117 302 1151 329 de
1167 307 1269 330 caetero
1295 303 1412 338 imperat
1442 304 1561 332 llcirene
1582 309 1671 333 mater
1689 307 1759 341 ejtts.

996 346 1100 374 Eodem
1125 348 1206 375 etiam
1229 355 1302 376 anno
1317 353 1345 376 et
1367 349 1460 377 Roma:
1473 350 1582 385 cognati
1602 351 1759 378 heataeme-

965 393 1196 422 ntorizeﬂadriani
1212 402 1288 429 papm
1299 400 1507 423 commoventes
1516 397 1646 431 populum
1657 398 1760 425 tuuml-

965 440 1035 467 tuati
1047 445 1113 468 sunt
1123 445 1219 468 contra
1232 441 1352 468 Leonem
1364 450 1473 476 papam,
1489 446 1518 470 et
1533 447 1659 471 tenentes
1676 451 1761 471 czeca-

965 490 1065 512 verunt
1076 492 1151 517 cum,
1162 493 1218 512 non
1231 489 1319 513 tamen
1335 487 1447 521 penitus
1474 487 1567 515 lumen
1583 488 1643 523 ejus
1655 489 1760 516 exstin-

965 538 1048 565 guere
1063 527 1222 565 potuerunt.
1238 531 1333 559 Atille
1347 532 1471 568 confugit
1484 534 1517 560 ad
1531 533 1659 562 Carolum
1676 533 1761 561 Fran-

966 585 1062 604 corum
1087 586 1190 613 regem,
1209 578 1255 613 qui
1273 579 1348 606 ultus
1369 584 1412 606 est
1437 580 1566 608 inimicos
1584 581 1645 616 ejus
1655 588 1759 613 amare,

965 627 992 651 et
1005 623 1104 650 iterum
1120 624 1244 651 restituit
1264 625 1342 652 illum
1368 625 1396 652 in
1411 625 1505 653 sedem
1518 633 1608 653 suam.
1621 626 1759 654 Caeterum

965 671 1053 697 vicem
1068 669 1168 698 Carolo
1182 678 1395 706 recompensans
1406 672 1551 700 coronavit
1565 672 1759 707 imperatorem

966 715 994 743 in
1011 715 1113 750 templo
1125 716 1153 744 S.
1166 716 1242 744 Petri
1261 718 1390 752 apostoli,
1404 725 1563 753 pertingens
1572 718 1657 746 oleoa
1668 718 1758 753 capite

966 769 1053 797 usque
1067 761 1102 788 ad
1131 762 1227 796 pedes,
1241 766 1269 789 et
1285 762 1462 790 circumdans
1485 763 1663 798 imperatoria
1681 767 1759 791 veste

965 812 1048 843 atque
1062 816 1175 840 corona,
1190 813 1289 836 octavo
1302 808 1439 836 Kalendas
1460 809 1605 837 Ianuarias
1629 809 1759 838 indictio-

965 855 1009 881 nis
1021 862 1110 882 nonae.
1126 854 1211 889 Igitur
1228 854 1362 882 Romanis
1374 855 1475 883 iterum
1500 855 1620 890 imperat
1640 855 1759 884 Hcirene

966 900 1045 928 annis
1061 901 1194 935 quinque.

1000 946 1080 974 Anno
1103 947 1196 981 itaque
1224 946 1332 982 imperii
1359 947 1402 975 sui
1428 947 1547 975 Heirene
1564 947 1665 982 primo,
1675 948 1702 975 id
1717 952 1759 976 est

966 999 1029 1020 cum
1046 992 1169 1021 secundo
1195 992 1332 1028 imperare
1347 993 1489 1028 coepisset,
1502 993 1648 1021 confestim
1663 994 1759 1029 dirigit

966 1038 1139 1066 Dorotheum
1154 1039 1340 1073 hegumcnum
1355 1039 1615 1075 Cbrysopolitanum
1639 1044 1668 1066 et
1687 1039 1759 1067 Con-

966 1085 1116 1113 stantinum
1129 1085 1370 1121 chartophylacem
1384 1086 1508 1113 ecclesiae
1529 1085 1633 1121 Magnae
1646 1085 1680 1113 ad
1694 1085 1760 1113 Abi-

965 1133 1073 1161 melech
1094 1137 1188 1167 partes
1210 1133 1391 1168 Cappadocia:
1429 1133 1645 1168 depopulantem
1674 1137 1758 1166 atque

965 1178 1272 1210 Galatiae,intercedens
1284 1185 1333 1212 pro
1344 1186 1426 1213 pace;
1443 1178 1516 1213 quod
1543 1182 1635 1206 tamen
1655 1177 1758 1204 factmn

964 1231 1020 1250 non
1042 1227 1094 1250 est.
1120 1223 1154 1250 Et
1174 1222 1306 1250 Octobrio
1337 1231 1432 1251 mense
1463 1223 1575 1258 quidam
1602 1222 1759 1250 rebellesin

965 1269 1091 1297 custodia
1102 1269 1202 1304 positis
1215 1270 1242 1296 in
1252 1270 1354 1304 palatio
1374 1269 1560 1304 Conthcrapia
1581 1268 1644 1296 filiis
1667 1268 1759 1303 impu-

965 1314 1073 1350 gnantis
1088 1314 1174 1342 Deum
1196 1314 1375 1342 Constantini
1395 1315 1427 1342 ad
1460 1315 1583 1350 Magnam
1610 1315 1759 1350 confugere

964 1360 1133 1394 persuadent
1147 1360 1305 1393 ecclesiam,
1328 1361 1407 1396 quasi
1429 1365 1555 1395 petentes
1580 1361 1758 1388 securitatem

964 1405 1161 1440 subsequentis
1189 1406 1380 1434 indemnitatis
1401 1414 1468 1439 sute,
1485 1411 1624 1441 quatenus
1641 1414 1691 1441 per
1703 1407 1758 1433 hu-

962 1451 1084 1487 jusmodi
1097 1452 1270 1480 occasionem
1291 1452 1466 1487 appellarent
1481 1459 1515 1479 ex
1534 1451 1576 1480 eis
1588 1460 1758 1487 quemquam

965 1497 1170 1532 imperatorem.
1184 1498 1219 1525 Et
1239 1498 1326 1526 multo
1349 1498 1451 1533 populo
1474 1497 1509 1526 ad
1525 1498 1670 1526 ecclesiam
1692 1506 1758 1526 con-

965 1547 1095 1570 currente
1112 1543 1251 1579 ingressus
1274 1548 1318 1571 est
1333 1543 1430 1570 Aetius
1449 1543 1595 1570 eunuchus
1608 1543 1754 1578 patricius,

965 1593 994 1616 et
1007 1589 1103 1617 eduxit
1129 1597 1178 1617 eos
1202 1589 1299 1622 verbo,
1314 1590 1427 1618 nemine
1438 1589 1471 1617 ad
1489 1589 1551 1617 illos
1572 1589 1714 1622 tendente,
1730 1594 1760 1617 et

963 1634 1061 1662 exsilio
1076 1634 1278 1662 damnaverunt
1293 1643 1341 1662 eos
1356 1635 1428 1669 apud
1440 1635 1572 1662 Athenas.
1590 1635 1649 1662 Duo
1663 1640 1757 1663 autem

964 1679 1085 1714 patricii,
1105 1679 1268 1708 Stauracius
1294 1680 1402 1708 scilicet
1429 1685 1458 1708 et
1471 1680 1579 1713 Aetius,
1597 1681 1646 1715 qui
1661 1681 1755 1708 dilecti

963 1732 1024 1753 esse
1043 1726 1231 1754 noscebantur
1246 1726 1440 1761 imperatricis,
1463 1726 1528 1753 facti
1542 1726 1616 1760 [sunt
1632 1726 1660 1754 in
1674 1727 1759 1754 alter-

964 1775 1058 1798 utrum
1069 1772 1172 1804 hostes,
1189 1772 1227 1799 ita
1241 1772 1454 1799 utinimicitiam
1467 1772 1610 1799 manifeste
1619 1778 1757 1801 monstra-

964 1822 1036 1850 rent,
1050 1818 1130 1846 ambo
1139 1818 1327 1846 intentionem
1343 1818 1478 1846 habentes
1491 1822 1554 1852 post
1568 1823 1686 1847 mortem
1697 1819 1757 1855 ejus

965 1865 1089 1900 cognatis
1105 1865 1163 1892 suis
1175 1865 1320 1900 imperiutn
1333 1864 1507 1900 acquirendi.

998 1911 1078 1938 Anno
1097 1910 1206 1946 imperii
1219 1911 1338 1939 lleirene
1354 1912 1477 1940 secundo
1488 1912 1649 1941 Abimelecb
1671 1911 1757 1939 exivit

963 1961 1060 1984 contra
1082 1957 1256 1990 Romaniam,
1275 1961 1302 1984 et
1320 1957 1405 1985 misso
1426 1959 1618 1993 expeditorum
1642 1958 1757 1985 incursu

963 2003 1108 2031 descendit
1131 2011 1220 2038 usque
1245 2004 1279 2031 ad
1306 2004 1451 2039 Magalina.
1473 2009 1501 2032 et
1514 2012 1711 2040 praeoccupans
1727 2003 1755 2032 in

964 2050 1084 2077 stabulis
1115 2049 1254 2077 Stauracii
1282 2057 1370 2084 equos
1402 2050 1582 2085 imperatorio
1619 2049 1757 2085 equitatui

962 2102 1042 2132 aptos
1054 2096 1114 2124 sine
1125 2096 1236 2124 laesione
1252 2104 1380 2124 reversus
1390 2101 1433 2124 est
1447 2105 1455 2130 ;
1478 2101 1506 2124 et
1524 2096 1622 2131 reliqui
1640 2097 1759 2124 desceih

963 2143 1065 2170 derunt
1078 2150 1165 2178 usque
1192 2142 1317 2179 Lydiam,
1340 2147 1368 2171 et
1389 2136 1504 2171 multam
1531 2143 1672 2171 consecuti
1692 2146 1760 2170 sunt

962 2189 1092 2224 praedam.

998 2235 1095 2263 Mense
1120 2244 1187 2264 vero
1215 2235 1314 2264 Martio
1337 2236 1464 2271 septimae
1483 2235 1646 2263 indictionis
1666 2235 1756 2263 voluit

961 2281 1106 2308 Acamirus
1131 2281 1321 2308 Sclavinorum
1349 2281 1474 2308 Belzicis
1489 2281 1617 2315 princeps
1630 2281 1756 2315 pulsatus

961 2327 996 2355 ab
1014 2327 1160 2355 Helladieis
1171 2326 1291 2353 educere
1318 2326 1389 2353 ﬁlios
1410 2325 1595 2357 Constantini.
1613 2331 1641 2352 et
1664 2333 1698 2353 ex
1714 2326 1756 2353 eis

960 2379 1123 2406 promovere
1151 2371 1357 2405 imperatorem.
1376 2370 1444 2398 Cum
1468 2375 1560 2398 autent
1582 2371 1637 2398 hoc
1652 2379 1755 2407 cogno-

960 2417 1045 2443 visset
1076 2415 1236 2450 imperatrix
1264 2416 1394 2447 lleirene,
1425 2416 1512 2443 mittit
1538 2417 1574 2444 ad
1605 2417 1754 2451 patricium

959 2459 1168 2487 Constantinum
1180 2460 1408 2495 Serantapichum
1417 2461 1652 2496 Theophylactum
1669 2462 1756 2490 ﬁlium

960 2507 1031 2541 ejus,
1045 2505 1093 2540 qui
1107 2506 1264 2541 spatharius
1275 2510 1335 2533 erat
1351 2511 1380 2534 et
1394 2514 1481 2542 nepos
1489 2514 1568 2540 suus,
1584 2513 1612 2535 et
1627 2508 1759 2535 omnium

962 2551 1059 2579 oculos
1075 2551 1161 2584 eruit,
1171 2557 1199 2578 et
1211 2551 1357 2587 dissipavit
1379 2553 1528 2581 consilium
1549 2561 1646 2581 eorum
1659 2559 1761 2582 contra.

961 2604 990 2624 sc
1008 2597 1136 2631 nequiter
1161 2597 1351 2624 adinventum.
1369 2597 1454 2625 Porro
1469 2598 1609 2626 Paschalis
1622 2599 1758 2626 festivita-

962 2643 998 2671 tis
1025 2643 1094 2671 feria
1123 2643 1246 2671 secunda
1270 2645 1406 2679 processit
1433 2645 1598 2679 imperatrix
1614 2652 1629 2672 a
1652 2645 1760 2674 sanctis

961 2690 1094 2726 apostolis
1108 2690 1135 2717 in
1151 2698 1236 2718 curru
1250 2694 1347 2718 aurato
1354 2695 1442 2722 vecta,
1458 2691 1506 2725 qui
1522 2698 1535 2717 a
1545 2696 1665 2725 quatuor
1675 2691 1762 2725 equis

961 2738 1033 2766 albis
1048 2738 1209 2767 trahebatur
1225 2743 1252 2765 et
1283 2745 1297 2765 a
1320 2742 1440 2773 quatuor
1456 2737 1581 2772 patriciis
1597 2737 1756 2768 tenebatur.

962 2786 1088 2814 Bardano
1099 2785 1229 2814 videlicet
1241 2789 1360 2820 praetore
1385 2785 1611 2817 Thracesiorum,
1631 2784 1760 2812 Sisinnio

961 2834 1080 2866 pnetore
1105 2830 1230 2863 Thracaa,
1256 2831 1352 2859 Niceta
1372 2830 1525 2858 domestico
1548 2830 1706 2857 scholarum
1724 2836 1755 2857 et

960 2877 1140 2905 Constantino
1176 2876 1261 2909 Boila,
1288 2877 1395 2912 jactans
1423 2875 1576 2904 liberaliter
1601 2875 1749 2912 bypatiam.
