2052 3153
272 151 336 183 1:07

833 153 1034 185 ANASTASII
1053 153 1305 184 BIBLIOTHECA
1311 153 1367 183 RII

1847 151 1917 184 1403

273 209 365 236 Mense
377 216 445 237 vero
464 209 535 238 Maio
551 209 690 238 inllrmata
708 215 751 239 est
764 211 923 247 imperatrix
936 219 1007 247 pene
1029 211 1063 238 ad
1078 213 1102 242 Î‘
1115 209 1226 245 speria;
1240 218 1301 245 qua:
1322 209 1446 245 profecto
1461 209 1632 242 obaudisset,
1654 207 1709 236 nisi
1731 208 1828 236 Actius
1851 208 1916 241 istc,

275 260 410 287 mortem,
427 260 455 283 et
477 261 604 291 protenta
632 262 675 285 est
703 258 845 285 contentio
865 258 1068 285 cunuchorum.

277 303 376 330 Actius
403 308 495 331 autem
524 303 674 331 auxiliatus
700 308 742 331 est
772 304 875 332 Nicelre
903 304 1021 339 patricio
1044 309 1072 332 et

277 350 438 377 scholarum
454 350 618 384 domestico,
630 355 655 378 et
673 351 859 385 insequuntur
874 357 970 378 severe
991 349 1073 378 Slau-

277 396 396 429 racium,
406 396 521 424 credere
538 397 671 425 facientes
682 397 885 432 impcratricem
897 396 969 432 quod
985 397 1073 432 impe-

278 443 351 469 rium
368 447 519 478 appeteret,
548 443 586 470 ita
604 447 635 470 ut
653 443 785 470 atrociter
817 443 886 470 irata
913 442 964 475 illi,
978 450 1074 470 ascen-

278 488 349 515 dens
365 489 392 515 in
414 489 544 523 palatium
564 489 773 522 Tonchicrium,
795 488 897 516 dixerit
914 487 1075 516 rebellionis

279 539 309 562 et
318 535 467 563 simultatis
479 535 687 563 sollieitatorem
702 543 766 563 eum
779 542 852 567 esse,
868 538 896 562 et
908 535 959 562 sibi
976 535 1075 562 celeris

281 581 478 616 acquisitorem
492 581 666 617 perditionis.
681 580 733 614 Qui
745 581 777 608 ad
792 581 852 608 haec
863 580 988 616 apologia
1004 581 1075 608 facta

284 627 429 654 muniebat
452 635 482 655 se
504 627 605 663 ipsum;
641 627 800 655 lnsaniebat
825 618 917 654 autent
943 627 1077 655 adversus

282 672 392 700 Aetium
409 678 437 700 et
450 673 574 701 Nicelam
583 674 639 708 jam
650 673 741 700 dictos
751 673 895 708 patricios.

318 719 397 747 Anno
411 719 519 754 imperii
544 719 661 747 Heirene
688 719 782 751 tertio,
803 727 898 747 mense
914 719 1076 752 Februario,

283 766 436 793 indictione
456 770 566 799 octava,
589 765 643 801 jam
662 765 754 793 dictus
776 766 937 793 Slauracius
954 765 1078 801 tyranni-

284 814 347 841 dem
375 820 407 840 ac
427 813 595 840 simultatem
628 812 656 839 in
683 812 752 840 urbe
774 813 848 848 regia
876 813 1077 846 construebat;

284 859 447 890 seholarios,
462 859 508 894 qui
522 863 602 886 erant
615 859 643 886 in
659 866 702 891 ea,
715 863 744 886 et
756 859 933 887 excubitores
948 867 1002 886 una
1013 867 1077 887 cum

285 905 382 941 primis
396 912 491 932 eorum
509 905 635 940 pecuniis
651 913 684 932 ac
712 905 875 933 muneribus
890 913 1034 933 assumens
1048 912 1080 932 ac

285 952 409 986 placaris.
424 951 544 978 lleirenc
565 958 642 983 sane,
672 951 718 986 pia
745 951 916 986 imperatrix,
930 951 1040 979 silentio
1051 951 1079 979 in

285 996 434 1024 Iustiniani
467 996 587 1024 triclinio
615 996 687 1023 facto
715 996 860 1031 prohibuit
881 1004 1001 1029 omnem,
1032 997 1080 1032 qui

286 1042 429 1074 militaret,
447 1041 588 1069 adhaerere
616 1042 770 1074 Stauracio,
787 1047 814 1069 et
836 1043 877 1070 sic
896 1043 995 1078 adepta
1016 1047 1080 1071 sunt

287 1087 425 1114 modicam
441 1087 670 1122 tranquillitatem
688 1088 807 1122 negotia.
825 1087 921 1115 Actius
944 1095 1011 1115 vero
1024 1088 1080 1123 jam

289 1137 493 1161 memoratuset
507 1133 617 1160 Nicetas
631 1141 694 1160 cttm
705 1133 767 1160 aliis
777 1134 941 1169 quibusdam
954 1134 1080 1162 certatim

289 1179 507 1207 adversabantur
523 1179 676 1211 Stauracio,
699 1179 746 1215 qui
765 1179 847 1207 corde
863 1180 1007 1215 perculsus
1019 1187 1082 1208 san-

288 1225 399 1260 guinem
415 1232 465 1260 per
478 1232 510 1252 os
522 1224 616 1252 emisit
630 1232 791 1259 spumosum
804 1232 837 1252 ex
852 1225 975 1259 partibus
989 1228 1082 1260 pecto-

289 1271 328 1299 ris
353 1275 382 1298 et
408 1271 558 1305 pulmonis.
581 1271 639 1298 lloc
663 1270 765 1298 medici
778 1271 945 1306 aspicientes
965 1271 1081 1298 mortale

289 1317 549 1351 pronuntiaverunt.
572 1316 622 1344 Ast
644 1316 801 1344 adulatores
819 1322 847 1344 ct
873 1317 1005 1352 imperiti,
1025 1325 1081 1344 non

288 1362 378 1389 solum
391 1361 500 1395 medici,
512 1362 559 1390 scd
575 1366 603 1389 et
615 1362 726 1397 quidam
749 1363 983 1398 pseudomonachi
997 1367 1025 1391 et
1039 1363 1082 1391 di-

289 1407 358 1440 vini,
374 1408 540 1443 juramentis
565 1407 681 1436 credere
716 1414 915 1444 persuaserunt
935 1417 1023 1444 usque
1047 1408 1081 1436 ad

290 1453 364 1481 diem
381 1454 480 1480 mortis
493 1447 563 1488 ejus,
578 1462 638 1489 qua:
652 1454 723 1482 facta
735 1459 777 1482 est
792 1462 886 1482 mense
896 1453 980 1482 Junio
996 1454 1083 1490 ipsius

290 1504 394 1527 octava:
427 1500 599 1532 indictionis,
625 1500 699 1534 quod
727 1500 852 1527 victurus
871 1504 899 1528 et
918 1505 1083 1536 regnaturus

290 1550 374 1573 esset.
388 1545 494 1579 Quibus
520 1546 567 1573 ille
583 1542 693 1573 innixus
717 1546 881 1573 seditionem
895 1546 923 1573 in
941 1546 1084 1582 Cappado-

291 1589 343 1615 ciis
365 1589 521 1616 construxit
539 1590 672 1617 adversus
699 1590 807 1617 Actium
824 1590 893 1624 fieri,
920 1598 1002 1626 quain
1028 1599 1085 1619 non

292 1634 395 1661 meruit
422 1635 518 1662 vivens
544 1635 640 1662 audire
659 1643 666 1662 :
685 1641 748 1670 post
782 1636 853 1664 duos
878 1644 998 1672 namque
1025 1637 1085 1664 dies

294 1681 392 1711 mortis
417 1681 477 1716 ejus
504 1688 589 1716 super
608 1681 660 1709 hoc
680 1682 796 1709 nuntius
813 1682 900 1716 venit,
916 1686 944 1710 et
959 1683 1085 1711 seditiosi

292 1725 487 1760 comprehensi
518 1726 626 1754 exsiliis
657 1731 723 1754 sunt
747 1733 776 1755 et
797 1727 1085 1756 animadversionibus

292 1771 408 1799 subditi.

328 1818 408 1845 Anno
427 1818 536 1854 imperii
556 1819 674 1848 lleirene
700 1825 809 1856 quarto,
835 1826 933 1849 octavo
951 1821 1086 1850 Kalendas

292 1863 448 1897 Januarias,
472 1865 632 1894 indictionis
657 1875 747 1899 nume,
767 1867 882 1895 Car-olus
898 1876 944 1895 rex
967 1868 1087 1896 Franco-

295 1917 356 1936 rum
367 1916 517 1939 coronatus
538 1917 579 1940 est
592 1921 607 1940 a
623 1913 716 1940 Leone
730 1921 810 1948 papa,
825 1917 854 1941 et
874 1921 943 1940 cum.
954 1913 1086 1942 voluisset

292 1960 390 1982 contra
404 1955 527 1984 Siciliam
542 1958 678 1986 classibus
690 1959 820 1994 pra-liari,
833 1967 861 1987 se
868 1959 1010 1995 paenituit,
1021 1967 1086 1987 con-

291 2000 369 2036 jungi
390 2003 483 2037 potius
498 2011 561 2031 cum
579 2004 698 2032 Heirene
716 2005 822 2038 volens,
845 2005 944 2041 legatis
972 2006 1005 2033 ad
1033 2005 1087 2034 hoc

293 2048 409 2077 directis
432 2051 559 2085 sequenti
582 2058 665 2084 anno,
684 2052 835 2079 indictione
853 2052 971 2080 decima.
988 2052 1085 2080 Martio

293 2101 361 2121 vero
373 2102 467 2122 mense
485 2103 565 2123 nona:
574 2097 733 2125 indictionis
741 2098 859 2125 Hcirene
874 2098 917 2133 pia
926 2098 1086 2133 imperatrix

294 2138 434 2173 Byzantiis
448 2140 541 2167 civilia
556 2141 670 2168 donavit
684 2142 799 2175 tributa,
817 2142 961 2178 Abydiqne
980 2151 1012 2171 ac
1024 2145 1086 2172 llic-

295 2183 330 2211 rii
346 2192 378 2211 ea
399 2192 460 2219 qum
476 2185 607 2213 dicuntur
626 2188 791 2215 commercia
816 2189 958 2222 relevavit,
979 2191 1086 2225 magnis

1122 257 1168 292 qui
1187 264 1257 292 smpe
1272 256 1363 284 dictus
1381 262 1433 290 est,
1457 256 1634 288 inhibuisset,
1649 255 1801 292 praevalens
1813 259 1842 283 et
1862 255 1920 282 im-

1123 302 1231 338 perium
1252 303 1280 330 in
1296 303 1451 338 proprium,
1467 303 1540 330 sicut
1554 302 1717 338 praedictum
1734 306 1788 336 est,
1801 301 1918 329 fratrem

1123 356 1174 376 usu
1180 357 1271 384 rpans.

1160 393 1292 428 Sequenti
1320 397 1413 420 autem
1440 401 1523 426 anno,
1543 393 1592 428 qui
1612 399 1654 421 est
1672 394 1780 430 primus
1806 394 1919 431 imperii

1125 438 1290 474 Nicephori,
1307 439 1396 474 pridie
1407 439 1543 466 Kalendas
1561 439 1742 467 Novembrias
1758 440 1920 469 indictionis

1125 484 1290 516 undecima,
1303 489 1402 519 quarta
1420 484 1510 511 noctis
1527 484 1605 517 hora,
1620 492 1682 512 cum
1705 485 1772 513 feria
1793 487 1918 514 secunda

1124 531 1250 564 lucescit,
1268 530 1341 558 idem
1363 530 1536 565 Nicephorus
1558 538 1621 558 cum
1646 531 1779 566 patricius
1802 537 1878 560 esset
1891 538 1921 561 et

1125 575 1265 611 logotbeta
1279 575 1426 611 generalis,
1440 575 1613 611 tyrannidem
1624 576 1757 604 adversus
1772 568 1920 604 lleirenenl

1125 621 1278 657 piissimam
1298 621 1459 654 concitavit,
1474 621 1532 649 Deo
1547 621 1660 657 quidem
1682 622 1869 650 inelfabilibus
1884 623 1922 651 ob

1126 671 1285 695 nostrorum
1310 667 1518 695 multitudinem
1544 671 1721 703 peccatorum
1739 668 1854 703 judiciis
1876 669 1923 696 in-

1126 713 1269 748 dulgente,
1287 713 1501 748 cooperantibus
1520 713 1545 740 ei
1570 713 1666 741 Niceta
1686 713 1803 749 patricio
1821 718 1852 741 et
1870 714 1923 742 doâ€”

1127 758 1243 786 mestico
1268 758 1446 791 scholarum,
1476 763 1506 786 et
1532 757 1655 786 Sisinnio
1687 757 1803 794 patricio
1835 758 1924 787 fratre

1129 804 1228 840 ipsius,
1248 803 1317 834 viris
1342 804 1464 840 perjuris
1488 811 1521 832 ac
1551 803 1736 832 fraudulentis
1758 804 1924 840 Triphyliis.

1128 851 1215 879 Erant
1230 855 1323 878 autem
1338 857 1402 878 eum
1422 849 1477 878 illis
1493 854 1522 878 et
1538 849 1594 878 Leo
1612 850 1745 886 patricius
1761 850 1927 886 Serantapi-

1129 897 1209 931 chus,
1224 902 1252 926 et
1275 897 1426 933 Gregorius
1450 897 1587 932 patricius
1608 896 1764 930 Musulacii,
1785 901 1814 924 et
1830 897 1927 925 Theo-

1130 945 1229 973 ctistus
1256 944 1389 980 patricius
1409 949 1438 972 et
1457 949 1588 979 qumstor,
1613 948 1695 978 atque
1712 943 1813 971 Petrus
1837 943 1929 979 patri-

1131 991 1202 1022 cius,
1220 990 1387 1018 seducentes
1405 989 1540 1025 quosdam
1555 996 1590 1017 ex
1602 989 1715 1024 populo,
1729 988 1777 1024 qui
1795 994 1878 1017 erant
1891 998 1927 1017 ex

1131 1035 1286 1063 ordinibus.
1304 1035 1430 1070 Cumque
1445 1035 1587 1063 venissent
1603 1035 1637 1062 ad
1654 1039 1761 1070 portam
1775 1043 1839 1070 quae
1853 1035 1929 1063 dicta

1131 1085 1174 1109 cst
1187 1081 1298 1115 Chalce,
1311 1081 1496 1116 custodesque
1509 1081 1578 1108 falso
1588 1088 1620 1108 ac
1631 1081 1722 1108 subito
1738 1081 1928 1117 decepissent,

1132 1132 1330 1162 persuaserunt
1349 1127 1391 1155 eis
1404 1131 1435 1155 ut
1447 1127 1593 1155 crederent
1606 1127 1680 1162 quod
1695 1127 1730 1155 ab
1747 1127 1805 1162 ipsa
1823 1127 1929 1155 fuerint

1131 1173 1273 1206 destinati,
1301 1178 1439 1209 quatenus
1468 1174 1663 1208 imperatorem
1691 1174 1820 1201 eumdem
1846 1174 1930 1202 Niceâ€”

1131 1220 1250 1255 phorum
1267 1220 1450 1255 appellarent,
1466 1227 1500 1247 eo
1515 1219 1589 1254 quod
1611 1219 1707 1247 Aetius
1723 1219 1858 1255 patricius
1872 1219 1927 1247 sibi

1132 1265 1189 1292 vim
1212 1266 1328 1293 inferret
1351 1266 1385 1294 ad
1413 1266 1634 1294 annuntiandum
1662 1266 1785 1294 Leonem
1813 1266 1927 1294 fratrem

1132 1319 1213 1339 suum
1226 1312 1432 1347 imperatorem.
1448 1312 1500 1346 Qui
1516 1312 1660 1340 mendacio
1676 1316 1753 1341 tanto
1768 1313 1927 1346 credentes,

1133 1358 1327 1393 imperatorem
1343 1359 1448 1394 pariter
1459 1359 1711 1394 pronuntiaverunt
1725 1367 1789 1387 eum
1807 1359 1856 1395 qui
1869 1364 1930 1387 erat
1952 1382 1954 1385 .

1133 1408 1276 1440 tyrannus.
1292 1404 1397 1432 Taliter
1414 1412 1481 1440 ergo
1494 1405 1527 1432 ad
1547 1413 1676 1440 magnum
1692 1405 1823 1440 palatium
1839 1405 1927 1433 iidem

1132 1450 1243 1486 patricii
1256 1451 1400 1478 venientes
1419 1451 1535 1486 ingressi
1553 1456 1619 1479 sunt
1639 1451 1717 1485 illud,
1740 1451 1864 1487 indeque
1880 1460 1932 1488 per

1134 1499 1219 1522 totam
1230 1496 1327 1524 urbem
1351 1496 1488 1532 ignobiles
1502 1500 1530 1524 et
1556 1504 1652 1524 servos
1666 1497 1819 1532 dirigentes
1838 1498 1934 1525 accla-

1097 1559 1120 1590 c
1135 1544 1284 1571 mationem
1301 1543 1428 1572 fecerunt
1442 1549 1506 1572 ante
1520 1544 1641 1572 mediam
1655 1550 1777 1578 noctem,
1793 1550 1822 1572 et
1835 1550 1936 1573 custo-

1136 1590 1186 1617 des
1208 1590 1236 1617 in
1265 1590 1384 1619 circuitu
1414 1591 1528 1626 palatii,
1554 1591 1628 1626 quod
1659 1590 1750 1618 Tcntu
1774 1591 1934 1619 Eleutherii

1135 1641 1323 1671 nuncupatur,
1339 1642 1502 1672 posuerunt,
1519 1637 1565 1665 ubi
1581 1645 1640 1665 eam
1659 1637 1774 1672 contigit
1793 1645 1867 1665 esse.
1885 1637 1937 1665 Di-

1135 1681 1229 1709 luculo
1247 1689 1313 1709 sane
1330 1682 1514 1710 accersientes
1535 1690 1594 1710 eam
1609 1683 1809 1711 concluserunt
1827 1683 1856 1710 in
1872 1691 1936 1710 ma-

1133 1727 1187 1762 jori
1202 1727 1313 1762 palatio,
1328 1731 1353 1755 et
1371 1728 1408 1755 ita
1429 1733 1625 1764 processerunt
1644 1728 1678 1756 ad
1696 1728 1822 1764 Magnam
1839 1729 1936 1757 eccle-

1136 1771 1204 1799 siam
1225 1772 1258 1799 ad
1279 1772 1470 1799 coronandum
1484 1773 1644 1800 scelestum.
1669 1772 1806 1800 Convenit
1824 1773 1935 1801 interea

1136 1817 1264 1845 universa
1281 1818 1430 1846 multitudo
1450 1819 1537 1849 urbis.
1552 1825 1581 1847 et
1598 1826 1695 1846 omnes
1707 1812 1792 1854 super
1807 1819 1852 1847 his
1871 1827 1936 1855 qua

1136 1863 1286 1898 agebantur
1298 1863 1411 1891 moleste
1423 1864 1559 1898 ferebant,
1575 1864 1772 1892 maledicentes
1782 1865 1934 1893 coronanti

1135 1913 1163 1937 et
1173 1909 1330 1937 coronando
1340 1911 1502 1946 cunctisque
1513 1910 1769 1946 congratulantibus
1776 1910 1866 1939 eis.Et
1874 1911 1937 1946 qni-

1137 1955 1199 1983 dcm
1215 1963 1278 1984 cum
1291 1956 1425 1992 religione
1435 1964 1468 1984 ac
1483 1957 1589 1984 ratione
1605 1957 1729 1985 viventes
1738 1956 1867 1984 divinum
1880 1957 1935 1984 mi-

1137 2001 1268 2029 rabantur
1279 2001 1549 2038 judicium,qualiter
1561 2010 1621 2030 eam
1634 2003 1873 2038 permiserit,qua
1884 2011 1935 2039 pro

1138 2053 1213 2075 recta
1227 2047 1279 2075 fide
1289 2056 1366 2076 more
1389 2053 1541 2084 martyrum
1566 2048 1794 2084 agonizaverat,a
1814 2049 1935 2077 subulco

1136 2094 1249 2128 expelli,
1267 2094 1421 2129 praesertim
1440 2102 1503 2122 cum
1520 2095 1547 2122 ei
1568 2094 1738 2122 devotissimi
1754 2095 1816 2130 ejus
1835 2095 1936 2130 praci-

1137 2147 1191 2175 pue
1208 2140 1351 2168 adhaerere
1367 2145 1480 2176 propter
1492 2141 1636 2168 avaritiam
1653 2141 1863 2176 proposuerint,
1877 2141 1934 2169 Leo

1137 2186 1245 2214 scilicet
1265 2187 1422 2219 eunuchus,
1434 2187 1569 2222 patricius
1583 2192 1611 2215 et
1621 2187 1781 2215 sacellarius
1794 2187 1934 2222 Sinopeos

295 2237 378 2265 super
393 2230 437 2258 his
450 2236 479 2259 et
489 2231 551 2259 aliis
565 2233 659 2261 multis
672 2233 816 2262 beneï¬ciis
831 2235 980 2270 gratiarum
991 2238 1086 2265 â€™actio-
1102 2231 1124 2260 D
1139 2237 1166 2260 et
1176 2233 1233 2260 Deo
1245 2233 1337 2268 perosi
1358 2233 1493 2270 Triphylii
1506 2239 1590 2269 atque
1603 2234 1724 2269 patricii.
1737 2235 1785 2269 qui
1800 2235 1935 2270 superius

295 2276 380 2303 nibus
389 2275 470 2305 freta.

329 2321 410 2349 Anno
434 2322 542 2357 imperii
571 2323 688 2352 Heirene
711 2325 810 2360 quittto
836 2326 932 2355 Aetius
954 2327 1086 2363 patricius

293 2367 366 2395 liber
379 2376 394 2396 a
410 2368 553 2397 Stauracio
569 2370 669 2404 factus,
685 2376 714 2399 et
728 2371 791 2400 ideo
804 2373 952 2401 securitate
970 2374 1085 2410 potitus,

295 2414 445 2449 imperium
473 2416 506 2443 ad
530 2416 643 2444 fratrem
671 2418 814 2453 proprium
842 2419 991 2448 transferre
1013 2424 1086 2447 sata-

295 2460 386 2495 gebat,
403 2469 485 2496 quem
501 2466 530 2490 et
551 2467 785 2499 monostrategum
802 2465 868 2492 fecit
885 2465 912 2493 in
927 2465 1034 2494 Thrace
1048 2465 1087 2494 si-

295 2506 354 2532 mul
365 2509 395 2533 et
414 2506 584 2540 Macedonia,
606 2508 664 2542 ipse
679 2509 813 2536 ulteriora
838 2510 960 2538 themata
977 2516 1085 2544 tenens,

295 2551 453 2580 Orientales
476 2553 584 2580 scilicet
601 2558 629 2581 et
647 2553 771 2589 Opsicin.
786 2555 856 2583 Cum
883 2563 949 2591 ergo
967 2556 1087 2585 elatione

296 2598 417 2626 refertus
432 2603 515 2632 esset,
526 2607 575 2627 eos
587 2600 735 2636 principes,
746 2602 793 2636 qui
809 2602 983 2630 sublimiores
997 2607 1086 2637 erant,

296 2644 483 2673 dehonestans
506 2653 557 2680 pro
583 2646 672 2674 nihilo
703 2647 858 2682 reputabat,
880 2648 927 2684 qui
951 2653 980 2676 et
1008 2649 1087 2678 valde

296 2691 388 2720 moesti
407 2692 539 2720 adversus
554 2700 602 2721 eos
620 2693 722 2727 eï¬‚'ecti,
741 2694 907 2722 simultatem
923 2700 1018 2724 contra
1036 2695 1088 2723 im-

297 2737 464 2772 peratricem
489 2738 665 2772 meditantes,
695 2739 767 2767 hanc
785 2739 814 2767 in
843 2746 912 2774 opus
936 2740 1086 2768 duxerunt.

297 2783 489 2811 Perveneram
507 2788 599 2812 autem
614 2785 786 2820 apocrisiarii
800 2793 815 2812 a
830 2785 928 2813 Carolo
944 2790 972 2813 et
995 2786 1087 2814 Leone

297 2835 367 2863 papa
384 2829 482 2857 directi
510 2831 542 2858 ad
567 2830 713 2860 llcirenem
731 2831 893 2867 piissimam,
915 2832 1088 2867 postulantes

298 2877 328 2900 ut
339 2873 502 2910 iungeretur
518 2877 556 2905 illi
587 2877 619 2905 ad
635 2878 745 2913 nuptias
761 2883 788 2906 et
805 2877 898 2907 unirct
919 2886 970 2907 eoa
986 2883 1014 2907 ct
1036 2879 1085 2907 he-

1138 2278 1205 2306 dicti
1220 2284 1295 2311 sunt,
1312 2279 1359 2315 qui
1371 2280 1451 2308 donis
1465 2280 1592 2315 plurimis
1602 2280 1637 2307 ab
1652 2280 1698 2307 illa
1713 2280 1792 2308 ditati
1812 2286 1892 2314 sunt,
1907 2286 1935 2309 et

1137 2332 1200 2352 cum
1212 2332 1244 2352 ea
1268 2333 1341 2358 srepe
1360 2330 1568 2360 eonvescentes,
1588 2330 1617 2354 et
1640 2326 1848 2354 adulationibus
1868 2335 1931 2355 cum

1135 2371 1302 2407 juramentis
1315 2372 1499 2400 horribilibus
1511 2377 1615 2400 certam
1629 2372 1788 2405 reddentes.
1801 2374 1933 2401 omnibus

1138 2418 1233 2446 mundi
1262 2418 1347 2446 rebus
1378 2426 1408 2446 se
1432 2419 1649 2447 uecessariorem
1674 2424 1824 2454 reputare,
1847 2427 1931 2455 quam

1138 2464 1274 2492 haberent
1296 2472 1361 2500 erga
1385 2465 1460 2492 illam
1473 2484 1480 2497 ,
1502 2464 1722 2492 benevolentiam
1743 2464 1929 2493 afï¬rmabant.

1137 2509 1191 2537 Alii
1207 2514 1299 2537 autem
1317 2514 1348 2537 ut
1370 2509 1398 2536 in
1421 2509 1520 2537 ecstasi
1546 2508 1622 2540 facti,
1647 2513 1786 2544 gestorum
1811 2510 1930 2536 certitu-

1138 2556 1230 2584 dinem
1249 2556 1348 2583 horum
1364 2556 1478 2583 minime
1499 2555 1661 2587 sentientes,
1677 2554 1816 2582 somnium
1839 2562 1870 2582 se
1890 2556 1932 2583 vi-

1137 2602 1202 2630 dere
1213 2602 1357 2638 putabant.
1371 2601 1424 2629 Alii
1437 2606 1540 2634 autem,
1552 2601 1599 2636 qui
1608 2601 1741 2628 duntaxat
1755 2602 1931 2636 perpendere

1137 2649 1208 2676 bene
1222 2649 1358 2682 sciebant,
1372 2648 1540 2684 praeteritam
1557 2647 1717 2675 felicitatem
1734 2647 1931 2675 beatiï¬cabant

1137 2699 1166 2722 et
1179 2694 1299 2723 futuram
1315 2703 1365 2730 per
1384 2694 1557 2731 tyrannidem
1574 2693 1764 2722 infelicitatem
1786 2693 1930 2729 lugebant,

1137 2740 1255 2768 maxime
1282 2741 1311 2769 bi
1326 2741 1374 2776 qui
1399 2741 1513 2776 maligni
1528 2740 1586 2768 voti
1600 2740 1707 2775 tyranni
1729 2739 1929 2774 experientiam

1137 2787 1284 2821 quamdam
1301 2791 1365 2814 ante
1382 2789 1572 2822 perceperant.
1594 2785 1681 2813 Porro
1695 2784 1842 2812 universos
1855 2791 1931 2812 com-

1139 2833 1260 2860 muniter
1286 2832 1447 2867 possidebat
1479 2832 1568 2867 caligo
1589 2836 1618 2859 et
1647 2831 1708 2859 sine
1739 2829 1929 2858 consolatione

1138 2878 1238 2907 utentis
1255 2879 1386 2912 defectio,
1412 2887 1445 2907 nc
1470 2886 1519 2913 per
1538 2878 1644 2914 singula
1666 2877 1828 2906 miseranda:
1852 2875 1930 2904 illius
