2052 3153
105 170 170 203 1409

508 168 695 201 HISTORIA
711 167 1003 200 ECCLESIASTICA
1023 170 1075 201 EX
1093 170 1337 203 THEOPHANE.

1659 171 1728 205 mo

102 230 153 258 diei
169 227 303 256 deformia
321 227 406 256 verba
423 227 548 256 scribens
565 227 700 264 proteiem
717 233 884 255 sermonem.
899 227 923 257 Α
937 228 1004 262 quid
1019 228 1107 257 valuit
1135 229 1276 266 hypocrisi
1301 233 1393 265 legere
1413 228 1528 257 inditam
1546 230 1680 258 malitiam
1701 233 1730 259 et

103 275 219 310 Denique
234 274 361 309 sequenti
375 274 420 302 die
443 274 564 310 sumptis
574 274 741 309 quihusdam
758 280 792 300 ex
804 271 890 308 patri-

102 322 150 349 cits
173 320 298 348 ascendit
323 319 358 347 ad
384 320 589 355 imperatrieem
618 320 752 348 custodite
782 319 889 346 manci-

102 372 202 403 palam,
213 366 360 399 simulans,
375 370 406 394 ut
422 367 448 394 ei
466 366 553 394 moris
565 371 635 399 erat,
650 366 745 394 falsam
764 365 890 400 benigni-

102 416 192 444 tatem,
210 419 261 447 per
273 419 357 447 quam
372 415 401 439 et
421 411 517 446 plures
533 411 653 446 decepit,
666 415 695 438 et
707 417 844 438 excusans
859 417 889 437 se

101 458 169 493 quod
184 458 288 485 invitus
300 457 333 484 ad
347 457 534 494 principatum
550 456 743 485 conscenderit
753 464 804 484 nec
816 456 891 483 hunc

102 511 218 540 unquam
231 503 433 532 desideraverit
448 512 456 531 :
479 503 662 532 maledicebat
679 507 771 531 autem
785 503 829 530 his
840 501 887 537 qui

101 557 128 577 se
149 554 333 585 provexerant
357 555 386 577 et
409 549 482 578 illam
502 550 612 578 insidiis
634 551 833 585 appetiverant,
860 552 891 576 ut

102 595 222 631 proditor
233 596 392 629 Dominum,
406 601 550 632 postquam
568 604 630 623 cum
648 596 708 632 ipso
723 595 888 629 manaverit;
900 600 909 607 ‘

101 650 166 678 quos
176 647 204 670 et
215 643 368 670 imitatores
381 642 456 670 illius
469 644 602 670 exsistere
618 643 778 670 testabatur.
792 642 891 670 Osten—

103 689 139 717 sis
157 689 241 716 etiam
256 688 343 724 nigris
359 689 563 721 calceamentis,
581 697 674 717 amare
687 697 716 717 se
736 689 837 716 talibus
852 688 890 716 uti

102 739 200 769 pra-ter
213 735 287 770 leges
309 735 503 770 imperatorias
517 735 688 768 aliirmabat;
707 735 890 770 tiduciamquc

101 780 199 808 habere
215 780 310 808 dolose
324 781 453 809 monebat
467 788 539 813 eam,
549 785 578 808 et
589 788 652 808 cum
665 780 842 816 juramentis,
856 780 890 807 de

101 827 173 855 omni
184 827 323 862 corporali
337 827 444 862 requie,
464 835 547 863 quant
567 827 700 862 consequi
718 827 858 855 dominam
874 834 890 853 a

99 880 176 901 servo
188 873 322 906 deceret;
335 874 495 909 nullamque
509 874 638 901 arbitrari
649 881 800 901 aerumnam
809 881 889 901 casus

100 919 170 947 illius
181 919 596 948 exhortabatur.Commonebat
608 924 748 955 postremo
759 919 798 947 nil
806 927 889 947 occu—

98 965 153 993 lere
167 973 183 993 a
207 973 238 994 se
260 966 447 1002 imperialium
464 966 670 999 thesaurorum,
690 970 721 993 et
740 965 889 993 damnabat

99 1011 222 1039 avaritiae
245 1012 356 1044 vitium,
386 1012 440 1040 hoc
460 1012 534 1040 illam
554 1012 658 1040 habere
690 1019 748 1039 non
775 1011 887 1040 terens:

98 1056 244 1094 languebat
267 1059 342 1087 enim
364 1067 398 1087 eo
420 1060 602 1088 vehementer
625 1060 717 1087 omnia
741 1059 889 1092 devorans,

98 1110 264 1139 onmemque
286 1104 314 1132 in
335 1112 403 1132 auro
426 1113 502 1140 spem
524 1109 553 1133 et
574 1105 702 1133 ﬁduciam
720 1113 835 1140 ponens.
854 1104 891 1133 At

99 1156 163 1177 vero
178 1150 290 1185 sapiens
305 1154 333 1177 et
348 1151 407 1178 Deo
421 1151 522 1178 dilecta
533 1151 667 1183 Heirene;
676 1151 804 1185 quamvis
820 1158 888 1178 con-

98 1199 210 1230 grueret
225 1199 256 1222 ut
277 1194 405 1229 passione
422 1199 475 1222 tam
494 1195 648 1230 repentinae
663 1195 888 1223 commutationis

99 1244 194 1275 utpote
209 1239 310 1267 mulier
323 1244 475 1273 teneretur,
488 1237 553 1267 forti
568 1244 597 1268 et
609 1240 727 1275 sapienti
740 1240 888 1275 prudentia

98 1284 166 1314 dixit
191 1285 226 1313 ad
251 1293 326 1319 eum,
343 1285 391 1321 qui
414 1285 476 1313 heri
501 1285 614 1320 quidem
637 1293 735 1313 servus
760 1286 889 1321 periurus

98 1329 200 1363 fuerat,
216 1330 298 1358 hodie
328 1338 392 1358 vero
416 1330 504 1358 solers
519 1334 547 1358 et
571 1330 719 1358 seditiosus
744 1338 777 1358 ac
800 1331 889 1366 impu-

98 1374 166 1403 dens
182 1374 359 1402 habebatur:
385 1374 443 1410 Ego
462 1375 578 1410 quidem,
602 1383 617 1402 o
630 1375 718 1408 homo,
737 1374 821 1402 Deum
842 1377 889 1402 de-

98 1424 160 1454 puto
176 1420 291 1456 pridem,
310 1428 370 1448 cum
398 1428 480 1448 essem
495 1422 627 1456 orphana,
650 1420 782 1448 exultasse
795 1429 845 1455 me,
865 1426 889 1449 et

98 1465 192 1493 deinde
208 1474 287 1502 super
312 1466 410 1494 solium
430 1467 546 1502 imperii,
572 1465 630 1494 licet
661 1475 742 1494 essent
767 1467 888 1504 indigna,

98 1511 245 1546 processisse
267 1520 317 1539 me.
334 1511 448 1540 Causam
475 1520 537 1539 vero
561 1512 728 1548 depositionis
749 1521 814 1540 mete
838 1514 889 1540 mi-

940 274 1083 301 avaritiam
1109 282 1198 308 suam,
1212 275 1260 302 sed
1285 275 1363 310 quasi
1392 275 1532 303 recisurus
1554 276 1728 312 iniustitiam,

940 327 1059 354 nequam
1082 315 1110 347 in
1132 319 1281 356 Maguaura
1295 325 1324 348 et
1346 320 1480 357 iniustum
1504 322 1650 349 constituit
1671 322 1730 350 lore

937 366 1086 403 judicium.
1104 367 1225 394 Intentio
1251 375 1371 402 namque
1388 371 1504 403 tyranno
1526 372 1598 401 erat,
1613 372 1645 395 ut
1665 367 1731 403 ipsa

941 420 987 440 res
1012 413 1208 445 ostenderunt,
1227 421 1283 440 non
1305 413 1474 448 pauperibus
1498 414 1560 449 jura
1578 414 1730 445 tribuendi.

940 459 988 486 sed
1020 467 1070 494 per
1099 459 1152 487 hoc
1184 467 1281 487 omnes
1307 459 1354 494 qui
1387 459 1479 495 magni
1507 464 1587 487 erant
1612 460 1731 488 inhono-

941 505 1019 532 randi
1041 505 1096 541 (S9)
1116 509 1144 533 et
1161 505 1331 540 captivandi,
1347 511 1375 533 et
1389 505 1423 533 ad
1440 513 1469 533 se
1491 514 1552 540 quae
1566 511 1730 533 cunctorum

940 555 1021 579 erant
1045 550 1129 586 impie
1155 550 1359 583 transferendi;
1376 551 1449 585 quod
1477 556 1505 578 et
1528 551 1603 578 fecit.
1627 551 1732 578 Videns

941 602 1034 625 autem
1050 605 1148 624 omnes
1165 596 1300 624 adversus
1316 604 1346 624 se
1369 596 1557 629 contristatos,
1575 601 1604 624 et
1629 604 1732 631 pavens

941 652 976 672 ne
1010 643 1082 671 forte
1121 651 1260 671 memores
1290 643 1415 670 Heirenm
1444 643 1497 677 pia:
1530 643 1730 670 beneﬁciorum

940 689 1112 717 asciscerent
1134 697 1195 717 eam
1223 690 1324 716 iterum
1337 689 1371 716 ad
1392 688 1550 724 imperium,
1563 688 1731 716 Novembrio

942 743 1047 768 mense,
1069 735 1160 764 hieme
1183 736 1300 763 nimium
1329 736 1491 763 imminente
1506 735 1592 771 gravi,
1615 743 1670 762 non
1688 741 1732 763 est

942 781 1029 817 ipsius
1043 781 1177 810 misertus
1199 782 1400 810 immisericors
1420 782 1477 814 ille,
1493 782 1541 809 sed
1566 782 1663 809 exsilio
1680 782 1730 808 de-

941 827 1044 862 portari
1062 827 1193 862 praecepit
1209 827 1237 854 in
1258 827 1375 854 insulam
1391 826 1512 854 Lesbum
1528 829 1556 853 et
1570 826 1731 853 cautissime

942 873 1088 906 custodiri,
1101 873 1169 908 quin
1181 876 1210 900 et
1219 880 1235 900 a
1247 873 1358 900 nemine
1371 872 1481 907 penitus
1495 871 1632 899 contueri.
1644 872 1731 899 Porro

941 920 1030 955 pridie
1058 920 1195 948 Kalendas
1221 919 1307 947 Maias
1332 923 1461 946 mortuus
1485 922 1528 946 est
1549 918 1645 945 Niceta
1667 917 1730 944 Tri-

939 966 1061 1001 phylius,
1078 970 1109 992 ut
1125 966 1213 998 aiunt,
1236 971 1251 991 a
1265 964 1421 999 Nicephoro
1439 971 1548 992 veneno
1561 963 1729 991 exstinctus.

940 1012 974 1039 Et
992 1012 1080 1039 Nonis
1102 1011 1191 1044 Maiis,
1213 1010 1282 1038 leria
1296 1010 1402 1046 quinta,
1424 1018 1487 1037 cum
1508 1010 1680 1045 Nicephorus
1695 1010 1731 1037 ad

940 1057 1100 1086 suburbana
1124 1056 1312 1085 Chalcedonis
1333 1057 1445 1084 exiisset
1466 1064 1626 1091 equumque
1654 1064 1731 1083 man-

940 1109 1050 1133 suetum
1062 1108 1091 1132 et
1105 1103 1284 1132 mitissimum
1294 1103 1460 1136 asendisset,
1475 1103 1549 1131 hunc
1565 1111 1598 1131 ex
1607 1104 1655 1131 Dei
1668 1111 1732 1139 pro-

939 1151 1062 1179 videntia
1076 1150 1211 1186 dejiciens
1229 1149 1356 1178 dextrum
1369 1149 1466 1185 pedem
1483 1149 1570 1184 ipsius
1588 1148 1731 1177 contrivit.

940 1197 975 1225 At
991 1204 1058 1224 vero
1075 1196 1184 1224 decimo
1200 1201 1299 1231 quarto
1322 1195 1457 1223 Kalendas
1483 1194 1634 1230 Augustas,
1663 1194 1731 1222 feria

940 1246 1049 1277 quarta,
1065 1241 1132 1268 hora
1144 1241 1244 1275 prima,
1269 1239 1409 1266 Bardanes
1429 1238 1562 1273 patricius
1588 1242 1616 1265 et
1630 1242 1733 1273 praeter

940 1286 1135 1319 Orientalium,
1150 1286 1198 1321 qui
1213 1285 1426 1320 cognominatus
1438 1289 1481 1312 cst
1501 1284 1618 1316 Tureus,
1632 1285 1730 1320 appel-

940 1334 1012 1361 latus
1023 1338 1066 1361 est
1089 1333 1239 1368 imperator
1255 1332 1290 1359 ab
1306 1331 1435 1359 onmibus
1445 1330 1518 1358 ultra
1541 1330 1603 1358 sitis
1624 1330 1730 1358 thema-

941 1378 1024 1406 tibus.
1035 1377 1087 1411 Qui
1100 1377 1218 1404 multum
1233 1376 1343 1404 renisus
1355 1379 1386 1402 ut
1400 1375 1531 1403 evaderet
1543 1375 1604 1402 illos
1617 1375 1731 1402 minime
1765 1389 1771 1393 -

939 1422 1037 1455 valuit,
1055 1427 1084 1450 et
1101 1421 1273 1449 descendens
1287 1429 1373 1456 usque
1394 1421 1428 1448 ad
1448 1421 1649 1457 Chrysopolim,
1666 1429 1731 1448 cum

940 1469 1086 1497 circuisset
1099 1468 1199 1496 diebus
1216 1472 1279 1495 octo
1295 1472 1324 1495 et
1343 1467 1456 1495 minime
1477 1467 1575 1494 luisset
1590 1469 1732 1501 receptus,

941 1515 1026 1543 rediit
1043 1522 1132 1550 usque
1156 1514 1191 1542 ad
1212 1514 1355 1549 Malagma.
1373 1513 1425 1547 Qui
1448 1517 1575 1541 metuens
1588 1513 1686 1546 Deum,
1702 1517 1732 1540 et

97 1556 178 1583 bime!
196 1556 300 1592 applico
321 1561 347 1584 et
371 1557 483 1592 peccatis
510 1557 574 1585 meis
602 1558 715 1585 ascribo.
736 1557 769 1585 In
788 1559 889 1586 cunctis
903 1567 924 1596 c
943 1561 1097 1597 recogitans
1113 1569 1148 1589 ne
1164 1560 1236 1588 torte
1250 1568 1300 1596 per
1313 1567 1343 1588 se
1362 1560 1494 1587 mactatio
1509 1559 1731 1587 Christianorum

97 1606 188 1630 autem
203 1611 235 1630 ac
259 1603 342 1630 modis
361 1603 481 1630 omnibus
501 1605 535 1630 sit
563 1612 657 1631 nomen
684 1604 790 1632 Domini
811 1605 889 1633 bene-

97 1647 209 1680 dictum,
230 1647 312 1676 solius
335 1648 414 1684 Regis
434 1657 525 1684 regum
540 1653 564 1676 et
583 1649 691 1676 Domini
710 1651 889 1680 dominorum.

96 1691 182 1721 Porro
195 1694 301 1721 modum
312 1695 483 1730 promotiom's
496 1698 548 1722 tute
558 1694 612 1722 Deo
624 1695 713 1728 reddo,
723 1704 774 1731 quo
784 1701 890 1732 excepto

97 1738 135 1766 nil
149 1738 212 1774 ﬁeri
228 1740 336 1767 credidi.
359 1739 545 1767 Verumtamen
559 1739 662 1767 delatas
680 1741 744 1768 nti/ti
758 1746 850 1769 contra
866 1747 890 1769 te

96 1791 176 1819 super
204 1783 343 1820 dignitate,
370 1793 424 1820 qua
446 1793 516 1812 nunc
532 1786 716 1818 circumdaris,
742 1787 889 1814 auditiones

97 1836 150 1855 non
167 1829 293 1865 ignoras;
307 1837 374 1865 quas
389 1838 466 1857 veras
485 1831 565 1866 fuisse
578 1839 669 1859 rerum
687 1832 747 1867 finis
764 1833 887 1866 ostendit,

97 1882 217 1910 quasque
230 1875 254 1902 si
272 1876 378 1903 moleste
387 1876 523 1910 tulissem,
539 1876 617 1912 facile
638 1878 701 1905 mihi
723 1882 781 1905 erat
806 1879 890 1905 inter‘

95 1920 204 1954 ﬁciendi
220 1925 254 1950 te.
270 1921 322 1949 Sed
341 1923 416 1950 modo
427 1923 590 1958 juramentis
612 1925 662 1951 tuis
679 1923 794 1959 ﬁdendo,
812 1925 889 1952 modo

96 1966 144 1994 tibi
159 1968 305 2003 parcendo,
326 1968 422 1996 multos
444 1970 509 1996 mihi
525 1969 628 1997 devotos
646 1971 811 2006 parvipendi,
835 1971 889 1998 Deo

95 2020 156 2048 qua:
172 2021 231 2041 mea
246 2018 307 2041 sunt
321 2014 398 2047 dans,
412 2023 458 2050 per
478 2023 555 2050 quem
575 2024 648 2052 reges
667 2021 781 2052 regnant
795 2021 819 2044 et
842 2025 890 2053 po-

95 2063 181 2086 tentes
200 2060 316 2087 obtinent
330 2064 442 2088 terram.
461 2061 514 2088 Sed
526 2066 551 2088 et
569 2069 650 2095 nunc,
666 2070 726 2089 cum
745 2062 781 2090 sis
792 2063 850 2098 pius
864 2068 889 2091 et

94 2104 127 2132 ab
143 2106 203 2141 ipso
224 2110 371 2141 provectus,
387 2110 412 2133 te
431 2111 461 2134 ut
480 2107 667 2142 imperatorem
681 2108 774 2141 adoro,
790 2113 815 2136 et
829 2114 889 2144 peto

94 2159 162 2179 mea!
175 2159 284 2186 parcere
299 2152 463 2187 inﬁrmitati.
482 2153 517 2181 Et
534 2153 645 2182 concede
659 2156 724 2182 mihi
737 2165 754 2182 a
771 2163 813 2183 me
828 2164 890 2183 con-

92 2202 226 2224 structam
246 2197 393 2226 Eleutherii
416 2199 521 2227 domum
540 2200 568 2227 in
583 2200 823 2228 reconciliationem
845 2203 889 2229 in-

95 2241 286 2277 comparabili:
304 2242 465 2271 calamitatis
479 2252 553 2272 mete.
570 2245 605 2271 At
622 2244 668 2273 ille
682 2245 737 2273 ait:
753 2245 788 2273 Et
802 2246 825 2273 si
842 2246 889 2273 hoc

95 2288 133 2315 vis
146 2287 207 2322 ﬁeri
219 2288 275 2320 tibi,
282 2289 349 2324 jura
364 2290 429 2318 mihi
444 2297 491 2326 per
507 2298 612 2318 omnem
631 2291 749 2319 divinam
763 2292 889 2320 virtutem

95 2341 150 2360 non
164 2333 353 2361 absconsurum
366 2339 391 2361 te
413 2336 557 2371 quidquam
576 2344 608 2364 ea;
625 2337 754 2364 thesauris
773 2338 887 2373 imperii,

95 2383 119 2406 et
133 2378 270 2414 adimpleo
285 2379 489 2414 postulationem
502 2385 587 2413 tuam,
603 2385 628 2407 et
643 2389 746 2408 omnem
762 2382 807 2408 tibi
827 2382 888 2417 pla-

94 2426 230 2453 cationem
249 2428 274 2451 ct
290 2425 406 2460 requiem
420 2425 498 2461 facio.
516 2425 581 2458 Qua
598 2426 703 2462 juravit
724 2427 749 2454 ei
773 2427 807 2454 ad
824 2435 888 2463 pre-

95 2472 166 2500 tiosa
181 2475 211 2500 et
225 2471 333 2499 viviﬂca
346 2472 431 2508 ligna,
446 2472 511 2507 quia
524 2470 585 2500 Non
602 2472 698 2500 celabo
711 2477 737 2500 te
750 2481 837 2508 usque
855 2473 889 2501 ad

94 2518 211 2546 obolum
236 2526 338 2552 unum;
358 2518 431 2554 quod
459 2523 488 2546 et
508 2518 584 2546 fecit.
610 2519 712 2546 Verum
731 2519 787 2552 ille,
814 2519 889 2555 quod

96 2564 278 2592 desiderabat
292 2565 420 2600 adeptus,
431 2565 558 2600 protinus
569 2565 667 2593 exsilio
679 2566 812 2601 relegavit
825 2574 886 2594 eam

96 2618 186 2646 penes
204 2610 322 2638 insulam
341 2611 485 2646 principis,
497 2611 525 2638 in
544 2611 714 2639 monasterio
738 2612 812 2646 quod
830 2612 889 2648 ipsa

95 2658 293 2690 mditicaverat,
311 2665 373 2685 cum
388 2657 480 2686 adhuc
496 2663 590 2686 essent
610 2659 637 2686 in
661 2659 729 2687 urbe
746 2659 823 2687 missi
838 2658 890 2687 Ca-

96 2703 148 2731 roli
160 2709 190 2731 et
204 2711 265 2738 quae
278 2704 428 2739 agebantur
443 2704 608 2739 aspicerent.
623 2704 713 2732 Verax
728 2705 812 2741 igitur
824 2705 888 2739 iste,

95 2753 264 2777 cunctorum
290 2751 408 2785 imperio
431 2755 571 2786 percepto,
601 2759 652 2779 nec
671 2751 768 2779 saltem
790 2759 888 2788 parum

941 1607 1108 1640 elliceretur,
1124 1607 1200 1635 misit
1212 1607 1246 1634 ad
1260 1606 1461 1643 Nicephorum,
1473 1612 1502 1634 et
1518 1610 1631 1641 accepto
1646 1605 1733 1633 verbo

941 1654 970 1682 in
983 1654 1094 1688 scriptis
1109 1653 1228 1688 propria;
1239 1661 1339 1680 manus
1355 1653 1427 1688 ejus,
1442 1653 1471 1680 in
1485 1660 1540 1688 quo
1553 1657 1582 1680 et
1599 1651 1731 1679 Tarasius

940 1699 1133 1728 sanctissimus
1148 1703 1177 1726 et
1196 1698 1353 1734 patriarcha
1369 1703 1397 1725 et
1416 1706 1513 1725 omnes
1536 1697 1646 1733 patricii
1662 1697 1730 1725 sub-

940 1745 1122 1780 scripserunt,
1135 1745 1209 1779 quod
1223 1744 1322 1772 illaesus
1337 1747 1365 1771 et
1376 1743 1514 1771 indemnis
1523 1751 1586 1770 cum
1600 1742 1732 1769 omnibus

940 1791 988 1826 qui
1010 1798 1104 1818 secum
1132 1794 1213 1818 erant
1227 1789 1299 1817 foret
1324 1788 1488 1821 servandus,
1506 1791 1585 1816 sexto
1599 1787 1664 1815 Idus
1682 1787 1733 1815 Se-

940 1836 1094 1872 ptembrias
1109 1836 1200 1870 media
1214 1839 1296 1863 nocte
1308 1835 1377 1863 clam
1399 1834 1510 1870 fugiens
1529 1833 1673 1862 descendit
1695 1833 1730 1861 ad

940 1882 1019 1911 Cium
1033 1882 1169 1918 Bithynia:
1182 1881 1210 1909 in
1226 1881 1425 1909 monasterium
1437 1879 1566 1913 Heraclii,
1575 1884 1603 1907 et
1617 1879 1731 1907 invento

940 1929 1099 1961 chelandio,
1118 1928 1192 1963 quod
1217 1927 1253 1955 ab
1271 1927 1440 1962 imperatore
1463 1933 1547 1961 super
1563 1926 1616 1953 hoc
1639 1925 1731 1953 fuerat

940 1975 1066 2007 missum,
1093 1978 1190 2002 tonsus
1208 1977 1252 2002 est
1276 1977 1304 2001 et
1328 1973 1446 2000 indutus
1461 1971 1532 2000 stola
1550 1971 1728 2004 monachica;

939 2026 968 2050 et
985 2021 1126 2057 ingresSus
1142 2021 1209 2048 illud
1229 2020 1298 2048 abiit
1312 2020 1341 2047 in
1363 2019 1492 2052 insulam,
1505 2027 1566 2054 qum
1585 2018 1731 2046 dicebatur

940 2068 1040 2104 prima,
1052 2067 1152 2102 in.qua
1172 2066 1358 2094 aediﬁcat-erat
1378 2064 1586 2096 monasterium,
1600 2063 1729 2099 opinatus

940 2113 1014 2149 quod
1031 2113 1137 2141 veritus
1158 2112 1232 2140 loret
1244 2111 1368 2140 terribile
1390 2110 1506 2139 verbum
1526 2108 1600 2145 quod
1615 2109 1732 2137 dederat

940 2159 992 2187 sibi
1020 2158 1240 2194 contemptibilis
1258 2157 1442 2193 Nicephorus,
1462 2160 1491 2184 et
1512 2156 1540 2183 in
1560 2155 1636 2183 nullo
1657 2159 1732 2183 esset

940 2205 1092 2234 laedendus.
1103 2206 1138 2232 At
1153 2204 1199 2232 ille
1215 2204 1306 2240 primo
1318 2203 1432 2239 quidem
1443 2202 1565 2230 denudat
1576 2201 1653 2229 illum
1665 2201 1732 2229 sub-

940 2250 1040 2278 stantia
1056 2250 1128 2286 ejus,
1143 2254 1171 2278 et
1184 2251 1330 2277 occasione
1343 2252 1456 2283 accepta
1470 2255 1567 2275 omnes
1577 2247 1730 2274 thematum

940 2295 1081 2331 principes
1093 2299 1122 2323 et
1134 2295 1322 2326 habitatores;
1337 2293 1472 2328 quosdam
1482 2296 1574 2319 autem
1588 2295 1617 2318 et
1635 2291 1669 2318 de
1685 2299 1730 2318 rc-

941 2341 985 2378 gia
1001 2341 1071 2370 urbe
1088 2340 1246 2375 captivavit,
1263 2338 1418 2367 exercitum
1442 2342 1536 2365 autem
1554 2344 1620 2372 roga
1636 2336 1731 2372 priva-

943 2391 1001 2414 tum
1021 2385 1156 2413 deseruit.
1174 2385 1277 2412 Verum
1305 2383 1369 2419 quis
1390 2390 1482 2410 sermo
1504 2388 1635 2409 enarrare
1659 2388 1730 2408 con-

941 2431 1023 2466 digne
1035 2430 1153 2458 sulllciet
1165 2436 1261 2463 opera,
1285 2436 1348 2463 qua:
1365 2427 1467 2455 diebus
1486 2427 1542 2454 illis
1560 2426 1595 2454 ab
1612 2433 1646 2454 eo
1661 2430 1728 2454 sunt

940 2480 1015 2511 gesta
1044 2483 1094 2511 per
1125 2474 1325 2510 indulgentiam
1355 2474 1405 2501 Dei
1436 2477 1550 2509 propter
1580 2472 1729 2500 commissa

941 2521 1054 2549 nostra?
1067 2521 1144 2549 Nona
1166 2520 1211 2548 die
1225 2519 1340 2556 Augusti
1362 2519 1466 2548 mensis
1480 2518 1631 2547 undecimae
1655 2518 1731 2546 indi-

940 2567 1041 2595 ctionis
1052 2566 1182 2594 defuncta
1199 2571 1242 2595 est
1261 2566 1424 2601 imperatrix
1444 2565 1562 2593 Heirene
1578 2565 1607 2592 in
1630 2564 1728 2592 exsilio

939 2613 1036 2640 insulae
1061 2612 1156 2645 Lesbi,
1180 2616 1208 2640 et
1233 2612 1397 2639 translatum
1428 2615 1471 2639 est
1498 2618 1599 2645 corpus
1618 2610 1678 2645 ejus
1698 2609 1728 2636 in

939 2658 1058 2685 insulam
1069 2657 1215 2694 principis,
1235 2657 1265 2685 in
1278 2657 1478 2685 monasterium
1493 2655 1567 2691 quod
1583 2655 1642 2690 ipsa
1659 2662 1731 2683 con-

939 2705 1052 2734 struxit.

974 2751 1068 2779 Mundi
1079 2758 1152 2779 anno
1163 2750 1244 2784 6246,
1256 2750 1356 2778 divina:
1370 2748 1567 2778 incarnationis
1578 2755 1651 2776 anno
1663 2748 1728 2781 756,

854 2798 975 2828 NOTE.

128 2830 189 2866 (89)
204 2829 393 2870 Inhonorandi,
409 2832 550 2870 ἀτιμάᾳᾳι.
566 2831 753 2862 Tertullianus
770 2834 808 2862 De
822 2835 886 2870 fuga

95 2867 123 2893 in
133 2870 264 2900 persecat.
278 2887 285 2898 ,
297 2876 306 2892 ι
325 2867 474 2895 inhonores
502 2868 598 2901 illum;
617 2878 627 2894 ι
642 2873 671 2896 et
694 2867 885 2898 inhonorabiiis

96 2901 170 2936 apud
186 2901 325 2930 eumdem.
336 2902 354 2930 S
372 2902 492 2938 lgnatius
505 2903 592 2939 cp.ad
607 2904 727 2940 Philad.,
737 2905 890 2941 ἀτιμάσαν-

939 2843 985 2868 τες
998 2834 1106 2866 αὐτούς.
1114 2834 1174 2861 Vel.
1183 2833 1232 2861 int.
1240 2843 1249 2859 ε
1261 2833 1497 2862 inhonoraverunt
1509 2831 1583 2867 ipsos
1591 2840 1614 2866 ς»
1627 2831 1675 2859 alii
1682 2831 1729 2858 de-

938 2873 1069 2898 honorare
1081 2873 1201 2898 vertunt.
1211 2868 1292 2897 ἢθη.
