2052 3153
297 181 362 213 1411

857 171 1056 209 ANASTASII
1084 175 1399 208 BlBLlO‘l‘lIECARII

1871 170 1943 203 iill

296 246 370 268 anno
392 237 500 273 imperii
526 236 569 265 sui
591 236 715 265 secundo
741 235 915 271 Nicephorus
940 234 1085 262 coronavit
1101 236 1121 264 Α
1138 233 1345 268 ptingentorum
1372 229 1504 258 videlicet
1532 227 1646 256 circiter
1672 226 1874 254 monachorum
1888 227 1942 254 sub

296 284 474 314 Stauracium
492 283 580 310 filium
605 290 686 310 suum
707 290 758 317 per
779 282 922 309 Tarasium
948 280 1093 308 sanctissi-

296 339 373 358 mum
390 330 576 366 patriarcham
604 330 631 356 in
646 329 764 356 ambone
788 327 899 363 Majoris
914 325 1040 354 ecclesiae
1064 325 1092 352 in

296 377 507 412 imperatorem,
524 382 587 403 cum
608 378 682 403 esset
696 373 803 401 inutilis
820 373 855 400 ad
880 376 984 399 tantam
1002 371 1093 398 modis

297 423 428 450 omnibus
451 421 633 456 dignitatem,
659 425 715 447 tam
740 419 847 447 scilicet
872 422 985 454 aspectu
1010 425 1093 452 quam

298 469 400 495 robore
416 467 499 495 simul
522 471 551 494 et
577 474 672 494 sensu.
691 466 828 493 Caeterum
847 465 1029 500 Nicephorus,
1045 464 1094 499 qui

298 523 443 550 nunquam
459 522 576 550 usquam
594 515 739 542 veritatem
752 513 882 546 servavit,
903 513 1094 549 Lycaonenscs

299 561 448 597 quosdam,
474 561 531 588 imo
553 569 619 588 vero
647 560 868 596 Lycanthropos,
892 559 1045 587 concordes
1067 563 1095 586 ct

299 612 504 636 consentaneos
519 607 552 634 ad
565 607 667 634 Proteu
680 607 798 634 insulam
814 606 937 638 mittens,
951 605 1034 642 jussit
1047 613 1095 632 cos

300 659 384 683 noctu
411 655 482 682 hanc
511 654 663 682 ascendere
697 659 726 681 et
756 653 937 688 prmdictum,
957 652 1036 688 quasi
1066 660 1095 680 se

300 702 456 736 ignorante,
481 700 637 727 luminibus
655 700 765 735 privare
793 699 963 733 Dardanum,
981 702 1010 727 et
1034 703 1097 734 post

300 747 409 774 facinus
434 746 468 773 ad
492 746 640 773 ecclesiam
667 746 772 780 fugere.
790 745 850 779 Quo
874 745 946 772 facto
964 749 1021 772 tam
1047 752 1096 779 pa-

301 792 424 818 triarcha
445 796 473 819 et
501 797 616 818 senatus
640 799 722 826 quam
741 799 838 818 omnes
853 791 941 818 Deum
967 790 1097 818 timentes

301 839 403 865 acriter
418 838 578 865 doluerunt.
594 838 644 865 Ast
666 838 822 873 imperator
843 838 1032 873 nequissimus
1047 836 1096 864 Ni-

301 885 442 920 cephorus
455 892 519 912 cum
538 884 703 920 juratnentis
717 891 814 912 omnes
835 884 973 918 primores
992 883 1096 919 Lycao-

301 938 403 958 nenses
419 931 577 963 simulatus,
592 930 758 965 exquirebat
772 930 799 957 in
815 937 873 962 eos,
889 933 920 956 ut
938 929 1097 965 putabatur,

303 977 430 1009 ulturus,
451 977 544 1004 omnia
568 977 721 1004 secundum
742 976 957 1004 ostentationem
981 980 1010 1003 et
1030 973 1100 1002 nihil

303 1022 458 1049 secundum
479 1011 566 1048 Deu'm
585 1021 686 1056 iugiter
698 1028 792 1055 agens.
809 1021 875 1047 Erat
888 1019 961 1047 enim
974 1019 1012 1047 illi
1028 1027 1100 1054 pra:-

301 1068 386 1102 cipue
408 1075 471 1094 cum
492 1067 610 1101 reliquis
627 1066 904 1102 praavaricationibus
919 1070 947 1094 et
969 1067 1101 1102 hujusce-

306 1113 381 1141 modi
398 1120 509 1148 quoque
525 1113 627 1140 mentis
644 1113 757 1146 idioma,
775 1120 825 1147 per
840 1111 913 1148 quod
929 1112 1060 1140 videlicet
1074 1117 1103 1140 et

304 1164 369 1187 ante
395 1160 543 1194 imperium
569 1159 672 1186 multos
696 1159 828 1186 seduxit:
853 1162 1042 1186 verumtamen
1073 1158 1102 1186 in

304 1205 454 1232 ridiculum
479 1204 635 1231 habebatur
655 1204 710 1231 hoc
734 1204 796 1239 ejus
819 1203 926 1238 liquido
949 1203 1103 1230 scientibus

306 1252 443 1283 studium,
460 1251 496 1278 ita
514 1255 545 1278 ut
567 1250 738 1285 impudentia
755 1249 841 1276 multa
860 1257 971 1284 scmper
984 1249 1103 1284 caligosa

306 1302 334 1325 et
351 1299 456 1333 polluta
476 1297 561 1324 facies
577 1297 638 1332 ejus
656 1301 722 1324 tunc
738 1295 940 1324 inaccessibilis
961 1295 1040 1323 ﬁeret
1054 1303 1104 1330 per

305 1345 366 1371 dies
383 1347 502 1378 septem,
520 1351 553 1370 co
578 1343 675 1370 dolose
702 1343 776 1369 intra
800 1341 960 1369 cubiculum
986 1341 1105 1375 impera-

306 1391 407 1418 torium
421 1389 546 1425 ejulantc
562 1397 569 1415 :
591 1396 655 1415 nam
670 1392 699 1415 et
722 1387 892 1415 naturaliter
906 1386 932 1414 ei
955 1386 1106 1414 muliebres

306 1436 424 1463 aderant
452 1435 592 1470 lacrymte,
611 1441 681 1468 quas
703 1432 798 1460 multis
822 1431 916 1466 pravis
942 1435 970 1458 ct
985 1430 1106 1465 pseudo-

306 1480 465 1509 ehristianis
475 1480 565 1508 inesse
580 1479 679 1514 procul
694 1478 780 1506 dubio
808 1481 935 1509 constat,
948 1483 1106 1511 quanquam

308 1527 443 1562 plurimos
464 1533 518 1552 non
542 1525 665 1552 latuerit.
690 1524 783 1551 Mense
809 1531 878 1550 vero
899 1523 1024 1558 Augusto
1043 1529 1106 1550 cum

308 1574 445 1601 adversus
455 1573 562 1600 Arabes
573 1572 697 1603 exiissct,
709 1571 831 1598 occurrit
843 1571 883 1598 cis
895 1570 967 1605 apud
982 1569 1105 1598 Chrason

308 1619 444 1655 Phrygia,
456 1623 484 1646 et
496 1618 566 1650 inito
577 1618 650 1645 bello
661 1620 818 1651 superatur,
832 1615 985 1650 multisque
997 1615 1106 1643 amissis

309 1664 510 1701 propemodum
534 1668 564 1691 et
588 1664 647 1699 ipse
672 1663 754 1690 vivus
776 1662 848 1690 foret
865 1661 1032 1697 capiendus,
1053 1661 1106 1690 nisi

309 1711 467 1747 principum
487 1710 599 1745 quidam
628 1708 772 1736 fortissimi
801 1708 876 1735 hunc
905 1716 920 1735 a
941 1707 1106 1736 necessitate

310 1759 354 1785 vix
365 1758 472 1786 salvare
489 1756 712 1792 prievaluissent.

345 1803 425 1830 Anno
446 1802 556 1837 imperii
579 1801 728 1836 Nicephori
750 1801 844 1833 tertio,
870 1800 1011 1828 simultate
1034 1800 1106 1828 facta

311 1850 339 1876 in
364 1849 484 1880 Persica,
506 1847 650 1875 descendit
678 1847 801 1874 Arabum
827 1846 883 1873 dux
904 1846 1103 1881 paeifieaturus

310 1903 369 1923 eos.
393 1895 566 1930 Nicephorus
588 1898 682 1921 autem
710 1893 801 1928 spatio
826 1897 938 1928 reperto
959 1892 1106 1920 aedificavit

311 1941 449 1976 Ancyram
463 1939 576 1967 Galatiae
588 1943 616 1966 ct
630 1938 776 1966 Thebasan
788 1943 817 1966 et
840 1937 1008 1965 Andrasutn.
1032 1937 1106 1965 Misit

311 1988 395 2014 etiam
408 1991 436 2014 et
450 1994 559 2019 cursus,
576 1986 624 2020 qui
637 1989 817 2013 revertuntur
829 1985 898 2012 nihil
914 1985 1103 2020 proficientes,

312 2033 361 2061 sed
375 2037 403 2060 et
417 2037 512 2060 contra
528 2032 621 2066 potius
636 2032 772 2067 plurimos
788 2031 977 2059 admittentes.

349 2080 429 2107 Anno
445 2079 557 2114 imperii
579 2078 728 2114 Nicephori
746 2084 855 2114 quarto,
871 2079 1037 2106 duodecimo
1051 2078 1106 2106 lia-

313 2125 411 2153 lendas
438 2125 560 2157 Martias,
577 2124 709 2151 Tarasius
731 2123 924 2151 sanctissimus
950 2124 1106 2159 patriarcha

314 2170 640 2204 Coustantinopolitanus
666 2170 786 2205 gloriose
808 2169 882 2197 diem
900 2170 1001 2197 clausit
1014 2174 1108 2197 extre-

315 2221 402 2249 mum,
421 2220 450 2243 et
464 2216 567 2243 elatum
584 2220 626 2242 est
656 2216 793 2250 lipsanum
816 2216 876 2251 ejus
898 2216 927 2243 in
959 2221 1105 2251 angustum

315 2263 404 2300 ponti,
418 2266 446 2290 et
475 2263 614 2298 sepultum
638 2266 681 2290 est
705 2262 733 2289 in
759 2262 928 2289 monasterio
947 2262 1020 2297 quod
1049 2262 1108 2297 ipse

318 2313 521 2342 eonstruxcrat,
537 2313 636 2344 quarta
653 2308 722 2336 feria
748 2309 846 2344 prima;
861 2308 1029 2344 jejuniorum
1057 2309 1109 2336 he-

318 2356 474 2385 bdomadis.
491 2355 526 2383 Et
538 2363 632 2382 mense
659 2355 759 2390 Aprili,
775 2354 821 2382 die
847 2354 991 2382 Dominico
1021 2348 1117 2382 sancti»

316 2402 439 2435 Pascha,
461 2406 640 2428 consecratus
671 2405 713 2428 cst
738 2401 932 2428 sanctissimus
949 2400 1108 2435 patriarcha

318 2447 490 2482 Nicephorus
509 2453 525 2473 a
544 2446 673 2478 secretis,
699 2445 835 2473 electione
856 2446 941 2473 totius
960 2446 1055 2481 populi
1079 2453 1112 2474 ac

319 2493 495 2521 sacerdotum
510 2492 624 2528 insuper
639 2496 665 2519 ct
680 2492 890 2527 imperatorum.
903 2492 974 2520 Sane
988 2493 1066 2520 Plato
1080 2500 1112 2520 ac

320 2539 486 2567 Theodorus
511 2538 661 2574 hegumeni
681 2539 843 2566 monasterii
866 2538 956 2566 Studii
977 2546 1032 2565 non
1048 2546 1113 2566 con-

321 2590 470 2614 senserunt
495 2585 695 2612 consecrationi
717 2584 878 2620 Nicephori,
894 2585 941 2612 sed
959 2589 987 2612 et
1012 2584 1113 2620 oppido

322 2633 496 2665 restiterunt,
514 2631 634 2658 schisma
646 2631 822 2664 meditantes,
839 2638 951 2658 causam
969 2631 1053 2657 veluti
1068 2639 1114 2658 ra-

323 2677 485 2704 tionabilem
503 2675 649 2709 habentes,
664 2676 738 2710 quod
753 2683 788 2703 ex
812 2676 891 2703 lalcis
906 2683 963 2703 non
988 2679 1115 2710 oporteat

323 2727 439 2760 repente
453 2722 486 2750 ad
500 2723 688 2757 episcopatum
703 2722 867 2750 accelerare.
877 2722 951 2756 Quos
966 2722 1116 2758 imperator

323 2770 497 2805 Nicephorus
511 2769 580 2796 urbe
595 2769 699 2804 pellere
716 2769 811 2796 volens
824 2772 966 2796 correctus
987 2772 1040 2800 cst,
1052 2770 1115 2804 qui-

324 2816 440 2844 busdam
457 2815 605 2842 consilium
621 2815 762 2847 dantibus,
784 2814 967 2843 asseverando
986 2822 1040 2841 non
1057 2815 1116 2842 fore

325 2854 494 2887 laudabilem
508 2860 672 2895 patriarchae
690 2860 870 2896 creationem,
883 2859 906 2887 si
920 2859 1115 2895 praedictorum

326 2905 439 2940 rejectio
456 2909 484 2933 et
506 2905 574 2933 tanti
603 2905 754 2933 destructio
777 2905 855 2934 ﬁeret
876 2905 1056 2939 monasterii,
1073 2913 1115 2933 sc-

1144 279 1284 306 Thcodori
1302 277 1437 313 regimine
1449 275 1654 303 ordinaturum.

1181 324 1283 352 Eodem
1302 329 1413 358 quoque
1440 328 1513 349 anno
1548 319 1635 346 movit
1664 318 1820 346 exercitum
1848 317 1943 344 Aaron

1144 368 1265 396 Arabum
1283 368 1339 395 dux
1358 367 1491 394 adversus
1505 364 1680 396 Romaniam,
1692 364 1720 390 in
1734 362 1839 390 virtute
1852 362 1944 397 gravi,

1144 421 1333 444 trecentorum
1352 414 1483 441 videlicet
1497 413 1625 443 millium,
1642 415 1696 438 tam
1710 419 1725 438 a
1737 410 1945 445 Mauropboris,

1145 469 1226 496 quam
1242 461 1320 496 Syria
1343 465 1371 487 et
1385 459 1530 487 Palaestina
1556 462 1585 486 et
1603 457 1688 492 Libya
1713 461 1888 483 coacervata.
1907 455 1944 483 Et

1146 514 1209 534 cum
1220 506 1342 534 venisset
1351 505 1454 541 Tyana,
1466 503 1611 532 aedificavit
1624 503 1735 530 domum
1749 501 1944 536 blasphemiae,

1147 558 1175 581 et
1191 552 1322 581 obsidens
1333 551 1408 588 cepit
1422 555 1487 579 tunc
1495 550 1638 578 Hcraclios
1650 553 1783 581 castrum,
1791 547 1867 583 quod
1879 553 1942 575 erat

1146 599 1225 626 valde
1241 598 1389 630 munitum,
1403 602 1432 625 et
1446 597 1592 624 Thebasan
1607 600 1635 623 et
1649 595 1825 629 Malocopean
1845 597 1874 621 et
1897 593 1944 621 Si-

1147 646 1308 681 deropelum
1334 649 1362 673 et
1385 644 1606 672 Anandarasum.
1620 642 1693 670 Misit
1717 647 1809 668 autem
1825 647 1943 668 cursum

1147 692 1288 728 sexaginta
1314 691 1433 719 millium
1451 690 1627 722 bellatorum,
1641 693 1670 716 et
1691 686 1837 715 descendit
1852 694 1944 721 usque

1147 739 1296 773 Ancyram,
1313 743 1341 766 et
1358 739 1410 765 hac
1425 737 1482 765 visa
1504 743 1634 764 reversus
1649 739 1702 762 est.
1725 735 1776 761 Ast
1791 733 1945 767 imperator

1147 785 1322 820 Nicephorus
1336 789 1411 812 metu
1424 788 1451 811 ct
1464 782 1687 817 impossibilitate
1703 781 1833 808 detentus
1845 779 1943 810 exivit,

1149 832 1247 867 etipse
1260 831 1287 859 in
1299 830 1493 866 desperatione
1505 829 1587 856 fortia
1606 827 1749 855 infortunii
1766 826 1945 853 demonstra-

1151 883 1244 906 turus.
1262 878 1298 905 Et
1321 877 1416 905 multis
1433 875 1565 911 trophaeis
1589 873 1668 902 factis
1689 873 1764 900 misit
1790 871 1825 899 ad
1852 872 1946 898 Aaron

1118 913 1138 940 Β
1154 924 1359 959 metropolitam
1374 922 1548 959 Synadorum
1571 926 1599 949 et
1618 921 1730 948 Petrum
1756 919 1945 954 hegumenum

1150 971 1237 999 ϐυιωί
1256 975 1285 999 et
1299 970 1462 1006 Gregorium
1480 975 1656 996 (economum
1679 967 1824 997 Amastrae,
1846 969 1945 1000 postu-

1151 1019 1212 1046 lans
1240 1018 1301 1046 fieri
1327 1025 1432 1053 pacem.
1452 1016 1487 1044 Et
1515 1016 1633 1043 multum
1660 1011 1868 1047 disputantibus
1893 1011 1945 1042 eis,

1151 1065 1332 1093 ﬁrmaverunt
1347 1071 1453 1099 pacem,
1479 1066 1509 1090 ut
1526 1069 1574 1097 per
1591 1064 1818 1094 unumquemque
1840 1063 1945 1083 annum

1152 1112 1289 1138 tribueret
1309 1110 1365 1137 illis
1381 1114 1505 1137 trecenta
1523 1107 1609 1134 millia
1623 1105 1834 1135 numismatnm,
1848 1106 1877 1130 et
1892 1101 1946 1129 tria

1152 1158 1318 1185 numismata
1332 1157 1360 1184 in
1377 1155 1512 1183 tributum
1534 1153 1632 1189 capitis
1647 1149 1834 1186 imperatoris,
1849 1153 1878 1176 et
1893 1148 1946 1175 tria

1153 1204 1204 1231 filii
1220 1204 1280 1239 ejus
1293 1212 1301 1237 ;
1315 1203 1416 1238 quibus
1432 1201 1552 1236 acceptis
1568 1201 1658 1228 Aaron
1669 1197 1840 1234 jucundatus
1851 1199 1904 1227 est,
1917 1198 1946 1222 et

1153 1251 1303 1278 exsultavit
1322 1250 1384 1285 plus
1398 1257 1479 1284 quam
1491 1249 1514 1275 si
1533 1247 1603 1275 dena
1618 1246 1705 1274 millia
1722 1242 1890 1279 suscepisset
1904 1246 1944 1269 ta-

1153 1296 1239 1329 lenta,
1256 1300 1385 1331 tanquam
1405 1294 1452 1330 qui
1467 1293 1621 1328 subegisset
1646 1288 1946 1322 Romanorum’impe-

1155 1343 1240 1371 rium.
1269 1342 1356 1370 Porro
1373 1340 1503 1369 convenit
1529 1340 1601 1367 inter
1629 1345 1678 1365 eos
1697 1341 1797 1367 castra,
1815 1342 1877 1370 qua:
1899 1333 1947 1360 de-

1156 1393 1260 1416 structa
1274 1388 1395 1420 fuerant,
1411 1395 1467 1414 non
1482 1385 1683 1414 remdificanda.
1700 1383 1826 1418 Cumque
1844 1381 1948 1408 Arabes

1155 1433 1259 1461 reversi
1275 1433 1402 1466 fuissent,
1421 1432 1575 1460 construxit
1588 1430 1686 1458 eadem
1701 1428 1834 1456 continuo
1846 1430 1948 1456 castra,

1156 1484 1183 1507 et
1203 1480 1391 1515 praemunivit.
1405 1479 1465 1513 Quo
1481 1482 1624 1514 comperto
1636 1478 1726 1504 Aaron
1741 1474 1815 1502 misit
1831 1473 1948 1503 iterum,

1156 1530 1184 1554 et
1210 1526 1315 1561 recepit
1342 1525 1497 1559 Thebasan,
1524 1525 1666 1559 missoque
1691 1521 1760 1550 stolo
1777 1521 1806 1549 in
1825 1519 1950 1556 Cyprum

1119 1582 1140 1612 ο
1157 1572 1289 1600 ecclesias
1314 1571 1461 1604 destruxit,
1485 1571 1603 1608 Cyprios
1629 1568 1785 1604 emigravit,
1813 1571 1843 1595 et
1862 1566 1951 1593 multo

1158 1618 1266 1646 excidio
1282 1618 1354 1645 facto
1367 1616 1462 1654 pacem
1475 1617 1610 1645 dissolvit.

1191 1665 1270 1692 Anno
1287 1665 1395 1699 imperii
1408 1664 1449 1691 sui
1463 1664 1560 1699 quinto
1575 1667 1666 1690 castra
1679 1662 1765 1689 movit
1777 1659 1950 1695 Nicephorus

1157 1715 1252 1738 contra
1269 1711 1411 1746 Vulgares.
1427 1710 1460 1738 Et
1481 1718 1544 1737 cum
1566 1709 1689 1737 venisset
1711 1705 1950 1742 Hadrianopolim,

1155 1762 1184 1784 et
1196 1758 1327 1785 sensisset
1341 1757 1415 1793 quod
1433 1757 1602 1785 simultatem
1618 1760 1714 1783 contra
1727 1763 1756 1783 se
1775 1751 1950 1789 imperatorii

1156 1802 1283 1830 homines
1297 1807 1325 1830 et
1337 1802 1446 1838 quidam
1460 1810 1493 1830 ex
1506 1802 1652 1829 ordinibus
1675 1801 1890 1831 meditarentur,
1909 1799 1951 1826 in-

1155 1848 1252 1876 ellicax
1267 1849 1419 1884 repedavit,
1434 1848 1504 1876 nihil
1516 1848 1676 1882 proficiens,
1689 1847 1743 1874 nisi
1757 1846 1832 1881 quod
1842 1850 1948 1872 tantum

1156 1895 1289 1923 ultionem
1304 1895 1506 1923 contribulibus
1516 1895 1620 1926 intulit,
1634 1895 1732 1922 horum
1744 1893 1849 1921 multos
1865 1892 1949 1921 caedi-

1155 1941 1218 1974 bus,
1230 1941 1336 1969 exsiliis
1353 1945 1381 1968 et
1394 1941 1647 1976 proscriptionibus
1659 1948 1753 1967 rerum
1767 1939 1948 1967 submittens.

1191 1991 1271 2015 Anno
1291 1988 1402 2023 imperii
1427 1988 1577 2024 Nicephori
1593 1992 1682 2019 sexto,
1705 1994 1800 2014 mense
1823 1986 1950 2022 Septem-

1155 2034 1228 2068 brio,
1241 2034 1332 2062 Aaron
1345 2034 1466 2061 Arabum
1478 2034 1534 2062 dux
1546 2042 1608 2062 cum
1621 2034 1702 2062 classi
1713 2038 1810 2061 contra
1820 2033 1950 2060 Rhodum

1155 2079 1271 2108 Cumeid
1287 2080 1408 2113 direxit;
1423 2081 1470 2115 qui
1487 2088 1549 2107 eum
1560 2081 1653 2108 subito
1666 2084 1865 2107 transmeassct
1878 2079 1951 2107 [tlte-

1156 2125 1277 2160 dumque
1293 2125 1477 2160 pervenisset,
1494 2125 1613 2152 multum
1629 2125 1657 2153 in
1670 2133 1702 2153 ea
1719 2124 1859 2152 excidium
1876 2124 1950 2152 fecit.

1156 2171 1353 2198 Verumtamen
1377 2170 1563 2206 municipium
1580 2170 1653 2206 quod
1682 2169 1710 2197 in
1725 2170 1784 2205 ipsa
1807 2175 1880 2201 erat,
1896 2177 1950 2196 non

1160 2215 1351 2251 impugnatum
1368 2217 1511 2245 remansit.
1527 2215 1596 2244 Cum
1614 2221 1708 2243 autem
1727 2216 1785 2251 ipse
1803 2220 1952 2247 remearet,

1161 2262 1305 2289 evidenter
1320 2262 1497 2297 impugnatus
1510 2266 1552 2289 est
1565 2269 1581 2289 a
1599 2267 1694 2289 sancto
1709 2266 1738 2289 et
1751 2261 1953 2289 miraculorum

1162 2312 1304 2343 patratore
1319 2308 1444 2337 Nicolao.
1457 2308 1527 2336 Cum
1540 2308 1615 2336 enim
1635 2308 1710 2344 Myra
1725 2308 1850 2335 venisset
1864 2312 1893 2336 et
1908 2316 1952 2335 εει-

1161 2362 1236 2382 cram
1249 2355 1417 2389 ejusarcam
1441 2359 1587 2382 conterere
1611 2354 1783 2386 teutavisset,
1798 2353 1880 2381 aliam
1904 2361 1954 2388 pro

1162 2400 1209 2427 illa
1225 2400 1369 2428 contrivit.
1385 2400 1503 2434 Moxque
1518 2400 1629 2428 classim
1648 2400 1735 2428 multa
1756 2404 1906 2427 ventorum
1927 2404 1954 2427 et

1162 2447 1332 2475 marinorum
1347 2448 1491 2478 ﬂuctuum.
1507 2448 1696 2475 touitruorum
1711 2455 1824 2482 quoque
1847 2455 1881 2475 ac
1903 2447 1953 2476 ful~

1162 2501 1261 2529 gurum
1277 2493 1450 2528 inaequalitas
1473 2494 1696 2529 comprehendit,
1716 2494 1754 2522 ita
1777 2499 1808 2522 ut
1829 2495 1957 2529 plurima:

1162 2539 1271 2574 scaphae
1285 2545 1550 2574 conquassarentur,
1569 2540 1682 2575 ipseque
1709 2540 1888 2576 impugnator
1909 2540 1957 2568 Dei

1162 2585 1277 2613 Cumeid
1294 2586 1426 2614 virtutem
1449 2586 1537 2614 sancti
1553 2579 1731 2622 cognosceret
1748 2591 1776 2615 et
1798 2587 1957 2622 periculum

1163 2635 1264 2666 prmter
1278 2639 1354 2666 spem
1369 2632 1511 2660 evaderet.
1530 2633 1617 2660 Porro
1633 2633 1740 2660 decimo
1751 2633 1836 2660 tertio
1855 2633 1957 2660 Kalen-

1165 2677 1214 2704 das
1230 2677 1375 2705 Januarias
1399 2678 1570 2714 Nicephorus
1584 2683 1647 2714 post
1661 2679 1775 2707 multam
1790 2679 1957 2707 electionem

1166 2723 1315 2758 virginum,
1331 2731 1364 2750 ex
1379 2724 1454 2751 omni
1487 2728 1623 2759 potestate
1650 2725 1703 2752 sibi
1731 2724 1856 2756 subdita,
1876 2732 1959 2752 causa

1165 2769 1312 2804 copulandi
1327 2769 1502 2797 Stauracium
1519 2770 1604 2797 filium
1619 2779 1699 2798 suum
1713 2771 1822 2806 coniugi
1846 2772 1957 2803 factam,

1166 2815 1364 2849 Theophanem
1389 2816 1597 2848 Atheniensem,
1617 2822 1744 2852 agnatam
1768 2817 1798 2844 Β.
1821 2817 1959 2848 “sirenae.

1167 2869 1228 2896 quae
1241 2862 1301 2889 viro
1315 2861 1479 2896 desponsata
1495 2867 1556 2890 erat
1570 2868 1599 2890 ct
1621 2870 1692 2898 szepe
1707 2871 1770 2891 cum
1799 2864 1860 2898 ipso
1875 2864 1961 2890 cuba-

1168 2912 1255 2940 verat,
1271 2908 1410 2943 separavit
1432 2909 1467 2937 ab
1488 2908 1585 2936 eodem
1605 2910 1674 2943 viro,
1691 2914 1719 2938 et
1740 2910 1790 2945 ipsi
1813 2910 1961 2937 Stauracio
