2052 3153
159 173 227 207 ina
276 206 287 215 ρ

574 172 756 203 HISTORIA
771 171 1065 203 ECCLESIASTICA
1080 172 1132 202 EX
1147 172 1389 203 ΤΠΕΟΡΗΑΝΕ.

1712 169 1782 205 ΗΠ

156 230 257 257 misero
286 228 425 263 copulavit
443 227 629 263 impudenter,
652 232 682 256 ut
703 228 730 254 in
757 227 829 259 aliis,
857 231 897 260 eL
913 227 941 254 in
954 231 980 261 Α
993 232 1079 259 recta.
1099 228 1164 255 dolo
1179 227 1251 255 banc
1265 228 1338 262 cepit
1352 227 1437 255 verbo
1449 247 1460 260 ,
1476 235 1513 255 ex.
1523 226 1630 255 milisiia
1645 227 1785 265 Romajcis

156 275 207 302 hoc
223 281 333 309 quoque
345 274 539 308 praevaricator
551 273 677 302 effectus.
694 273 767 302 Alias
783 281 849 301 vero
873 273 942 301 duas

154 320 206 347 ista
223 320 408 355 pulchriores,
425 328 494 355 quas
505 328 568 347 cum
590 328 624 347 ea
645 320 775 354 elegerat,
797 319 942 347 manifeste

155 366 277 401 corrupit
291 366 318 393 in
333 365 439 394 eisdem
455 366 614 400 nuptiarum
643 365 752 398 diebus,
764 365 799 392 ab
813 365 943 393 omnibus

155 412 225 439 idem
239 412 375 439 obscenus
393 412 502 439 irrisus.
523 411 649 446 Denique
669 411 820 442 Februario
847 418 941 438 mense

154 457 322 486 simultatem
347 456 536 491 excogitantes
560 456 693 484 adversus
714 464 778 484 eum
804 457 885 484 multi
907 465 942 484 ex

154 503 328 538 proceribus,
339 503 452 530 Arsabir
465 508 629 538 quaestorem
644 507 672 530 et
683 503 840 537 patricium,
851 504 940 530 virum

153 547 229 583 pium
246 552 274 574 et
295 547 582 580 rationabilissimum,
610 547 764 582 elegerunt.
780 547 857 580 Quod
877 555 940 574 cum

154 593 330 620 multiformis
344 593 516 628 Nicephorus
530 593 697 628 agnovisset,
722 593 812 628 ipsum
828 593 940 628 quidem

153 647 252 667 caesum
269 643 297 666 et
322 643 431 665 tonsum
445 639 609 666 monachum
629 638 695 666 fecit
708 643 736 666 et
753 638 851 666 exsilio
868 638 940 665 rele-

152 684 271 720 gandum
288 684 316 711 in
328 683 483 719 Bithyniam
499 684 586 716 misit,
601 684 723 718 reliquos
749 688 842 711 autem
857 684 940 711 car-di-

153 730 205 758 bus
229 734 256 757 et
271 730 395 757 tonsuris
409 735 438 757 ct
451 729 688 765 publicationibus
700 729 814 764 insuper
827 734 855 756 et
869 729 941 757 exsi-

152 777 197 804 liis
211 776 344 808 subdidit,
359 784 414 803 non
431 776 520 803 solum
537 775 685 802 mundialis
701 776 764 802 vita:
789 775 939 810 principes,

153 820 201 848 sed
221 825 250 848 et
271 821 416 855 episcopos
433 824 544 848 sanctos
560 824 589 847 et
609 820 770 851 monachos,
783 827 890 848 necnon
913 825 941 847 et

151 866 262 901 Majoris
278 865 402 894 ecclesia:
418 866 569 901 syncellum
582 870 611 893 et
629 865 801 893 sacellarium
814 869 843 893 et
862 866 941 892 char-

152 912 334 947 tophylacem,
348 912 424 939 viros
434 912 613 939 rationabiles
625 917 652 939 et
666 912 820 940 reverentia
832 911 938 947 dignos.
957 906 978 933 Β

186 958 266 986 Anno
282 958 391 993 imperii
409 958 559 992 Nicephori
577 958 695 992 septimo
711 957 804 985 Aaron
817 957 941 985 Arabum

151 1003 208 1030 dux
227 1008 352 1031 mortuus
364 1007 406 1030 est
424 1003 452 1030 in
466 1002 598 1030 interiore
615 1003 735 1035 Perside,
752 1010 813 1037 quas
827 1007 942 1030 vocatur

150 1049 313 1082 Cbirsusan,
330 1053 358 1077 et
379 1049 504 1083 suscepit
515 1048 698 1084 principatum
721 1048 846 1076 Maumed
869 1048 943 1075 filius

150 1097 212 1132 ejus
225 1095 406 1130 scrupulosus
418 1102 467 1129 per
483 1094 587 1128 omnia,
604 1099 702 1122 contra
715 1102 797 1129 quem
821 1094 942 1122 Abdelas

152 1143 238 1169 frater
251 1142 311 1176 ejus
323 1140 490 1168 seditionem
507 1141 650 1168 concitans
671 1141 795 1168 intestini
816 1141 880 1168 belli
903 1140 943 1168 fa-

151 1193 214 1216 ctus
225 1192 268 1214 est
279 1191 386 1214 auctor.
400 1186 434 1213 Et
447 1186 512 1213 hinc
527 1186 555 1213 hi
572 1186 620 1221 qui
636 1186 664 1213 in
680 1186 759 1222 Syria
779 1191 808 1214 et
826 1186 942 1222 ,Ἐπριο

151 1243 185 1263 ac
201 1234 286 1269 Libya
301 1237 392 1266 erant,
406 1233 435 1260 in
447 1233 574 1260 diversos
586 1232 668 1260 incisi
683 1233 865 1267 principatus,
887 1237 941 1259 tam

151 1279 279 1316 publicas
291 1287 336 1306 res
349 1287 431 1314 quam
443 1279 593 1306 alterutros
616 1278 823 1311 subverterunt,
837 1283 941 1306 macta-

152 1326 278 1353 tionibus
298 1330 327 1352 et
341 1325 444 1360 rapinis
463 1332 495 1352 ac
525 1324 643 1352 diversis
666 1324 775 1360 ﬂagitiis
791 1329 887 1352 contra
912 1332 942 1352 se

152 1373 306 1404 contraque
320 1368 446 1398 subditos
457 1369 630 1396 Christianos
645 1369 764 1396 confusi.
775 1369 815 1397 Ac
827 1377 876 1404 per
890 1370 943 1397 hoc

151 1415 287 1449 ecclesiae,
306 1424 367 1451 qua:
395 1416 424 1443 in
443 1421 537 1442 sancta
554 1415 657 1443 Christi
678 1415 727 1442 Dei
750 1415 838 1442 nostri
864 1420 943 1443 erant

153 1461 277 1495 civitate,
293 1461 408 1489 desertae
422 1461 500 1489 facta;
512 1466 587 1494 sunt,
605 1465 633 1488 et
647 1461 813 1489 monasteria
826 1461 942 1489 duarum

154 1516 316 1544 magnarum
331 1507 482 1535 Lauraruin
501 1506 569 1543 (90),
581 1512 681 1535 sanclze
696 1507 825 1534 videlicet
840 1515 943 1534 memo-

155 1555 204 1582 riae
219 1554 376 1582 Cbaritonis
392 1560 420 1582 et
435 1553 543 1589 Cyriaci
568 1558 651 1588 atque
667 1553 695 1581 S.
719 1552 808 1586 Sabae,
834 1560 943 1580 necnon

154 1607 183 1629 et
211 1600 316 1636 reliqua
345 1600 470 1627 cmi-obia
486 1599 534 1626 SS.
565 1599 706 1635 Euthymii
731 1603 760 1626 et
786 1598 945 1626 Theodosii.

154 1646 319 1674 Theodorus
334 1650 425 1672 autem
440 1645 613 1680 heguinenus
626 1644 715 1671 Studii
733 1650 761 1672 et
775 1645 876 1680 Joseph
890 1644 946 1671 fra-

155 1697 200 1720 ter
211 1693 280 1728 ejus,
298 1691 523 1727 archiepiscopus
534 1690 799 1723 Thessalonicensis,
815 1698 870 1718 una
883 1698 947 1718 cum

156 1738 272 1766 Platone
286 1738 410 1765 inclauso
424 1741 453 1765 et
474 1737 582 1764 czeteris
597 1736 740 1763 monachis
757 1736 815 1763 suis
837 1744 852 1764 a
870 1743 947 1763 com-

156 1785 288 1812 munione
302 1787 477 1812 recesserunt
488 1783 637 1817 Nicephori
651 1781 819 1809 sanctissimi
830 1781 948 1817 patriar-

156 1830 216 1858 cbte
232 1833 345 1864 propter
365 1828 466 1862 .loseph
482 1827 697 1859 vicedominuin,
720 1827 767 1861 qui
785 1827 948 1862 pra:varica-

157 1875 228 1904 torie
239 1878 420 1903 coronaverat
428 1874 638 1901 Constantinum
646 1878 674 1900 et
685 1873 949 1901 Theodotctn.Tunc

158 1922 332 1956 Nicephorus
360 1921 510 1956 imperator
546 1919 690 1948 occasione
720 1923 861 1955 percepta,
884 1926 947 1946 cum

157 1967 303 2003 episcopos
325 1967 427 1994 multos
442 1971 470 1993 ct
486 1966 656 2001 hegumenos
676 1968 880 2000 congregasset,
902 1972 947 2000 sy-

157 2015 262 2042 nodum
277 2014 410 2042 adversus
420 2013 482 2040 illos
492 2012 628 2040 celebrari
645 2012 787 2047 praecepit,
804 2018 854 2046 per
865 2018 948 2046 quam

158 2060 327 2089 monasterio
350 2063 378 2087 et
395 2059 464 2086 urbe
482 2058 583 2094 dejecti
598 2058 698 2085 exsilio
722 2062 788 2085 sunt
805 2057 946 2090 destinati,

158 2113 253 2133 mense
265 2105 409 2137 Januario,
425 2104 577 2131 indictione
592 2103 725 2131 secunda.

194 2151 298 2178 Eodem
309 2150 392 2178 etiam
407 2157 480 2178 anno
493 2149 560 2177 dum
583 2157 649 2184 roga
666 2157 752 2184 penes
773 2149 948 2177 Stromonem

158 2204 268 2224 amnem
284 2196 385 2232 populo
402 2196 629 2228 distribueretur,
654 2195 794 2223 irruentes
815 2195 950 2230 Vulgares

994 274 1149 302 interfectis
1165 282 1214 302 sea
1231 274 1363 306 millibus,
1379 274 1482 308 absque
1498 274 1676 301 multitudine
1690 274 1784 308 priva-

994 326 1083 348 torum
1097 321 1161 356 (9i).
1178 320 1349 355 Nicephorus
1364 324 1455 347 autem
1477 321 1554 355 quasi
1576 320 1707 348 adversus
1719 327 1783 347 eum

995 365 1074 393 tertia
1088 365 1156 393 feria
1170 365 1348 397 hebdomada-
1359 365 1487 393 salutaris
1499 365 1636 400 passionis
1649 373 1781 401 egressus

992 411 1104 445 dignum
1121 411 1234 446 quidem
1254 419 1382 439 sermne
1396 411 1466 438 nihil
1480 412 1593 438 omnino
1612 412 1706 447 gessit.
1727 411 1784 439 Hos

992 465 1084 487 autem
1099 460 1255 495 principes,
1269 460 1317 494 qui
1330 460 1364 487 de
1378 460 1452 487 crede
1469 459 1565 487 salvati
1577 459 1783 491 sunt,-verbum

993 506 1088 534 salutis
1108 506 1272 540 deposcunt,
1296 513 1358 533 cum
1397 506 1463 533 dare
1485 505 1649 540 dedignatus
1673 505 1782 536 fuisset.

993 551 1026 578 ad
1050 552 1144 578 hostes
1169 551 1317 586 confugere
1337 552 1480 586 compulit,
1502 551 1574 579 inter
1594 558 1664 586 quos
1676 555 1736 577 erat
1755 554 1785 577 et

992 597 1156 624 Eumathius
1169 597 1336 631 spatharius,
1347 597 1515 624 mechanicm
1528 597 1596 624 artis
1605 605 1705 631 expers
1715 597 1784 631 (92).

991 643 1040 668 Ast
1050 641 1222 676 Nicephorus
1234 649 1289 675 prae
1300 641 1387 668 multo
1397 641 1532 668 dedecore
1543 641 1687 675 juratoriis
1698 641 1785 668 sacris

992 686 1074 722 regiae
1089 686 1150 713 urbi
1163 686 1334 721 persuadere
1349 686 1501 720 satagebat,
1523 691 1552 713 ut
1570 688 1696 726 crederet
1710 686 1784 720 quod

992 732 1167 760 festivitatem
1190 733 1301 760 Pascha
1319 733 1347 760 in
1368 734 1430 760 aula
1455 733 1570 760 Crumni
1591 733 1783 760 celebraverit.

991 779 1128 806 Przterea
1144 787 1207 806 cum
1230 779 1371 806 civitatem
1398 779 1550 811 Sardicam,
1569 787 1630 813 qum
1645 779 1786 806 destructa

991 824 1209 853 erat.mditicare
1241 824 1623 856 volnisset,multitudinibus
1652 824 1784 851 resisten-

993 870 1082 902 tibus,
1098 869 1207 897 timens.
1224 890 1232 897 .
1251 890 1258 897 .
1275 890 1284 898 .
1299 870 1522 905 persuadendum
1543 869 1631 896 turbis
1667 869 1786 904 impera-

992 920 1081 943 torem
1105 916 1244 950 postulare
1259 924 1343 951 super
1355 916 1483 944 aedificio.
1499 917 1534 943 At
1554 916 1594 943 illi
1614 923 1695 943 senso
1709 916 1785 950 inge-

991 961 1048 992 nio,
1062 965 1092 988 ut
1108 969 1142 989 ex
1156 968 1274 996 nequam
1290 962 1366 989 illius
1381 961 1666 996 argumentationibus
1679 960 1791 988 submi-_

991 1006 1119 1040 nistrato,
1147 1006 1352 1034 tumultuantur
1376 1006 1508 1034 adversus
1521 1013 1584 1033 eum
1604 1009 1633 1032 et
1653 1005 1788 1033 adversus

992 1053 1131 1087 principes
1145 1060 1210 1080 suos
1230 1061 1279 1088 per
1292 1053 1375 1080 horas
1389 1060 1448 1085 sex,
1465 1057 1493 1080 et
1506 1052 1644 1080 irruentes
1656 1056 1787 1086 rumpunt

993 1099 1167 1127 tabernacula
1182 1099 1314 1134 ipsorum.
1325 1099 1394 1127 Cum
1405 1103 1495 1126 autem
1503 1099 1643 1126 venissent
1650 1105 1737 1132 usque
1752 1098 1786 1124 ad

992 1145 1208 1179 imperatorium,
1217 1145 1327 1179 injuriis
1337 1149 1364 1172 et
1378 1144 1531 1172 maledictis
1540 1144 1614 1171 hunc
1623 1143 1789 1170 multissub-

992 1192 1116 1223 mittunt,
1125 1191 1242 1218 ulterius
1251 1198 1339 1217 senon
1349 1190 1465 1217 sufferre
1473 1190 1634 1216 immensam
1643 1189 1787 1216 avaritiam

991 1243 1020 1265 et
1029 1246 1147 1273 nequam
1158 1238 1307 1265 moliminis
1317 1238 1378 1272 ejus
1384 1238 1506 1265 animum
1517 1237 1682 1272 dejerantes.
1697 1236 1786 1264 Atille

992 1284 1139 1319 repentino
1156 1284 1304 1311 simultatis
1329 1291 1430 1318 pavore
1455 1283 1619 1318 perterritus
1640 1283 1786 1310 surrexita

993 1338 1096 1357 mensa.
1110 1330 1144 1358 Et
1155 1330 1244 1365 primo
1254 1330 1364 1365 quidem
1376 1338 1425 1365 per
1434 1329 1619 1364 Nicephorum
1628 1336 1660 1356 ac
1674 1328 1787 1355 Petrum

992 1376 1123 1410 patricios
1139 1375 1304 1411 juramentis
1325 1380 1354 1403 et
1369 1376 1573 1410 persuadilibus
1585 1375 1678 1402 verbis
1689 1373 1787 1401 sedare

992 1420 1144 1448 conabatur
1171 1421 1333 1448 exercitum.
1348 1420 1383 1448 At
1404 1420 1443 1448 illi
1457 1419 1563 1447 modica
1592 1419 1685 1454 quiete
1706 1418 1787 1453 potiti

992 1464 1244 1499 quemdamcollem
1266 1469 1410 1499 ceperunt,
1421 1468 1451 1491 et
1476 1469 1554 1491 actus
1584 1471 1665 1498 quem
1693 1470 1742 1497 per
1756 1469 1786 1489 se

992 1510 1121 1537 manibus
1134 1510 1272 1538 habebant
1286 1507 1364 1538 obliti
1381 1513 1456 1542 sunt,
1472 1509 1554 1544 Kyrie
1571 1509 1680 1542 eleison,
1697 1508 1788 1535 excla-

998 1560 1128 1589 mantes,
1152 1564 1184 1584 ac
1207 1556 1229 1584 si
1251 1564 1335 1591 super
1363 1557 1482 1590 quodam
1514 1560 1595 1583 terra!
1631 1558 1707 1581 motu
1731 1554 1784 1580 im-

998 1602 1125 1630 briumve
1137 1602 1315 1630 defectu.llle
1324 1607 1416 1630 autem
1428 1606 1524 1637 utpote
1534 1609 1643 1636 semper
1658 1600 1690 1628 ad
1706 1607 1788 1628 omne

998 1649 1100 1675 malum
1112 1653 1234 1684 paratus,
1248 1648 1427 1676 clandestinis
1443 1648 1606 1675 muneribus
1621 1651 1703 1674 noctu
1718 1647 1789 1674 mul-

998 1694 1034 1721 tis
1052 1701 1084 1720 ει
1104 1693 1278 1728 principibus
1296 1693 1431 1727 pellectis,
1452 1692 1479 1719 in
1499 1692 1652 1720 crastinum
1670 1692 1727 1726 ipse
1739 1699 1788 1727 per

999 1747 1028 1767 se
1048 1739 1140 1774 ipsum
1158 1739 1267 1766 medius
1292 1738 1407 1766 veniens
1427 1738 1565 1765 allocutus
1587 1742 1630 1764 est
1645 1737 1740 1764 turbas
1753 1737 1788 1764 de

998 1785 1073 1812 omni
1098 1783 1315 1819 tranquillitate,
1340 1790 1373 1810 ac
1395 1791 1480 1817 super
1502 1782 1601 1817 aequali
1623 1790 1686 1817 erga
1708 1787 1788 1809 natos

998 1836 1094 1856 eorum
1116 1827 1217 1855 atl‘ectu
1243 1827 1409 1863 juramentis
1428 1827 1611 1855 horribilibus
1621 1835 1669 1854 eos
1682 1827 1787 1854 certin-

998 1882 1075 1907 cans,
1086 1879 1114 1902 et
1124 1875 1256 1902 continuo
1271 1874 1374 1909 regiam
1388 1873 1558 1908 pervenitad
1574 1873 1683 1906 urbem,
1699 1873 1788 1900 Theo-

999 1918 1079 1946 dosio
1092 1919 1209 1953 patricio
1221 1926 1254 1946 ac
1263 1920 1466 1954 primoscrinio,
1485 1924 1667 1954 cognomento
1683 1919 1789 1946 Saliha-

998 1972 1059 1996 ran,
1080 1963 1189 1992 deserto
1200 1963 1234 1991 ad
1252 1964 1465 1999 perdiscendum
1479 1971 1513 1992 ex
1524 1963 1670 1991 alterutris
1680 1970 1728 1991 eos
1739 1963 1787 1998 qui

999 2010 1163 2038 seditionem
1183 2013 1370 2045 patraverant.
1392 2009 1518 2044 Cumque
1537 2009 1731 2037 multitudines
1744 2017 1789 2036 re-

998 2060 1265 2091 verterentur,rogas
1277 2056 1318 2084 eis
1330 2055 1402 2090 apud
1412 2055 1560 2083 S.lllamam
1569 2063 1598 2082 se
1607 2055 1729 2082 tribuere
1738 2055 1790 2082 {in-

999 2110 1077 2137 gens,
1098 2101 1220 2129 caedibus
1237 2106 1265 2129 cl
1282 2102 1401 2129 tonsoris
1414 2109 1446 2128 ac
1460 2101 1562 2129 exsiliis
1582 2100 1677 2128 multis
1697 2108 1730 2128 ex
1749 2100 1792 2127 eis

999 2149 1115 2184 punitis,
1141 2148 1332 2184 Chrysopolim
1348 2148 1470 2183 reliquos
1491 2148 1656 2181 transduxit,
1681 2147 1791 2174 calcans

1002 2199 1078 2222 tanta
1094 2199 1124 2222 et
1136 2200 1189 2222 tam
1201 2194 1346 2223 horribilia
1361 2194 1527 2229 juramenta.
1540 2193 1582 2220 Illi
1597 2200 1663 2220 vero
1677 2196 1795 2227 propter

159 2244 232 2271 hanc
243 2243 416 2276 ademerunt,
431 2243 492 2270 auri
507 2243 593 2271 libras
608 2246 719 2271 centum
732 2247 762 2270 et.
777 2242 863 2274 mille,
879 2242 951 2269 mul-
965 2247 989 2275 ι)
1003 2248 1154 2270 aerumnam
1174 2240 1283 2276 igneum
1300 2240 1414 2268 ﬂuvium
1431 2246 1552 2267 meatum
1569 2239 1790 2274 appellaverunt.

160 2296 274 2326 tumque
304 2291 436 2326 populum
451 2290 614 2317 occiderunt
639 2297 703 2317 cum
719 2293 838 2324 praetore
867 2294 951 2324 atque

159 2337 343 2373 principibus.
364 2336 450 2364 Erant
474 2337 548 2364 enim
562 2340 591 2365 et
612 2341 776 2364 cancrorum
797 2336 950 2364 thematqu

160 2383 265 2412 ibidem
288 2382 371 2409 laxati
390 2381 529 2417 principes
543 2389 600 2408 non
615 2382 708 2416 pauci,
723 2381 772 2416 qui
784 2387 881 2408 omnes
895 2381 952 2408 illic

160 2429 278 2465 periere.
297 2428 437 2463 Ceperunt
448 2430 540 2454 autem
560 2431 589 2455 et
603 2430 689 2454 totam
704 2427 853 2459 sarcinam,
867 2430 897 2454 et
912 2426 950 2454 ita

161 2475 267 2503 reversi
280 2479 355 2502 sunt.

198 2522 357 2556 Eodemque
368 2523 508 2548 annoante
522 2518 725 2546 solemnitatem
738 2518 826 2549 sancti
842 2518 953 2547 Pascha:

161 2568 300 2598 Crumnus
314 2567 463 2603 Vulgarum
479 2565 546 2599 dux,
561 2564 621 2592 acie
634 2569 732 2592 contra
745 2563 888 2592 Serdicam
907 2563 953 2591 di-

1036 2287 1117 2315 Auno
1130 2286 1240 2321 imperii
1259 2286 1301 2313 sui
1318 2290 1415 2313 octavo
1431 2285 1604 2320 Nicephorns
1616 2288 1679 2319 post
1693 2285 1793 2318 impias

1001 2332 1259 2362 animadversiones
1270 2332 1384 2359 militias
1392 2338 1505 2366 prorsus
1514 2330 1660 2357 humiliare
1670 2335 1793 2357 tractans

1000 2379 1174 2408 Christianos
1185 2377 1294 2406 exsules
1312 2385 1347 2404 ex
1358 2376 1433 2404 omni
1450 2376 1570 2403 themate
1586 2375 1614 2402 in
1626 2375 1796 2402 Sclaviniam

1002 2425 1064 2453 ﬁeri
1083 2423 1176 2459 jussit,
1193 2423 1292 2450 horum
1310 2428 1402 2450 autem
1419 2421 1589 2450 substantias
1613 2421 1794 2449 venumdari.

1003 2470 1038 2498 Et
1049 2473 1110 2498 erat
1130 2469 1188 2496 haec
1201 2476 1246 2496 res
1260 2468 1419 2503 captivitate
1434 2475 1490 2494 non
1507 2467 1608 2499 minor,
1639 2467 1735 2496 multis
1758 2474 1794 2493 ex

1005 2515 1128 2546 amentia
1154 2513 1413 2548 blasphemantibus
1427 2518 1456 2540 et
1474 2512 1650 2540 inimicorum
1664 2513 1798 2539 incursus

1012 2562 1204 2598 poscentibus,
1216 2561 1279 2589 aliis
1293 2560 1475 2588 nihilominus
1489 2559 1564 2587 circa
1587 2558 1738 2593 parentalia
1750 2565 1796 2585 se-

924 2608 1042 2639 ΝΟΤᾸΞ.

200 2661 256 2697 (90)
268 2661 357 2697 Laura
372 2660 583 2697 monasterium.
597 2659 724 2697 Synodus
738 2659 847 2697 Nicmna
858 2662 914 2697 act.
921 2658 952 2697 ρ.

162 2694 287 2725 είιίὅτο
298 2696 327 2724 S.
344 2696 422 2723 Saba:
437 2706 443 2723 :
471 2695 504 2721 δι’
531 2694 707 2722 ’Λναειξασίου
725 2694 772 2721 τοῦ
792 2694 886 2726 δουκὸς
904 2694 954 2729 τῆς

163 2734 229 2764 νέας
248 2732 351 2765 λαύρας
363 2731 461 2762 αὐτοὺς
474 2730 585 2763 ἐξέωσε,
604 2730 805 2764 Metaphrastes
828 2729 905 2765 Sept.
925 2728 952 2756 in

163 2767 270 2796 Charit.
301 2764 351 2802 ἑὴν
368 2801 372 2802 7
387 2766 443 2802 ﬁer}
477 2765 710 2802 μνημᾳνευθεῖεαν
744 2766 822 2802 ζεράν
846 2764 954 2802 Δλαύραν

163 2803 309 2837 οἰκοδομεῖ.
330 2800 412 2837 ’Λιξᾱρ
424 2800 702 2837 Constantinunr_De
718 2800 819 2837 admin.
843 2800 952 2837 inipr.

165 2838 200 2864 55
211 2835 374 2872 θόίρτὶηιαξ,
390 2836 574 2872 Nicephorum
589 2835 732 2872 Callistum
744 2839 764 2872 ις
778 2835 806 2866 2,
822 2843 850 2869 p.
863 2835 953 2872 555et

163 2873 227 2904 561,
249 2869 291 2900 Π).
314 2869 466 2898 Moschum
482 2870 632 2897 Limonarii
651 2878 682 2906 7c.
701 2870 728 2906 4.
749 2870 910 2906 Anonymus
923 2869 949 2906 in

164 2907 346 2935 Constantino
371 2906 472 2934 Leonis
496 2906 532 2941 Γ.
557 2907 571 2932 ό
597 2905 625 2932 δὲ
647 2905 774 2940 βασιλεὺς
809 2905 950 2940 Ῥωμανὸς

1004 2656 1167 2688 ἀποστείλας
1193 2656 1234 2688 εἰς
1252 2655 1342 2683 πάντα
1362 2654 1396 2682 τὰ
1411 2654 1581 2690 μοναστήρια
1596 2653 1645 2679 καὶ
1661 2651 1711 2682 τὰς
1725 2649 1792 2676 λαύ-

1007 2692 1219 2763 ραῗέίξλιξένθῑί
1231 2729 1409 2788 opponuntur
1420 2724 1561 2751 militibus.
1579 2722 1702 2750 Clossse:
1720 2719 1796 2747 ιδιώο

1007 2771 1056 2788 τ-ηε
1081 2764 1095 2788 ὀ
1122 2762 1222 2788 κοινός.
1271 2762 1374 2788 rivatus
1392 2766 1526 2788 Daganus.
1550 2757 1684 2788 plebeius.
1710 2755 1747 2783 In.

1006 2755 1056 2798 τηξ
1081 2755 1095 2789 ὁ
1122 2755 1374 2798 κοινόςκίδὲἰῦᾳωε
1392 2766 1526 2798 paganus,
1550 2755 1747 2798 plebeiusaln.
1765 2790 1771 2796 _

1043 2791 1100 2833 {92)
1128 2791 1242 2833 Expers]
1272 2791 1401 2831 peritusf
1428 2791 1795 2833 Dositheu‘snmagister'in

1005 2825 1140 2861 Glossario
1155 2825 1289 2867 ς’θκρὲτὲ,
1305 2838 1416 2866 gnarus,
1427 2830 1537 2867 sciens.
1559 2825 1723 2867 Glossarium
1741 2825 1797 2853 La-

1004 2863 1244 2896 tina-Crwcuni:
1282 2863 1393 2902 eipcrs,
1422 2865 1534 2900 ἄπειρος
1567 2864 1614 2890 καὶ
1651 2863 1797 2898 ἔμπειρος.

1004 2904 1030 2931 lo
