2052 3153
216 176 286 210 liii

763 170 964 203 ANASTASII
993 167 1311 200 BIBLIOTIIECARII

1782 164 1852 196 1416

214 236 311 271 pulcra
323 231 537 260 lamentantibus
548 235 577 258 ct
592 229 738 258 defunctos
748 229 845 256 beatos
855 234 1015 255 asseveran-
1028 227 1051 257 Α
1067 224 1180 260 quidam
1199 229 1261 252 erat
1278 225 1305 251 in
1322 222 1384 251 foro
1397 230 1436 271 cx‘
1447 221 1590 271 laboribus
1613 220 1671 248 suis
1687 220 1810 255 locuples
1823 225 1853 249 et

220 282 306 308 tibus.
316 279 440 306 Fuerunt
454 282 546 305 autem
561 282 589 304 et
600 275 648 311 qui
667 274 825 310 suspendiis
834 274 877 301 usi
887 277 964 306 sunt,
979 276 1010 300 ut

221 334 236 353 a
253 324 333 352 malis
355 323 542 358 eriperentur.
564 320 674 348 Etenim
700 318 862 351 immobilia,
877 325 938 353 qua:
966 317 1010 347 in-

216 374 309 402 erant,
329 368 382 396 sibi
395 375 489 396 secum
505 366 578 394 ferre
597 373 653 393 non
675 368 812 400 poterant,
839 367 867 390 et
881 362 1010 390 substan-

223 417 305 448 tiam,
315 422 400 450 quam
415 421 449 441 ex
466 411 659 448 parentalibus
673 410 817 438 doloribus
832 409 1012 444 possederant

216 461 354 497 perditast
366 458 635 493 contemplabantur,
650 461 677 484 et
689 455 897 491 impossibilitas
916 453 1011 481 omnis

217 514 314 534 omnes
323 505 452 533 habebat.
462 504 524 531 Haec
534 503 642 538 quidem
655 502 781 529 inchoata
792 505 855 528 sunt
862 508 877 527 a
885 499 1010 534 Septem-

217 553 279 580 brio
297 559 403 583 mense,
416 558 499 585 porro
520 549 593 576 circa
610 547 713 575 Pascha
733 546 808 573 ﬁnita
821 550 895 573 stitit.
906 545 1010 572 Secun-

218 598 282 625 dam
298 604 365 624 vero
374 603 436 622 cura
451 595 503 621 hac
521 593 695 621 aﬂlictionem
713 592 875 623 admovens,
889 590 1009 617 militare

217 644 349 680 praecepit
368 650 469 678 egenos
491 645 520 668 et
538 640 638 668 armari
655 639 787 666 adversus
805 637 1011 672 compatriotas,

218 692 345 718 conferre
355 688 538 716 nihilominus
550 687 634 714 etiam
649 680 746 712 decem
760 688 787 712 et
805 688 868 711 octo
879 690 912 710 ac
923 682 1008 710 dimi-

217 737 296 764 dium
310 734 447 763 numisma
465 741 515 769 per
527 732 651 767 singulos
674 731 750 763 ﬁsco,
773 738 828 757 una
850 737 913 757 cum
934 728 1011 756 omni

220 781 399 817 proximitate
411 780 515 807 tributa
534 778 655 814 publica.
674 777 795 803 Tertiam
809 775 1010 810 malignitatem

219 827 345 854 inferens
358 826 439 861 jussit
458 824 630 860 perpendere
639 826 667 849 et
679 821 774 857 augeri
787 822 885 849 horum
895 821 1009 853 tributa,

219 879 247 900 et
263 876 394 908 prrestare
419 869 647 898 cbarliaticorum
669 874 752 896 causa
780 867 895 902 siliquas
919 866 1011 894 binas.

1061 271 1129 298 nihil
1148 278 1243 306 egens.
1259 270 1320 303 Quo
1334 267 1468 296 accersito
1481 267 1606 294 omnium
1634 273 1717 294 vorax
1734 267 1853 301 impera-

1062 321 1105 344 tor
1121 317 1160 343 ait
1175 324 1183 343 :
1197 315 1270 343 Pone
1283 323 1394 342 manum
1409 318 1482 340 tuam
1495 314 1524 340 in
1547 313 1645 340 vertice
1668 320 1737 344 meo,
1751 317 1776 338 et
1786 312 1855 346 jura

1060 367 1190 398 quantum
1205 361 1252 389 tibi
1265 362 1299 388 sit
1315 368 1421 387 aurum.
1435 359 1487 392 Qui
1509 366 1606 394 parum
1621 363 1751 392 tanquam
1778 358 1856 385 indi-

1060 415 1130 443 gnus
1145 415 1288 440 recusans,
1304 411 1417 434 coactus
1439 409 1482 433 est
1499 404 1534 432 ab
1553 412 1587 432 eo
1615 404 1706 431 facere
1732 403 1796 432 hoc.
1826 407 1856 429 et

1061 458 1173 482 centum
1196 453 1282 481 libras
1300 460 1329 480 se
1344 452 1414 480 dixit
1430 451 1551 484 habere,
1576 457 1646 485 quas
1660 450 1758 477 eadem
1786 450 1856 477 hora

1060 499 1192 535 praecepit
1204 498 1309 531 afferri,
1327 498 1423 525 dicens
1437 505 1444 524 :
1461 496 1502 524 Tu
1518 496 1582 532 quid
1605 504 1670 531 opus
1685 496 1763 522 habes
1779 495 1857 522 solli-

1061 545 1162 572 citari!
1179 545 1281 580 prande
1296 552 1408 576 mecum,
1420 547 1444 570 et
1460 542 1523 570 tolle
1544 542 1625 570 libras
1639 542 1740 575 decem,
1766 546 1791 569 cl
1814 541 1856 569 his

1061 591 1127 618 unde
1143 593 1291 618 contentus.

1096 637 1177 664 Anno
1197 636 1306 671 imperii
1321 635 1364 663 sui
1378 642 1452 662 nono
1462 634 1636 669 Nicephorus
1656 639 1753 661 contra
1772 634 1854 662 Chri—

1062 683 1168 710 stianos
1185 682 1397 710 adinventiones
1412 680 1548 713 extendit,
1575 680 1764 716 inspectiones
1793 681 1855 708 sine

1063 729 1157 756 Deoin
1175 728 1362 764 emptionibus
1385 727 1578 757 animantium.
1605 727 1778 754 diversorum
1808 734 1857 761 pa-

1064 775 1193 802 bulorum
1207 782 1239 802 ac
1255 774 1395 802 fructuum
1411 773 1539 809 injustas,
1565 772 1737 800 titulationes
1762 776 1790 800 et
1813 772 1857 807 ja-

1063 826 1156 848 cturas
1167 820 1335 856 principum,
1351 820 1538 847 fenerationes
1553 819 1582 846 in
1598 818 1726 850 navibus,
1738 818 1784 853 qui
1797 826 1858 845 om-

1063 867 1146 895 nibus
1177 867 1266 902 legem
1298 866 1419 902 ponebat
1443 873 1479 893 ne
1502 865 1536 892 ad
1563 872 1676 893 usuram
1704 864 1856 899 quidquam

220 919 256 946 Et
279 917 313 946 ad
342 921 469 953 quartam
501 916 653 951 nequitiam
680 922 758 943 suam
785 913 891 941 reditus
917 919 1013 940 omnes
1029 910 1050 939 Β
1066 913 1248 944 tribueretur,
1262 916 1291 939 et
1302 911 1355 939 alia
1365 911 1436 939 dena
1447 911 1677 938 milliamalorum
1688 915 1857 943 commenta,

221 965 316 1000 augeri
330 964 472 1000 precepit.
487 962 589 996 Quinta
605 969 673 989 vero
685 960 833 988 afﬂictione
849 960 922 987 illata
938 967 952 986 a
967 966 1014 986 vc-

222 1011 391 1039 ncrabilium
426 1009 572 1036 domorum
601 1007 756 1042 inquilinis,
785 1005 1013 1041 orphanotrophii

222 1057 334 1085 scilicet
345 1060 374 1083 et
390 1055 580 1090 hospitalium,
604 1053 824 1089 gerocomiorum
850 1059 961 1087 quoque
982 1059 1014 1079 ac

224 1103 409 1131 ecclesiarum
422 1106 450 1129 et
469 1100 702 1129 monasteriorum
717 1099 862 1135 regalium,
877 1107 927 1134 per
955 1099 1014 1126 sin-

224 1148 303 1181 gulos
317 1146 394 1173 focos
415 1152 515 1173 census
537 1144 610 1180 exigi
625 1151 640 1171 a
658 1144 748 1179 primo
774 1144 930 1180 tyrannidis
955 1144 1014 1178 ejus

222 1200 296 1220 anno
310 1192 450 1227 prmcepit.
465 1191 602 1218 Caeterum
620 1198 744 1225 quaequa:
761 1190 875 1218 meliora
890 1196 972 1217 erant
984 1189 1012 1217 in

223 1237 318 1270 rebus,
340 1237 366 1264 in
382 1237 485 1272 regiam
502 1236 670 1264 curatoriam
693 1235 793 1263 deferri
804 1235 928 1271 jubebat.
945 1235 1014 1263 Sex-

225 1288 282 1310 tam
299 1290 475 1310 commovens
491 1281 680 1312 aillictionem,
700 1281 799 1316 inspici
814 1289 829 1308 a
851 1282 1014 1316 praetoribus

226 1327 307 1362 jubet
323 1335 372 1355 eos
387 1327 434 1363 qui
449 1335 483 1355 ex
501 1330 662 1362 paupertate
678 1331 790 1361 repente
807 1326 894 1354 creati
908 1330 1012 1359 essent,

224 1378 253 1400 et
267 1373 302 1401 ab
317 1373 362 1400 his
380 1373 512 1408 pecunias
525 1372 596 1407 exigi
607 1372 685 1407 quasi
698 1371 733 1399 ab
747 1371 938 1400 inventoribus
953 1371 1014 1399 the-

224 1427 382 1449 saurorum.
410 1418 563 1453 Septimam
575 1425 686 1453 quoque
705 1417 886 1445 adinveniens
899 1425 948 1444 eos
964 1416 1012 1453 qui

225 1468 291 1492 ante
305 1465 340 1492 20
351 1472 437 1492 annos
451 1464 627 1496 invenerant,
641 1468 670 1491 et
687 1471 774 1498 usque
790 1463 883 1491 adhuc
909 1463 1012 1491 dolium

224 1513 274 1536 aut
289 1517 336 1536 vas
345 1509 541 1544 quodcunque,
556 1509 687 1536 omnibus
713 1509 832 1544 propriis
849 1508 949 1545 privari
963 1516 1013 1543 pe—

225 1554 327 1581 cuniis.
342 1554 545 1587 0ctavam,eos
559 1553 606 1588 qui
621 1562 656 1580 cx
669 1553 726 1581 avis
742 1554 785 1581 vel
809 1553 934 1588 patribus
955 1553 1013 1581 ha-

227 1599 418 1627 reditaverant
443 1604 471 1626 et
495 1598 584 1626 divisa
606 1599 760 1627 substantia
791 1607 926 1634 pauperes
951 1599 1014 1627 facti

227 1645 348 1678 fuerant,
362 1653 395 1672 ex
409 1644 513 1672 eisdem
527 1644 607 1672 annis
621 1644 655 1672 20
675 1644 891 1672 redhibitionem
905 1645 1017 1680 publico

229 1691 354 1726 praebere
367 1691 492 1726 jubebat.
518 1690 554 1718 Et
568 1697 615 1718 eos
636 1690 684 1726 qui
706 1695 833 1718 emerant
849 1695 927 1718 extra
944 1692 1018 1727 Aby-

225 1736 294 1764 dum
305 1744 421 1771 corpora
434 1736 557 1768 servilia,
570 1736 635 1764 bina
651 1737 818 1764 numismata
833 1737 862 1764 in
884 1737 1017 1765 tributum

228 1782 295 1810 dare
319 1782 460 1818 praecepit,
491 1782 609 1810 maxime
635 1783 697 1810 illos
722 1783 770 1818 qui
796 1783 825 1810 in
848 1783 1018 1811 Dodecaniso

226 1833 316 1857 erant.
332 1828 450 1860 Nonam,
466 1835 620 1858 nanc.::"os.
637 1828 682 1862 qui
696 1827 1017 1861 habilabantmaritima,

227 1869 257 1902 e't
284 1873 401 1901 maxime
447 1874 562 1901 minoris
596 1874 686 1907 Asiae,
725 1883 866 1910 nunquam
908 1879 1018 1903 terreno

228 1920 323 1948 laboro
340 1919 477 1952 viventes,
500 1928 594 1948 emere
620 1920 654 1947 de
675 1920 760 1948 rebus
775 1928 837 1955 qua:
846 1921 882 1948 ab
901 1921 949 1949 illo
974 1929 1020 1949 ra-

228 1966 376 2002 piebantur
402 1966 518 2001 cogebat
537 1986 545 1998 ,
563 1970 705 2001 utcunque
736 1968 959 2002 appretiarentur
983 1968 1019 1996 ab

229 2012 301 2047 ipso.
315 2011 467 2044 Decimam,
481 2011 637 2047 insignibus
657 2011 937 2047 Constantinopoleos
951 2021 1020 2041 nau-

229 2057 326 2085 eleriis
337 2057 463 2085 collectis
483 2057 559 2085 dedit
576 2057 610 2085 ad
626 2066 738 2085 usuram
764 2063 884 2093 quatuor
899 2059 1014 2094 siliqua-

229 2110 292 2130 rum
307 2103 455 2134 nulnisma,
470 2111 533 2130 cum
553 2103 614 2130 auri
636 2104 767 2131 librarum
784 2104 930 2132 duodecim
954 2113 1019 2151 pet;-

230 2147 383 2179 solvcrent,
407 2147 489 2174 simul
509 2151 537 2174 et
555 2153 688 2175 consueta
709 2149 887 2176 commercia.
902 2150 965 2178 Haec
986 2147 1020 2178 ἐκ

231 2191 326 2219 multis
345 2192 412 2219 mihi
431 2193 590 2220 summatim
616 2201 703 2228 pauca
718 2194 858 2230 descripta
880 2200 956 2228 sunt,
982 2197 1021 2224 si—

231 2236 374 2272 gnificanti
389 2237 584 2265 multimodum
612 2238 672 2274 ejus
698 2238 733 2266 ad
759 2246 870 2267 omnem
898 2240 1018 2275 speciem

232 2283 356 2311 avaritiae
372 2283 514 2311 molimen.
530 2283 596 2317 Quae
610 2284 685 2311 enim
697 2284 725 2312 in
740 2284 816 2320 regia
831 2285 900 2312 urbe
916 2285 1021 2320 primo-

232 2329 310 2357 ribus
326 2329 514 2358 mediocribus
534 2335 564 2358 et
588 2330 696 2366 exiguis
721 2334 834 2359 ostensa
855 2336 919 2359 sunt
938 2332 1020 2366 mala,

232 2379 375 2410 nequeunt
397 2376 492 2409 scribi,
510 2377 579 2404 alios
590 2377 702 2412 quidem
711 2385 746 2405 eo
759 2378 941 2413 iuvestigante
955 2386 1023 2414 qua-

231 2421 296 2449 liter
309 2421 385 2449 domi
410 2421 546 2456 viverent,
571 2429 605 2450 ac
630 2423 811 2451 submittente
838 2424 1021 2459 malignorum

232 2466 368 2501 quosdam
394 2473 539 2494 servorum
565 2467 715 2503 derogandi
731 2467 863 2499 dominis,
878 2473 908 2496 et
922 2469 950 2496 in
964 2469 1024 2504 pri-

233 2512 350 2540 mordiis
363 2513 442 2548 quasi
459 2508 603 2541 dubitante
614 2522 699 2549 super
708 2515 753 2542 his
764 2523 826 2550 quae
846 2515 1023 2548 dicebantur,

232 2558 335 2586 deinde
355 2566 422 2586 vero
441 2558 595 2587 afﬁrmante
620 2561 797 2588 calumniam.
813 2561 842 2588 ld
868 2561 958 2597 ipsum
974 2570 1024 2590 au-

233 2610 289 2632 tem
302 2609 331 2632 et
345 2613 429 2640 super
444 2605 613 2641 ignobilibus
621 2606 745 2641 gerebat,
758 2607 857 2643 dignos
869 2607 1023 2636 honoribus

231 2651 359 2687 judicans
380 2650 568 2680 detrahentes.
588 2652 725 2680 Praeterea
750 2653 896 2681 domorum
920 2654 1024 2683 multos

234 2697 422 2725 habitatorum
436 2705 450 2725 a
464 2698 551 2733 prima
563 2699 590 2726 in
604 2699 713 2726 tertiam
734 2700 938 2735 generationem
955 2700 1024 2728 sub-

233 2743 373 2776 vertebat,
390 2751 438 2779 spe
451 2743 540 2772 fretus
554 2745 628 2780 quod
641 2749 746 2780 quanto
761 2745 881 2774 celerius
897 2751 1023 2781 ruerent,

235 2793 314 2816 tanto
331 2789 382 2817 has
399 2789 458 2826 ipse
474 2790 547 2818 foret
561 2790 723 2819 haereditate
733 2791 816 2820 citius
831 2799 1023 2828 possessurns.

236 2834 354 2868 Dignum
370 2842 463 2864 autem
480 2840 523 2865 est
534 2842 565 2865 ut
579 2840 608 2864 et
624 2837 678 2865 hoc
694 2845 778 2866 causa
803 2838 952 2873 voluptatis
976 2846 1025 2866 seu

235 2880 433 2917 paradigmatis
452 2883 592 2913 memoria
605 2884 841 2913 commendemus.
865 2884 1027 2927 Cerularius

1071 965 1189 993 quorum
1208 957 1385 993 particularis
1403 957 1519 985 historia
1536 963 1653 984 onerosa
1679 961 1722 984 est
1748 956 1791 983 bis
1808 956 1858 991 qui

1065 1003 1275 1038 compendiosas
1291 1002 1399 1031 discere
1415 1010 1512 1031 causas
1537 1002 1697 1037 exquirunt.
1725 1001 1785 1028 Kal.
1809 1008 1859 1028 au-

1068 1049 1314 1086 Iem_0ctobribus,
1331 1049 1413 1076 tertia
1430 1048 1510 1081 feria,
1521 1048 1667 1084 evaginato
1677 1047 1789 1083 quidam
1801 1047 1859 1074 dis-

1065 1097 1170 1132 sipatus
1182 1096 1210 1124 in
1225 1096 1322 1123 habitu
1338 1095 1465 1123 monachi
1480 1094 1572 1130 gladio
1582 1094 1725 1130 cujusdam
1736 1093 1859 1121 militan-

1067 1145 1135 1172 tium
1152 1143 1276 1171 cucurrit
1297 1143 1324 1170 in
1339 1143 1483 1178 palatium,
1500 1141 1686 1177 Nicephorum
1701 1140 1858 1168 interficere

1068 1197 1205 1225 quaerens.
1223 1189 1283 1216 Duo
1296 1195 1363 1216 vero
1379 1196 1413 1215 ex
1429 1187 1474 1214 his
1488 1187 1536 1222 qui
1561 1186 1792 1218 circumstabant,
1821 1185 1860 1212 ir-

1066 1240 1179 1262 ruentes
1196 1233 1226 1261 in
1243 1242 1319 1266 eum,
1337 1233 1470 1261 atrociter
1495 1232 1635 1261 vulnerati
1659 1236 1724 1260 sunt
1738 1231 1774 1259 ab
1799 1231 1857 1258 illo.

1029 1295 1046 1310 v.
1064 1280 1289 1316 Comprehensus
1308 1284 1401 1307 autem
1416 1283 1445 1307 ct
1461 1279 1556 1306 multis
1577 1278 1665 1314 pomis
1679 1277 1795 1306 aﬁ‘ectus
1808 1285 1859 1304 cx-

1065 1327 1172 1355 cusavit
1187 1334 1227 1359 se,
1255 1326 1422 1354 dtemonium
1450 1325 1554 1353 habere
1581 1324 1768 1360 praetendens,
1797 1324 1859 1351 nul-

1065 1373 1179 1408 lumque
1192 1379 1308 1408 prorsus
1329 1379 1473 1399 accusans.
1488 1370 1523 1399 At
1548 1371 1595 1398 ille
1624 1370 1699 1397 hunc
1724 1370 1751 1397 in
1784 1369 1859 1404 ligno

1066 1418 1188 1446 munivit
1202 1425 1265 1445 cum
1281 1417 1465 1453 patientibus.
1492 1416 1569 1444 Multi
1585 1424 1652 1452 ergo
1664 1416 1795 1450 deinceps
1809 1423 1862 1442 au-

1065 1463 1154 1500 gurati
1169 1468 1245 1496 sunt,
1259 1463 1382 1491 enormis
1396 1463 1456 1491 fore
1472 1463 1536 1490 mali
1554 1463 1608 1490 hoc
1621 1462 1727 1498 signum
1745 1468 1860 1489 asseve-

1066 1514 1160 1537 rantes
1176 1513 1232 1537 tam
1248 1509 1453 1544 imperantibus
1465 1516 1549 1544 quam
1566 1508 1707 1544 subjectis,
1723 1506 1859 1542 quemad-

1066 1556 1178 1583 modum
1190 1555 1258 1583 etin
1271 1554 1356 1590 impio
1371 1555 1500 1582 Nestorio
1513 1553 1615 1582 factum
1628 1558 1680 1582 est.
1696 1553 1862 1581 Manichmth

1029 1601 1129 1630 Orum
1154 1609 1242 1634 vero,
1271 1601 1320 1636 qui
1360 1609 1436 1629 nunc
1469 1600 1623 1628 Pauliciani
1655 1605 1684 1627 et
1711 1599 1863 1635 Athingani

1068 1648 1210 1681 dicuntur,
1224 1647 1328 1682 quique
1342 1647 1370 1674 in
1386 1646 1504 1682 Phrygia
1519 1651 1548 1674 et
1559 1646 1695 1682 Lycaonia
1717 1645 1863 1673 constituti

1068 1693 1192 1721 contines
1211 1697 1239 1720 et
1253 1692 1337 1720 vicini
1351 1693 1412 1728 ejus
1424 1691 1609 1723 habebantur,
1627 1691 1734 1718 amicus
1749 1690 1862 1718 ferven-

1069 1739 1197 1767 tissimus
1208 1742 1278 1771 erat,
1299 1738 1442 1774 responsis
1458 1745 1556 1766 eorum
1583 1744 1693 1769 semper
1707 1740 1736 1764 et
1760 1736 1862 1763 immo-

1068 1785 1220 1813 lationibns
1234 1784 1451 1820 congratulatus,
1482 1783 1512 1811 in
1543 1783 1656 1819 quibus,
1687 1787 1717 1810 et
1750 1782 1863 1817 quando

1069 1830 1212 1857 Dardanus
1227 1829 1361 1865 patricius
1375 1833 1472 1857 contra
1484 1836 1514 1856 sc
1529 1827 1694 1861 insurrexit,
1711 1827 1755 1855 his
1775 1827 1863 1855 advo-

1070 1876 1140 1904 catis
1155 1876 1231 1903 hunc
1247 1875 1439 1903 molitionibus
1454 1875 1579 1910 ipsorum
1604 1874 1724 1909 subegit.
1740 1873 1864 1901 Taurum

1070 1922 1174 1958 quippe
1192 1921 1221 1948 in
1244 1921 1365 1956 quodam
1386 1921 1448 1948 lacu
1465 1921 1557 1948 ferreo
1575 1920 1638 1956 palo
1653 1920 1785 1948 cantibus
1802 1920 1865 1947 alli—

1070 1975 1138 2004 gans
1156 1967 1190 1995 ad
1207 1972 1309 1994 terram
1324 1967 1516 1999 incurvatum,
1535 1966 1576 1994 sic
1601 1965 1668 1994 dum
1695 1966 1814 2001 mugiret
1837 1970 1867 1993 et

1070 2014 1245 2040 volntaretur
1260 2011 1351 2040 occidi
1371 2011 1450 2044 fecit,
1473 2011 1612 2047 hujusque
1627 2016 1732 2039 vestem
1746 2011 1774 2038 in
1792 2011 1866 2039 mola
1890 2025 1896 2029 -

1071 2067 1152 2087 versa
1160 2059 1221 2086 vice
1237 2059 1344 2086 molens
1356 2062 1385 2085 et
1394 2058 1632 2086 incantationibus
1644 2065 1711 2086 usus
1719 2057 1867 2085 victoriam

1072 2106 1144 2138 tulit,
1160 2105 1337 2141 permittente
1352 2105 1408 2132 Deo
1417 2109 1530 2140 propter
1543 2104 1750 2132 multitudinem
1769 2112 1868 2140 pecca-

1072 2157 1163 2179 torum
1174 2156 1342 2179 nostrorum.
1352 2150 1399 2178 Isti
1412 2151 1503 2178 locum
1516 2151 1567 2178 sub
1577 2151 1694 2186 imperio
1705 2152 1766 2187 ejus
1774 2151 1867 2186 adepti

1072 2203 1137 2226 sunt
1163 2197 1301 2233 intrepide
1314 2197 1515 2231 convcrsandi;
1533 2198 1607 2226 unde
1624 2198 1704 2225 multi
1731 2198 1868 2225 leviorum

1075 2243 1196 2271 infandis
1222 2250 1320 2271 eorum
1335 2243 1461 2278 corrupti
1474 2249 1539 2271 sunt
1554 2244 1648 2272 sectis.
1661 2243 1692 2272 In
1716 2244 1870 2272 Exacionio

1074 2296 1141 2316 vero
1167 2287 1280 2323 quidam
1311 2287 1397 2315 falsus
1422 2288 1542 2316 eremita
1554 2288 1683 2316 Nicolaus
1706 2288 1820 2316 nomine
1841 2293 1871 2316 et

1076 2333 1188 2368 quidam
1202 2340 1266 2360 cum
1279 2340 1313 2360 eo
1323 2332 1476 2368 blasphemi
1493 2332 1559 2361 facti
1575 2333 1686 2361 fuerant
1700 2333 1785 2361 etiam
1800 2333 1870 2360 recti

1076 2379 1213 2407 sermonis
1236 2379 1496 2415 venerabiliumque
1526 2379 1678 2415 imaginum
1705 2379 1870 2411 adversarii,

1076 2433 1146 2460 quos
1163 2425 1337 2461 Nicephorus
1353 2425 1539 2459 defendebat,
1557 2431 1587 2454 et
1613 2433 1753 2453 summum
1779 2433 1873 2453 sacer-

1073 2471 1166 2499 dotem
1191 2478 1344 2506 omnesque
1357 2471 1510 2499 secundum
1526 2471 1613 2500 Deum
1628 2471 1755 2499 viventes
1775 2471 1873 2500 tristes

1072 2517 1124 2545 hac
1137 2524 1189 2552 pro
1200 2525 1284 2545 causa
1299 2517 1443 2546 reddebat.
1454 2518 1531 2554 Smpe
1541 2526 1664 2553 namque
1674 2518 1810 2546 adversus
1822 2526 1873 2546 eos

1071 2563 1277 2598 queritantibus
1289 2563 1447 2599 indignatus
1457 2569 1509 2595 est,
1521 2563 1682 2591 inimicitias
1691 2563 1810 2591 invicem
1823 2571 1873 2592 co-

1071 2609 1240 2644 agitantibus
1265 2609 1345 2637 valde
1369 2610 1580 2646 congratularis,
1599 2609 1730 2638 deridens
1760 2617 1874 2638 omnem

1076 2654 1263 2683 Christianum
1272 2655 1428 2691 proximum
1443 2655 1605 2691 diligentem
1615 2656 1701 2684 veluti
1713 2656 1873 2684 divinorum

1077 2701 1269 2728 mandatorum
1281 2709 1395 2730 eversor
1407 2710 1415 2734 ;
1425 2702 1603 2730 cuistudium
1618 2703 1791 2738 eratjudicia
1806 2702 1876 2730 irra-

1077 2747 1221 2776 tionabilia
1235 2749 1446 2777 etrationabilia
1459 2753 1557 2777 contra
1568 2757 1678 2778 omnem
1693 2750 1835 2777 hominem
1845 2750 1875 2777 in

1080 2794 1236 2830 Magnarum
1247 2795 1372 2830 poenalia
1394 2796 1599 2829 commovendi,
1616 2803 1678 2832 quae
1691 2803 1774 2824 nemo
1792 2803 1876 2824 vaca-

1079 2845 1122 2867 ret
1134 2847 1217 2876 agere
1233 2841 1365 2869 adversus
1391 2841 1548 2877 impietates
1560 2842 1631 2877 ejus.
1650 2842 1776 2878 Denique
1801 2842 1877 2869 mili-

1081 2891 1155 2914 tares
1165 2886 1307 2922 principes
1327 2895 1404 2916 more
1421 2895 1565 2917 servorum
1581 2889 1621 2917 uli
1636 2888 1774 2926 episcopis
1789 2893 1817 2917 et
1831 2889 1878 2917 in-
