2052 3153
187 187 259 226 ΜΗ

594 192 779 224 HISTORIA
798 192 1086 224 ECCLESIASTICA
1099 193 1150 224 EX
1163 192 1406 225 ΤΗΕΟΡΙῙΛΝΕ.

1748 196 1817 230 “18

185 248 296 277 ferioris
314 247 421 276 ordinis
435 248 546 276 clericis
557 249 649 285 jussit,
677 249 821 276 audituros
837 249 978 284 episcopis
994 255 1014 278 Α
1029 248 1120 280 eabat,
1135 253 1163 278 et
1176 249 1360 285 principibus,
1381 250 1429 285 qui
1452 250 1598 278 introitum
1627 251 1819 287 inhibuerunt,

184 300 211 323 et
226 295 403 328 monasteria,
418 300 447 323 et
462 295 506 323 his
520 303 582 330 quae
593 303 690 322 eorum
708 301 803 323 essent
819 295 977 323 auclorabi-

183 341 246 368 liter
256 340 411 372 abusuros;
437 347 542 375 eosque
552 340 601 375 qui
614 348 630 367 a
647 341 749 368 saeculo
761 340 865 368 divinis
876 345 976 368 contu-

183 386 273 413 lerant
284 386 426 421 obsequiis
432 393 516 413 aurea
526 386 570 413 vel
581 390 710 422 argentea
719 393 783 414 vasa
792 386 976 422 vituperabat,

182 437 210 459 et
224 431 406 460 ecclesiarum
420 439 537 468 quaeque
563 437 670 460 sacrata
699 440 749 468 pro
778 432 977 460 communibus

184 478 280 506 haberi
298 478 412 514 dignum
429 478 489 506 fore
500 478 713 514 dogmatizabat,
734 479 820 506 instar
831 479 909 507 ludat
923 479 977 506 tale

184 525 252 559 quid
277 531 362 560 super
380 524 525 552 Dominico
541 525 717 553 decernentis
736 530 889 561 unguento.
919 526 976 553 An-

185 575 336 599 tecessores
352 578 419 598 vero
442 578 508 598 suos
529 571 710 606 imperatores
735 571 880 599 universos
901 571 978 598 velut

183 616 354 652 improvidos
368 617 525 650 accusabat,
539 617 707 652 generaliter
732 617 856 644 omnium
883 617 979 652 provi~

182 663 304 691 dentiam
317 663 456 697 auferens,
468 665 593 692 simulet
612 665 707 693 dicens
729 665 868 693 neminem
896 673 977 700 poese

183 709 365 744 imperantem
381 710 594 743 circumveniri,
612 711 634 738 si
649 711 767 738 voluerit
781 711 804 738 is
820 711 868 746 qui
890 711 977 746 impe-

182 760 226 783 rat
240 760 355 783 strenue
374 756 561 791 principatum
574 761 682 785 tenere.
695 757 750 785 Sed
773 765 861 785 vanus
887 757 976 784 factus

181 806 226 830 est
246 802 274 830 in
305 802 523 838 cogitationibus
547 803 607 831 suis
634 803 768 831 divinitus
794 803 972 832 occidendus.

181 849 289 876 Interea
304 856 398 876 mense
419 849 571 876 Februario
585 849 711 885 ejusdem
737 849 852 877 decima:
868 855 975 885 quartae

181 895 354 928 indictionis,
370 895 460 931 primo
476 896 590 924 sabbato
604 897 785 932 jejuniorum.
813 896 886 924 obvii
909 896 973 925 facti

182 942 314 970 Saraceni
328 927 414 977 penes
428 942 590 970 Euchaitam
603 927 688 970 Leoni
704 943 814 978 praetori
830 943 974 971 Armenia-
991 927 1012 953 Β

184 996 295 1021 corum,
312 988 448 1016 deferenti
462 989 592 1016 thematis
602 997 705 1024 rogam,
722 989 793 1017 hanc
803 990 976 1017 abstulerunt

180 1042 245 1062 cum
255 1034 434 1062 multitudine
447 1035 542 1070 populi
558 1035 679 1070 copiosa.
695 1035 809 1063 Talenta
821 1043 886 1063 vero
894 1041 974 1064 erant

179 1081 331 1114 sexdecim,
343 1089 404 1116 quae
418 1086 484 1108 sunt
500 1081 578 1109 librae
589 1081 663 1109 mille
680 1086 709 1109 et
724 1085 865 1109 trecentae.
877 1082 911 1110 Et
922 1090 975 1110 nec

179 1127 221 1154 sic
232 1127 398 1162 redargutus
412 1127 587 1162 Nicephorus
603 1128 638 1155 ab
653 1127 768 1156 avaritia
781 1136 830 1156 sua
845 1129 972 1156 cessavit.

179 1173 209 1200 ln
221 1173 265 1200 his
279 1181 344 1208 ergo
361 1173 447 1208 signis
465 1181 554 1201 novus
580 1174 676 1201 Achab
697 1181 752 1202 non
769 1174 911 1207 eruditus;
926 1175 973 1209 qni

179 1222 286 1250 contra,
296 1218 441 1245 Phalaride
453 1226 486 1246 ac
497 1219 569 1246 Mida
579 1219 758 1247 ambitiosior
769 1219 868 1251 factus,
877 1225 972 1247 contra

179 1264 312 1299 Volgares
337 1265 462 1299 praelium
490 1270 630 1300 pmparat
659 1273 714 1293 una
739 1273 802 1293 cum
829 1265 973 1293 Stauracio

180 1310 237 1337 tilio
253 1318 314 1337 suo.
336 1310 370 1338 Et
391 1310 464 1338 lulio
481 1318 576 1339 mense
591 1319 606 1339 a
628 1312 703 1347 regia
725 1312 795 1340 urbe
818 1312 971 1347 digressus,

176 1357 258 1391 jussit
268 1356 370 1385 Niceten
382 1357 498 1392 patricio
513 1361 541 1385 et
555 1358 675 1393 generali
689 1358 835 1392 logothete
846 1358 972 1394 publicos

178 1403 358 1430 ecclesiarum
379 1407 408 1430 et
431 1405 662 1432 monasteriorum
693 1412 792 1432 census
816 1404 970 1439 imponere,

179 1454 206 1476 et
231 1453 297 1477 octo
324 1457 460 1477 annorum
493 1451 696 1486 praeteritorum
729 1451 930 1478 redhibitiones
956 1458 971 1478 a

179 1495 337 1530 principum
372 1496 503 1524 domibus
536 1497 656 1532 exigere.
685 1502 714 1525 et
741 1502 800 1525 erat
822 1497 971 1524 lamentum

179 1549 318 1576 magnum.
332 1541 400 1569 Cum
419 1546 511 1571 autem
525 1543 728 1578 querimoniam
744 1543 854 1571 audiret
877 1551 891 1570 a
904 1551 972 1578 quo-

1030 295 1198 322 minabatur.
1229 295 1432 323 Irrationabilia
1458 303 1574 332 quaque
1596 297 1758 331 animantia,
1777 299 1821 327 ina-

1028 341 1118 369 fantes
1136 345 1166 368 et
1183 348 1294 369 omnem
1318 345 1427 369 atatem
1452 341 1709 371 immisericorditer
1727 344 1819 372 occidi

1028 386 1169 421 praecepit,
1183 391 1213 414 et
1224 391 1334 414 mortua
1347 387 1623 421 comprovincialium
1638 396 1758 424 corpora
1776 389 1821 417 in-

1028 432 1136 466 sepulta
1149 431 1267 465 dimisit,
1283 432 1371 460 solius
1391 432 1543 467 spoliorum
1563 433 1738 462 collectionis
1756 435 1819 462 dili-

1028 478 1148 514 gentiam
1166 478 1284 506 faciens.
1302 478 1401 507 Claves
1417 483 1509 507 autem
1525 484 1553 507 et
1576 480 1718 515 signacula
1734 489 1820 516 pene-

1028 523 1145 551 tralibus
1173 523 1287 551 Crumni
1312 525 1567 560 superimponebat,
1583 533 1617 554 ea
1648 531 1680 554 ut
1707 527 1820 563 propria

1027 569 1062 597 de
1076 573 1177 598 caetero
1197 570 1336 599 muniens.
1366 570 1456 598 Aures
1482 571 1566 600 etiam
1597 576 1626 600 et
1655 577 1819 601 ceterorum

1026 615 1251 644 Christianorum
1283 616 1429 649 membra,
1459 617 1508 652 qui
1538 617 1636 652 saltem
1663 618 1822 654 tetigissent

1026 663 1178 699 quidquam
1194 671 1228 691 es
1243 664 1351 699 spoliis.
1364 663 1534 696 abscidebat,
1547 668 1575 692 et
1585 664 1676 692 aulam
1696 665 1820 693 incendit

1027 719 1089 746 quae
1101 711 1247 741 dicebatur
1260 711 1346 738 cortis
1359 710 1486 742 Crumni,
1504 718 1566 738 cum
1584 710 1643 746 ipse
1667 711 1819 739 vehemen-

1027 762 1069 785 ter
1082 761 1157 784 esset
1172 757 1346 789 humiliatus,
1360 762 1389 784 et
1406 756 1590 792 signiﬁcasset
1610 756 1707 785 dicens
1725 766 1732 785 :
1753 757 1819 785 Ecce

1026 804 1120 830 vicisti.
1137 803 1210 830 Tolle
1224 811 1287 839 ergo
1309 803 1437 839 quidquid
1460 804 1506 830 tibi
1530 803 1662 838 placabile
1680 804 1769 839 fuerit,
1793 809 1820 832 et

1026 850 1148 885 egredere
1162 851 1190 877 in
1203 858 1276 886 pace.
1295 850 1330 877 At
1342 850 1399 882 ille,
1414 858 1478 878 cum
1493 850 1571 885 pacis
1583 854 1657 878 esset
1671 850 1816 883 inimicus,

1028 897 1101 924 hanc
1117 897 1265 924 admittere
1283 896 1383 924 noluit.
1402 896 1431 924 In
1455 896 1557 932 quibus
1572 896 1691 924 saeviens
1718 896 1764 924 ille
1788 896 1818 924 in

1028 943 1149 979 regionis
1168 943 1298 971 introitus
1321 948 1349 970 et
1363 942 1455 970 exitus
1479 943 1568 978 lignea
1587 943 1740 970 munimina
1756 943 1820 971 mit-

1028 994 1088 1018 tens
1101 990 1221 1018 maceria
1235 990 1427 1018 circumdabat
1441 994 1524 1025 atque
1544 990 1654 1018 tutavit.
1678 989 1820 1025 Nicepboo

1027 1043 1075 1062 rus
1090 1039 1181 1062 autem
1197 1035 1251 1062 hoc
1263 1041 1407 1070 comperto
1422 1043 1487 1062 mox
1513 1035 1659 1066 attonitus,
1686 1035 1819 1070 quidnam

1025 1085 1120 1116 ageret
1133 1081 1301 1109 circumiens
1312 1080 1468 1116 ignorabat,
1482 1084 1510 1108 et
1522 1081 1564 1108 his
1580 1081 1627 1116 qui
1645 1080 1728 1108 simul
1753 1080 1820 1108 ade-

1026 1132 1089 1155 rant
1100 1127 1220 1155 futuram
1236 1127 1420 1162 perditionem
1435 1127 1613 1161 praedicebat,
1630 1134 1797 1154 asseverans
1811 1135 1818 1153 :

1025 1172 1116 1199 Etiam
1128 1173 1151 1199 si
1161 1173 1270 1207 pennati
1282 1172 1347 1207 facti
1358 1172 1496 1206 fuerimus,
1508 1179 1536 1198 se
1554 1178 1631 1198 nemo
1657 1174 1743 1205 speret
1765 1170 1821 1196 eati-

1025 1218 1091 1245 tium
1103 1226 1253 1245 evasurum.
1283 1218 1346 1245 Hec
1375 1223 1467 1244 autem
1494 1217 1634 1248 molimina
1661 1220 1741 1244 erant
1771 1223 1821 1251 per

1025 1263 1085 1291 dies
1105 1263 1185 1296 duos,
1201 1264 1325 1299 quintam
1340 1263 1470 1291 videlicet
1495 1268 1524 1290 et
1539 1267 1645 1290 sextam
1660 1262 1776 1294 feriam;
1791 1265 1822 1290 et

1024 1313 1106 1336 nocte
1120 1309 1230 1337 sabbati
1248 1309 1422 1337 turbationes
1438 1312 1466 1336 et
1480 1308 1626 1336 turbarum
1650 1311 1822 1340 armatarum

1024 1352 1098 1381 circa
1114 1353 1302 1389 Nicephorum
1314 1359 1343 1382 et
1353 1361 1402 1382 eos
1418 1354 1468 1389 qui
1485 1361 1548 1381 cum
1574 1353 1635 1388 ipso
1663 1357 1744 1381 erant
1767 1360 1820 1380 aus

1024 1399 1088 1426 ditas
1112 1400 1186 1428 acies
1213 1407 1309 1428 omnes
1331 1405 1544 1428 enervaverunt.
1571 1400 1643 1427 Ante
1671 1399 1726 1426 diei
1752 1406 1820 1434 ergo

1024 1446 1191 1481 principium
1204 1447 1432 1482 supervenientes
1446 1446 1561 1474 Barbari
1573 1450 1671 1474 contra
1688 1444 1821 1472 taberna-

1024 1492 1118 1520 culum
1134 1492 1280 1528 Nicephori
1297 1497 1324 1521 et
1340 1497 1482 1529 magnates
1495 1493 1542 1528 qui
1558 1499 1621 1520 cum
1643 1492 1705 1527 ipso
1728 1493 1819 1524 erant.

1024 1538 1101 1566 hunc
1142 1539 1340 1567 miserabiliter
1386 1539 1599 1572 interﬁciunt;
1639 1538 1713 1567 inter
1750 1543 1822 1572 quos

179 1587 242 1614 dam
257 1588 370 1623 proprio
392 1588 508 1621 famulo,
521 1589 682 1617 Theodosio
697 1589 828 1617 videlicet
850 1589 973 1617 Salibara

1026 1589 1107 1612 erant
1143 1584 1239 1612 Aetius
1274 1585 1393 1616 Petrus.
1426 1590 1454 1613 et
1490 1585 1633 1613 Sisinnius
1675 1583 1821 1620 Triphyles

178 1633 297 1669 patricio
307 1634 421 1672 dicente
433 1633 486 1661 sibi
503 1643 510 1660 ε
527 1633 636 1666 Omnes,
651 1642 666 1660 ο
682 1634 798 1666 domine,
812 1639 905 1662 contra
920 1643 968 1662 nos

178 1678 310 1711 clamant,
332 1682 357 1705 et
380 1679 408 1705 in
425 1683 542 1714 tempore
555 1679 711 1706 tentatiom's
726 1687 816 1706 cmiter
834 1681 908 1707 casui
922 1688 972 1706 no—
993 1697 996 1700 ι

177 1729 236 1752 stro
253 1723 522 1760 congratulabunlur,
545 1724 584 1752 ait
595 1724 629 1751 ad
646 1732 710 1752 eum
729 1733 736 1752 :
752 1724 782 1752 Si
796 1725 866 1752 Deus
890 1725 971 1752 obdu—

179 1779 244 1798 rans
262 1771 400 1797 obduravit
422 1779 466 1797 cor
479 1779 566 1798 meum
580 1775 607 1797 ut
627 1770 745 1802 Pharao,
763 1771 826 1806 quid
839 1771 899 1798 boni
922 1772 972 1798 erit

180 1817 221 1843 his
235 1817 280 1852 qui
292 1817 339 1845 sub
355 1825 436 1844 manu
453 1825 511 1844 mea
524 1821 585 1843 sunt
597 1817 612 1844 θ
626 1826 641 1844 u
653 1817 811 1853 Nicephoro,
836 1818 971 1850 Theodosi,

180 1862 237 1890 noli
252 1867 406 1898 exspectare
423 1867 520 1898 praeter
533 1871 594 1898 quae
609 1871 624 1889 a
637 1868 661 1890 te
674 1863 879 1898 conspiciuntur.
910 1864 973 1891 Haec

181 1907 314 1935 Dominus
328 1908 415 1936 nevit.
440 1908 502 1943 Ipse
519 1916 570 1944 ego
594 1908 767 1944 conscriptor
790 1909 889 1937 horum
911 1909 973 1937 viva

180 1961 248 1982 voce
267 1954 359 1982 audivi
379 1962 394 1982 a
411 1954 727 1983 Theodosio.Collectis
748 1955 842 1991 itaque
854 1956 972 1987 militiis,

181 2007 237 2027 non
248 2001 337 2028 solum
352 2007 385 2027 es
399 2000 519 2032 Thrace,
532 2008 628 2028 verum
641 2001 724 2028 etiam
739 2008 773 2028 ex
782 2001 972 2034 ulterioribus,

180 2054 243 2074 cum
257 2046 301 2073 bis
313 2047 395 2074 etiam
410 2053 515 2081 egenos
530 2046 638 2081 pedites
654 2055 716 2074 cum
732 2047 852 2082 propriis
867 2047 972 2083 stipen-

180 2091 235 2119 diis
252 2095 349 2119 eontra
366 2092 506 2126 Volgares,
529 2092 622 2119 fundis
640 2097 669 2120 et
696 2092 790 2128 virgis.
803 2097 923 2121 armatos
945 2098 973 2120 et

181 2137 405 2173 blasphemantes
423 2137 548 2164 minavit.
573 2137 712 2166 Crumnus
734 2142 827 2166 autem
846 2139 974 2166 multitu-

182 2182 261 2212 dines
274 2183 383 2217 timens,
399 2191 462 2212 cum
476 2189 550 2212 esset
564 2184 710 2217 Marcellis.
736 2186 848 2221 petebat
864 2193 972 2222 pacem.

181 2230 278 2257 Atille
294 2238 414 2265 nequam
435 2231 560 2259 consiliis
587 2236 616 2260 et
636 2232 713 2267 paria
739 2233 973 2261 consentientium

1024 1630 1135 1665 patricii
1153 1650 1161 1663 ,
1199 1634 1283 1666 atque
1325 1631 1500 1659 Theodosius
1543 1630 1689 1658 llalibaras
1733 1629 1822 1665 patri-

1023 1677 1103 1709 cius,
1131 1677 1179 1712 qui
1221 1677 1398 1704 contristaxit
1431 1681 1460 1704 ct
1501 1677 1588 1704 multa
1624 1676 1712 1704 beate
1747 1675 1820 1702 mala

1021 1722 1142 1750 ostendit
1158 1722 1283 1750 Heirente
1301 1731 1309 1754 ;
1333 1729 1440 1749 necnon
1459 1726 1486 1749 et
1508 1721 1651 1756 Eparcbus
1671 1720 1820 1756 patricius,

1021 1772 1049 1795 et
1062 1768 1202 1796 Romanus
1211 1768 1344 1803 patricius
1355 1775 1387 1795 ac
1402 1772 1503 1803 prator
1516 1767 1710 1799 Orientalium,
1724 1766 1821 1796 multis

1022 1822 1076 1849 que
1094 1813 1140 1841 alii
1159 1813 1374 1849 protospatbarii
1397 1817 1425 1841 et
1442 1813 1596 1848 spstharii;
1615 1813 1682 1848 quin
1697 1817 1726 1841 et
1741 1812 1820 1839 οτάὴ

1023 1868 1088 1887 num
1105 1859 1255 1895 principes,
1277 1863 1305 1886 et
1318 1858 1466 1887 escubitus
1480 1858 1652 1888 domesticus
1666 1866 1716 1886 seu
1731 1858 1820 1888 drune

1014 1906 1115 1943 _garius
1130 1905 1282 1941 imperialis
1295 1905 1406 1942 vigiliae,
1429 1906 1512 1934 simul
1527 1910 1556 1933 et
1573 1905 1687 1933 Thracas
1705 1909 1818 1940 praetor.

1021 1957 1050 1980 et
1064 1952 1143 1980 multi
1161 1952 1302 1987 principes
1312 1952 1464 1980 thematum
1481 1959 1544 1979 cum
1562 1952 1680 1980 inﬁnitis
1693 1951 1818 1986 populis.

1024 1997 1174 2033 Omnisque
1180 1998 1402 2026 Christianorum
1412 2002 1544 2032 con-opta
1551 2002 1594 2025 est
1604 1998 1727 2033 species;
1741 2005 1821 2026 arma

1022 2051 1134 2080 quoque
1157 2044 1250 2072 omnia
1279 2045 1423 2080 perierunt
1449 2048 1478 2072 et
1504 2044 1614 2079 imperii
1637 2051 1712 2071 vasa.
1733 2044 1820 2072 Porro

1023 2089 1086 2117 talis
1101 2090 1158 2117 diei
1181 2089 1316 2118 deformia
1328 2091 1413 2119 verba
1437 2091 1509 2121 absit
1527 2090 1677 2122 Christiani
1699 2091 1819 2118 ulterius

1022 2136 1143 2169 videant,
1160 2140 1257 2172 utpote
1280 2145 1361 2166 omne
1379 2138 1530 2166 lamentum
1550 2137 1720 2167 excedentia.
1736 2137 1818 2165 Facta

1023 2190 1089 2210 vero
1102 2186 1167 2210 sunt
1175 2183 1233 2212 base
1243 2184 1360 2219 septimo
1367 2185 1502 2213 Kalendas
1510 2185 1647 2221 Augustas
1658 2184 1819 2212 indictionis

1023 2232 1138 2263 quartae.
1161 2229 1251 2264 Caput
1266 2234 1358 2258 autem
1378 2230 1528 2266 Nicephori
1542 2230 1682 2258 Crumnus
1696 2230 1817 2258 recisum

181 2276 362 2304 consiliorum
381 2284 495 2304 suorum
507 2278 685 2306 suasionibus
703 2279 863 2314 prohibitus
878 2283 930 2312 est,
941 2285 970 2307 et
987 2270 1010 2297 υ
1023 2275 1167 2308 suspendit
1183 2275 1283 2303 diebus
1303 2276 1398 2302 multis
1419 2277 1446 2302 in
1465 2276 1539 2311 ligno
1554 2275 1582 2303 in
1601 2275 1817 2303 ostentationem

182 2326 243 2355 post
258 2321 361 2348 multos
373 2321 515 2349 anfractus
529 2330 578 2357 per
600 2324 660 2350 avia
676 2323 734 2351 loca
758 2324 970 2359 praecipitanter.

183 2367 348 2394 temerarius
362 2367 445 2394 simul
458 2373 487 2395 et
502 2369 629 2402 pavidus,
644 2369 800 2405 ingreditur
814 2370 971 2405 Vulgariam

182 2411 290 2439 decimo
303 2412 386 2439 tertio
398 2412 534 2440 Kalendas
549 2414 697 2449 Augustas.
723 2422 785 2442 cum
809 2414 898 2442 Sirius
925 2421 974 2449 ap-

181 2462 292 2493 pareret
302 2462 402 2485 cuneta
415 2465 592 2491 consumens,
610 2459 770 2494 frequenter
780 2459 889 2490 aﬂ‘atus,
907 2457 973 2490 Quis

184 2503 244 2535 ibit,
261 2502 402 2538 inquiens.
418 2506 443 2529 et
456 2502 567 2538 decipiet
580 2503 680 2532 Achab.
695 2504 757 2538 quia
770 2503 823 2530 sive
832 2502 903 2530 Deus
920 2503 974 2530 sive

182 2548 351 2576 aduersarius
365 2549 448 2575 traicit
473 2556 514 2575 me
535 2549 688 2576 nolentem?
705 2549 791 2576 Porro
812 2549 972 2584 priusquam

182 2594 325 2630 ingressus
337 2594 435 2622 fuisset
447 2595 616 2630 Vulgariam,
643 2595 791 2630 Byzantius
809 2595 891 2630 hujus
903 2594 974 2622 dile—

182 2645 246 2668 ctus
268 2641 388 2669 famulus
409 2641 442 2669 ad
457 2641 611 2669 Crumnum
635 2649 651 2669 a
672 2642 809 2670 Marcellis
838 2641 971 2677 confugit,

183 2695 277 2714 secum
294 2687 425 2722 subrepta
442 2693 519 2715 veste
534 2688 669 2723 imperiali
685 2693 714 2716 et
727 2688 787 2716 auri
803 2688 883 2716 libris
910 2695 975 2715 cen—

183 2735 253 2758 tum.
270 2731 348 2759 Multi
361 2737 453 2760 antem
467 2733 550 2769 hujus
562 2733 654 2770 fugam
670 2734 698 2762 in
710 2734 812 2762 malum
824 2733 972 2769 Nicephori

182 2776 319 2811 suspicati
336 2782 412 2805 sunt.
426 2778 529 2805 Tribus
551 2778 654 2814 quippe
674 2779 773 2807 diebus
791 2783 855 2815 post
870 2779 974 2814 primos

182 2822 328 2851 conﬂictus
344 2831 374 2851 se
390 2824 548 2860 prosperari
561 2825 691 2860 opinatus
707 2833 763 2854 non
783 2833 914 2861 prospera
930 2825 972 2853 fa-

183 2865 268 2894 cienti
283 2867 341 2895 Deo
357 2868 502 2896 victoriam
518 2869 686 2902 aseribebat,
705 2870 755 2899 sed
771 2869 906 2898 Stauracii
929 2877 974 2898 so-

183 2911 240 2941 lius
252 2913 353 2942 bonam
370 2913 516 2943 fcrtunanr
525 2915 685 2951 bonumque
700 2916 846 2945 consilium
873 2916 973 2952 praedi-.-

365 2971 499 3001 PATIOL.
521 2972 580 3003 Gn.
603 2974 710 3006 CVIII.

1023 2319 1056 2347 ad
1072 2328 1101 2348 se
1119 2320 1326 2348 adventantium
1343 2321 1486 2348 nationum
1502 2326 1531 2348 et
1550 2321 1740 2348 confusionem
1759 2328 1819 2348 om-

1023 2365 1099 2392 nium
1112 2369 1283 2392 nostrorum.
1305 2365 1369 2393 Post
1391 2366 1450 2393 haec
1466 2374 1532 2393 sane
1548 2366 1689 2401 accipiens
1707 2366 1771 2398 hoc,
1789 2370 1819 2393 et
1851 2366 1854 2369 ’

1023 2418 1054 2438 os
1068 2410 1211 2438 denudans
1221 2416 1391 2447 argentoque
1406 2412 1561 2440 forinsecus
1571 2412 1701 2446 induens,
1720 2412 1819 2441 bibere

1024 2455 1051 2482 in
1064 2462 1098 2483 eo
1112 2455 1303 2484 Sclavinorum
1321 2458 1460 2500 princjpes
1477 2458 1542 2486 fecit
1559 2459 1702 2494 gloriatus.
1716 2459 1819 2487 Verum

1023 2500 1089 2528 licet
1104 2502 1199 2530 multa:
1218 2503 1308 2531 viduae
1322 2511 1355 2531 ac
1369 2505 1487 2540 orphani
1503 2513 1559 2533 uno
1573 2505 1618 2533 die
1636 2505 1740 2533 fuerint
1754 2505 1818 2533 facti

1023 2552 1052 2574 et
1063 2547 1225 2576 lamentatio
1246 2548 1429 2578 intolerabilis
1445 2551 1604 2584 haberetur,
1626 2552 1709 2588 hujus
1727 2556 1820 2579 tamen

1024 2593 1127 2621 occisio
1141 2595 1291 2623 multorum
1308 2596 1378 2624 facta
1393 2602 1436 2624 est
1451 2597 1613 2625 consolatio.
1630 2594 1741 2625 Modtim
1755 2605 1820 2625 vero

1023 2639 1107 2674 hujus
1117 2639 1267 2668 occisionis
1278 2642 1370 2669 nullus
1377 2650 1473 2670 eorum
1485 2643 1531 2678 qui
1548 2643 1645 2671 salvati
1656 2649 1721 2671 sunt
1736 2644 1821 2679 liqui-

1024 2685 1087 2713 dius
1103 2687 1253 2714 enarravit.
1277 2688 1382 2716 Ferunt
1402 2689 1514 2724 quidam
1529 2690 1603 2724 quod
1617 2695 1646 2718 et
1667 2689 1819 2718 Christiani

1024 2732 1099 2760 hunc
1114 2733 1259 2761 cadentem
1274 2734 1414 2770 lapidibus
1430 2735 1613 2771 impetierint,
1629 2741 1658 2764 et
1675 2736 1821 2767 eﬂeminr

1025 2782 1117 2805 torum
1126 2778 1260 2811 virorum,
1271 2787 1414 2808 servorum
1433 2781 1539 2809 scilicet
1552 2782 1624 2817 eius,
1639 2789 1701 2809 cum
1718 2779 1820 2818 quibus

1024 2829 1052 2852 et
1074 2826 1287 2858 concumbebat,
1313 2826 1358 2854 alii
1374 2827 1485 2862 quidem
1508 2827 1571 2863 igne
1590 2828 1667 2860 valli,
1684 2819 1731 2856 alii
1751 2835 1820 2856 vero

1024 2872 1124 2907 gladiis
1133 2873 1241 2908 periere
1251 2881 1314 2902 cum
1328 2875 1397 2910 ipso.
1408 2873 1495 2910 Hujus
1503 2875 1657 2911 principatu
1668 2875 1820 2904 Christiani

1025 2919 1179 2954 graviorem
1202 2919 1280 2947 nullo
1302 2924 1425 2956 tempore
1450 2916 1592 2949 consecuti
1620 2927 1693 2950 sunt.
1719 2923 1822 2958 Omnes

1559 2980 1595 3013 ιδ
