2052 3153
213 187 282 220 1419

771 180 971 212 ΑΝΑΞΤΑΞΙΙ
992 176 1307 211 BIBLIOTIIECARII

1787 170 1857 205 ita)

213 244 286 275 enim
299 242 347 278 qui
362 245 427 269 ante
441 239 655 274 se-imperarunt
668 235 867 265 ambitionibus
884 238 913 262 et
926 234 1008 262 luxu-
1024 236 1045 264 Α
1061 231 1241 278 indicabitur.
1255 230 1343 278 Porro
1364 228 1539 265 Nicephorus
1552 227 1708 278 patriarcha
1719 227 1855 278 scriptum

215 291 265 320 riis
281 293 365 325 atque
381 286 535 316 barbaricis
550 283 764 314 erudelitatibus
782 281 925 317 superavit
941 289 949 312 ς
973 279 1007 307 de

215 337 317 373 quibus
333 342 383 371 per
395 333 502 370 singula
517 331 648 368 prosequi
661 335 690 358 et
709 329 830 364 posteris
844 326 1008 356 incredibile

215 389 244 412 et
257 383 339 411 nobis
357 381 412 410 erit
429 379 610 408 laboriosam.
628 378 826 405 Verumtamen
841 382 875 402 ex
900 373 1008 402 limbria

225 435 325 458 extura
350 426 506 459 manifesta,
528 426 605 461 juxta
630 423 817 459 proverbium.
842 421 1010 449 Vulneratur

216 482 309 504 autem
318 480 347 503 et
358 473 520 502 Stauraeius
531 471 604 499 illius
615 471 675 506 ejus
688 468 845 504 periculose
856 467 884 494 in
898 466 1010 494 dextera

216 522 282 551 colli
301 525 390 557 parte,
407 524 436 547 et
453 519 500 546 vix
516 526 532 545 a
553 524 644 553 pugna
662 516 746 543 vivus
765 514 862 545 exivit,
882 518 911 540 et
934 511 1011 540 venit

218 567 445 603 Hadrianopolim
462 565 628 594 .atrocitera
651 563 729 598 plaga
751 561 954 597 colaphizatus.
977 559 1012 586 At

218 622 286 643 vero
302 613 460 648 Stephanus
470 611 604 647 patricius
615 615 644 638 et
657 609 815 637 scholarum
831 606 1012 638 domesticus,

218 667 281 688 eum
301 659 412 687 adesset
423 665 533 694 quoque
543 655 721 684 Theoctistus
735 653 874 689 magister,
890 657 1014 686 pronun-

219 706 298 735 tiavit
313 704 488 733 Stauracium
499 703 701 738 imperatorem
717 710 724 733 ;
751 704 780 727 et
797 697 950 734 disputavit
962 704 1013 732 po-

219 754 296 790 pulo,
313 751 362 788 qui
380 751 502 780 salvatus
516 749 616 782 fuerat,
632 751 730 775 contra
746 745 890 782 proprium
906 747 1013 779 patrem

220 807 300 828 suum
318 807 325 832 ;
343 797 391 834 qui
405 797 508 833 oppido
522 795 650 824 delectati
661 798 737 822 sunt.
752 791 867 820 Michael
882 796 948 818 sane
964 796 1015 817 cu-

219 845 381 881 ropalatius,
400 844 501 871 illassus
514 838 854 876 exsuperans,admodum
868 837 903 865 ab
919 836 1016 865 amicis

219 895 333 928 rogatus
341 894 386 918 est
395 889 584 924 utimperator
593 887 791 923 appellaretur,
799 889 829 914 et
835 889 892 913 non
904 884 1015 912 admisit

219 937 257 965 ob
273 938 431 974 juramenta
448 935 569 971 prrestita
584 933 741 968 Nieepboro
754 936 838 967 atque
858 929 1013 959 Stauracio.

221 983 292 1011 lluic
321 982 480 1018 Stephanus
507 980 676 1008 domesticus
700 978 853 1007 resultabat
879 985 928 1012 spe
953 977 1016 1004 vita

221 1029 369 1058 Stauracii.
387 1027 567 1057 Iheoctlstus
582 1033 650 1053 vero
664 1025 794 1060 magister
807 1023 950 1058 satagebat
965 1029 1016 1057 pro

222 1076 339 1111 imperio
358 1074 511 1102 Michaelis.
532 1073 625 1101 Porro
646 1070 806 1099 Stauracius
830 1077 882 1105 per
906 1069 1015 1096 urinam

221 1122 357 1158 sanguine
378 1122 578 1148 immensurate
598 1120 796 1153 prorumpente
817 1115 957 1143 arefactus
973 1118 1016 1142 est

221 1163 375 1197 femoribus
392 1166 474 1194 simul
493 1169 521 1193 et
543 1164 630 1197 tibiis,
650 1163 721 1191 adeo
740 1168 771 1190 ut
790 1162 890 1198 phorio
908 1161 1017 1189 veniret

221 1214 395 1251 Byzantium.
422 1211 502 1240 Hunc
530 1210 704 1246 Nicephorns
734 1207 890 1244 patriarcha
925 1207 1017 1234 valido

220 1260 440 1289 amansatfectu.
453 1257 600 1286 consilium
613 1256 696 1284 dabat
707 1255 734 1283 ei
744 1261 775 1283 ut
785 1255 871 1283 Deum
883 1254 1015 1289 placaret,

221 1310 250 1334 et
266 1312 315 1334 eos
328 1305 375 1340 qui
391 1303 506 1332 avaritia
529 1301 691 1338 prtegravati
708 1305 804 1329 essent
823 1308 839 1327 a
861 1303 940 1336 patre
961 1307 1014 1328 suo

221 1351 423 1380 consolaretur.
445 1349 485 1377 Ad
512 1355 594 1384 quem
614 1348 724 1383 paterni
748 1354 847 1375 sensus
869 1353 1017 1382 germanus

222 1398 312 1425 ineres
337 1395 448 1423 dicebat
462 1402 519 1422 non
544 1401 575 1422 se
601 1401 682 1428 posse
703 1393 766 1428 plus
788 1393 879 1420 tribus
899 1392 1017 1420 reddere

223 1442 347 1471 talentis.
366 1441 430 1469 llaec
455 1445 549 1468 autem
567 1444 627 1468 erat
642 1439 723 1467 exilis
739 1447 804 1474 pars
819 1438 1016 1474 injustitiarurn

224 1489 298 1516 illius
314 1497 321 1515 ι
348 1491 540 1515 verumtamen
556 1491 584 1514 et
600 1486 675 1514 circa
690 1486 749 1513 haec
767 1484 961 1520 pigritabatur,
975 1484 1018 1511 vi-

223 1542 290 1563 vere
301 1533 486 1561 fidens.VCum
503 1537 599 1560 autem
622 1531 713 1559 fmdus
726 1531 862 1558 illibatum
877 1538 954 1558 more
969 1537 1018 1565 pa-

1058 286 1074 306 a
1088 277 1220 306 Michaele
1237 276 1357 312 propria:
1372 283 1470 305 manus
1488 275 1580 310 exegit
1598 274 1632 303 de
1649 279 1723 305 recta
1742 274 1808 306 ﬁde,
1827 280 1857 303 et

1059 330 1090 353 ut
1103 325 1164 354 sine
1177 325 1312 361 sanguine
1324 332 1425 352 manus
1435 323 1624 352 aChristianis
1636 327 1771 355 servaret,
1782 324 1857 352 aede
1870 356 1874 366 |

1060 371 1146 400 sacris
1161 371 1323 401 hominibus
1338 378 1386 399 seu
1403 370 1547 398 monachis
1559 375 1588 398 et
1600 373 1657 398 toto
1667 370 1874 398 ecclesiastico‘

1060 418 1198 454 catologo,
1217 425 1253 446 ne
1270 421 1484 453 percuterentur
1498 417 1533 444 ab
1547 416 1604 444 illo.

1096 465 1176 493 Anno
1203 464 1296 499 itaque
1329 463 1426 491 mundi
1451 461 1621 492 conditionis
1649 462 1730 495 6504,
1757 462 1859 491 divina:

1059 510 1263 539 incarnationis
1278 517 1351 537 anno
1369 509 1431 540 805.
1445 509 1588 537 mensibus
1601 513 1675 542 octo,
1692 509 1737 537 die
1748 509 1859 544 quinta,

1062 556 1130 584 hora
1150 556 1249 591 prima,
1274 555 1426 584 indictione
1449 555 1559 590 quinta,
1583 555 1699 584 Michael
1717 555 1860 590 piissimus

1063 604 1237 639 curopalates
1256 604 1412 639 appellatus
1433 607 1477 632 est
1492 604 1651 639 imperator
1669 604 1858 632 Romanorum

1065 650 1093 678 in
1107 650 1306 686 Hippodromio
1317 658 1333 678 a
1350 654 1407 678 toto
1421 654 1519 678 senatu
1539 655 1623 684 atque
1635 649 1793 682 ordinibus,
1811 650 1859 684 qui

1065 696 1213 730 imperavit
1233 696 1314 724 annis
1336 696 1456 723 duobus.
1476 695 1643 723 'Stauracins
1664 700 1756 724 autem
1777 696 1862 732 hujus

1065 743 1263 771 acclamatione
1274 742 1369 771 audita
1386 742 1477 771 statim
1493 750 1602 770 comam
1617 742 1746 776 totondit,
1759 747 1787 770 et
1803 751 1862 770 mo-

1066 787 1191 816 nachieis
1203 787 1389 817 circumdatus
1400 793 1443 817 est
1454 788 1626 817 vestimentis
1641 795 1689 823 per
1698 787 1861 816 Simeonem

1066 834 1245 867 monachum,
1271 839 1421 870 cognatum
1447 841 1541 865 suum.
1570 834 1649 862 valde
1674 835 1862 870 patriarcham

1068 880 1229 916 implorans.
1245 880 1297 914 Qui
1313 880 1429 909 veniens
1448 880 1624 916 inrpalatium
1640 881 1758 908 multum
1778 880 1863 908 Slau-

1067 928 1174 955 racium
1191 935 1246 955 una
1268 935 1331 954 cum
1350 927 1517 963 imperatore
1533 927 1804 964 Michaele‘rogabat,
1829 936 1866 956 ne

1068 972 1227 1001 tristaretur
1245 981 1329 1008 super
1342 981 1376 1002 eo
1389 973 1466 1009 quod
1487 973 1592 1002 factum
1616 978 1682 1002 est:
1711 982 1767 1002 non
1788 975 1863 1002 enim

1066 1027 1117 1054 per
1132 1019 1257 1053 insidias,
1273 1020 1321 1048 sed
1338 1027 1387 1055 per
1406 1020 1629 1056 desperationem
1645 1021 1710 1049 vita:
1729 1021 1816 1056 ipsius
1837 1021 1866 1049 id

1066 1069 1174 1100 gestum
1189 1066 1376 1095 asseverabat.
1391 1066 1426 1095 At
1445 1067 1492 1094 ille
1508 1067 1639 1102 nequitia:
1651 1072 1774 1102 paterna:
1786 1067 1865 1095 rabie

1066 1111 1162 1140 furens
1174 1120 1230 1140 non
1247 1112 1400 1148 acquievit,
1409 1113 1506 1140 dicens
1517 1113 1555 1141 ad
1564 1121 1629 1140 eum
1643 1121 1650 1140 :
1662 1113 1783 1141 Amicum
1806 1121 1864 1140 me-

1068 1157 1161 1185 liorem
1172 1166 1214 1186 me
1226 1167 1279 1186 non
1294 1159 1412 1186 habebis.
1421 1158 1500 1187 Hora
1514 1167 1582 1187 vero
1600 1159 1655 1188 diei
1671 1165 1769 1195 quarta
1782 1167 1866 1188 coro?

1067 1208 1149 1232 natus
1162 1209 1205 1233 est
1219 1205 1524 1241 MichaelaNieephoro
1536 1206 1694 1241 patriarcha
1705 1206 1733 1234 in
1746 1206 1866 1234 amboue

1067 1249 1175 1284 Magnae
1184 1250 1319 1282 ecclesiae,
1336 1250 1364 1278 in
1379 1258 1435 1285 quo
1451 1258 1549 1286 magna
1566 1251 1714 1281 exsultatio
1730 1251 1803 1279 facta
1811 1256 1863 1283 est.

1067 1300 1096 1324 et
1117 1296 1231 1324 donavit
1251 1297 1416 1332 patriarchae
1433 1297 1495 1326 auri
1516 1298 1602 1326 libras
1620 1298 1823 1333 quinquaginta
1836 1303 1866 1326 et

1067 1342 1142 1370 clero
1154 1342 1265 1370 vicenas
1275 1343 1409 1378 quinque.
1420 1343 1491 1371 Cum
1503 1344 1578 1372 enim
1591 1349 1665 1372 esset
1673 1345 1867 1380 magnanimus

1067 1390 1163 1415 etnon
1175 1395 1287 1420 avarus,
1304 1396 1401 1417 omnes
1420 1389 1579 1417 consolatus
1594 1394 1638 1417 est
1654 1390 1702 1424 qui
1717 1390 1866 1425 Nieephori

1068 1433 1183 1461 avaritia
1188 1433 1284 1462 fueran
1289 1434 1508 1470 tiaesi,donisque
1515 1440 1641 1463 senatum
1647 1440 1730 1471 atque
1738 1437 1867 1464 militiam

1069 1480 1216 1508 recreavit.
1232 1481 1319 1508 Porro
1333 1486 1432 1516 quarto
1447 1481 1511 1509 idus
1525 1481 1670 1510 Octobrias
1681 1486 1810 1510 coronata
1820 1487 1867 1510 est

1067 1524 1202 1560 Procopio
1214 1525 1338 1560 Augusta
1352 1525 1379 1553 in
1392 1526 1517 1555 triclinio
1534 1528 1700 1563 Augusteos,
1717 1528 1867 1564 multisque

224 1584 309 1608 εει-ηπ
324 1579 426 1606 mentis
441 1578 514 1605 circa
531 1577 669 1605 neminem
683 1580 873 1609 conservaret,
885 1576 1019 1611 [nequen-
1032 1586 1056 1618 c
1071 1569 1151 1598 donis
1178 1575 1305 1598 senatum
1331 1570 1486 1599 liberaliter
1507 1572 1594 1600 auxit.
1618 1571 1781 1601 Mulieribus
1801 1581 1868 1601 vero

225 1625 282 1653 tius
312 1622 590 1651 dehonestationibus
623 1622 802 1650 submittebat
827 1622 1019 1650 Theoctistum

225 1670 417 1706 magistratum
432 1673 460 1697 et
472 1668 653 1696 domesticum
668 1668 838 1704 Stephanum
855 1676 888 1696 ac
900 1669 1022 1696 Michae-

224 1717 280 1744 lem
298 1715 496 1751 .curopalaten,
520 1720 649 1742 avertens
667 1714 783 1742 omnino
808 1719 837 1742 et
855 1715 1020 1750 Procopiam

225 1770 349 1791 sororem
385 1769 466 1790 suam
498 1765 530 1788 ut
560 1761 736 1789 insidiantem
768 1760 822 1789 sibi
856 1761 1020 1797 Theophani

228 1810 359 1845 Augusta:
374 1807 618 1838 submissionihus.
641 1807 700 1835 Mox
725 1815 836 1843 quoque
854 1808 955 1836 misera
972 1816 1022 1843 per

227 1855 315 1884 beata;
329 1854 511 1882 imitationem
535 1853 660 1881 Heirenae
682 1853 810 1882 obtinere
828 1854 956 1889 sperabat
969 1854 1022 1881 im-

227 1901 346 1936 perium,
361 1907 424 1928 cum
436 1899 610 1928 sine.liberis
622 1902 706 1927 esset.
726 1898 761 1927 At
772 1905 840 1926 vero
857 1898 1022 1927 vStauracius

227 1954 257 1975 se
279 1946 379 1975 videns
397 1945 591 1974 insanabiliter
611 1945 749 1978 habitum,
772 1945 921 1980 imperium
942 1945 1022 1974 uxori

227 1991 373 2027 acquirere
382 1990 531 2018 festinabat
541 1994 589 2018 aut
601 1989 721 2025 .Vulgare
730 1989 887 2025 imperium
901 1989 1023 2018 excitare

228 2036 257 2064 in
271 2036 445 2063 Christianos
459 2042 545 2070 supra
566 2034 750 2070 praecedentia
766 2035 847 2062 maia.
866 2034 956 2069 Super
966 2042 1022 2069 quo

229 2084 361 2116 paventes
374 2079 548 2114 Nieephorus
560 2079 716 2114 patriarcha
733 2084 761 2108 et
775 2080 952 2109 gTheoetistus
966 2088 1023 2108 rna—

228 2126 361 2162 gistratus
379 2130 408 2154 et
423 2125 580 2160 Stephanus
594 2124 763 2153 domesticus
778 2133 812 2153 ex
831 2125 916 2153 multa
930 2125 1023 2153 inimi-

228 2171 293 2199 citia
302 2171 333 2199 in
339 2171 474 2199 alternam
484 2170 634 2198 amicitiam
643 2178 705 2198 cum
717 2170 852 2198 Ilichaele
862 2171 1022 2206 europalate

229 2224 330 2246 venere
343 2216 417 2245 circa
430 2216 512 2244 linem
528 2216 630 2244 mensis
643 2215 813 2252 Septembris
825 2217 930 2252 quintaa
949 2217 1022 2245 indi-

1070 1616 1282 1643 thematicorum
1312 1617 1432 1644 militum
1448 1638 1455 1650 ,
1477 1617 1661 1653 qui'fucrant
1685 1619 1712 1646 in
1739 1619 1868 1654 Vulgaria

1068 1663 1218 1698 perempti,
1226 1664 1350 1699 quinque
1361 1664 1421 1692 auri
1431 1664 1661 1693 talentadenavit.
1671 1665 1867 1701 Theophanam

1071 1713 1164 1736 autem
1175 1717 1290 1737 uxorem
1307 1709 1455 1744 Stauracii,
1472 1710 1642 1746 singularem
1656 1711 1741 1739 vitam
1760 1713 1868 1747 ample-

1071 1761 1144 1786 xarn,
1158 1758 1187 1782 et
1203 1759 1334 1790 cognatos
1348 1755 1432 1789 illius,
1445 1755 1493 1790 qui
1510 1755 1706 1785 miserabiliter
1721 1757 1773 1785 sub
1785 1757 1869 1786 Nice-

1071 1798 1160 1835 phoro
1172 1800 1309 1833 vixerant,
1318 1800 1416 1829 ditavit
1428 1809 1435 1833 ;
1449 1801 1523 1830 inter
1532 1809 1594 1836 qua:
1607 1802 1743 1838 insignem
1757 1811 1868 1838 quoque

1071 1847 1184 1874 domum
1217 1847 1416 1875 monasterium
1449 1847 1619 1876 Tahebraica
1651 1848 1779 1881 dictum,
1819 1850 1868 1878 ubi

1073 1892 1234 1921 Stauracius
1251 1894 1438 1929 estsepultus,
1456 1893 1495 1921 illi
1508 1893 1655 1924 concessit.
1672 1896 1773 1923 Omnes
1783 1896 1868 1923 etiam

1071 1939 1202 1975 patricios
1214 1945 1243 1968 et
1256 1945 1409 1973 senatores,
1420 1940 1578 1968 sacerdotes
1589 1948 1622 1968 ac
1637 1947 1762 1970 summos
1773 1949 1870 1970 sacer-

1072 1984 1152 2018 dotes
1172 1989 1201 2013 et
1215 1985 1376 2019 monachos,
1389 1985 1540 2014 militantes
1553 1991 1582 2013 et
1596 1993 1733 2021 pauperes
1743 2006 1752 2019 ,
1770 1991 1825 2015 tam
1840 1988 1870 2017 in

1071 2031 1147 2066 regia
1167 2031 1236 2060 urbe
1250 2039 1333 2068 quam
1355 2032 1383 2061 in
1399 2031 1569 2060 thematibus
1583 2032 1727 2068 degentes,
1743 2032 1871 2068 locuplec

1073 2077 1153 2109 tavit,
1170 2077 1241 2106 adeo
1266 2082 1297 2106 ut
1318 2077 1556 2106 immensurabilis
1573 2078 1689 2108 avaritia
1708 2079 1869 2114 Nieephori,

1070 2128 1185 2158 propter
1200 2131 1284 2158 quam
1295 2128 1323 2151 et
1339 2124 1409 2152 male
1426 2125 1520 2159 periit,
1539 2126 1566 2154 in
1583 2125 1680 2160 paucis
1695 2125 1795 2154 diebus
1811 2126 1870 2153 dis-

1073 2169 1198 2204 paruisse
1214 2169 1392 2205 probaretur.
1408 2170 1499 2206 Super
1519 2171 1622 2199 multos
1640 2176 1777 2206 praeterea
1794 2173 1869 2207 opti-

1074 2223 1134 2243 mos
1144 2223 1236 2244 mores
1245 2223 1320 2248 suos,
1334 2223 1397 2245 eum
1411 2217 1473 2252 pius
1483 2221 1511 2245 et
1521 2217 1774 2246 orthodoxissimus
1783 2223 1868 2251 esset,

229 2262 483 2293 etionis..Kalendis
500 2265 592 2290 autem
604 2262 773 2290 Octobribus
783 2263 893 2298 vesperi
907 2263 1022 2291 Staura-
1039 2265 1061 2293 D
1075 2262 1237 2290 tristabatur
1266 2270 1349 2295 super
1377 2263 1422 2291 his
1443 2263 1492 2298 qui
1514 2271 1530 2291 a
1550 2269 1645 2292 sancta
1667 2264 1869 2293 scindebantur

227 2309 293 2339 eius
301 2309 465 2338 advocatum
480 2308 651 2344 Stephanum
663 2309 844 2338 domesticum
862 2313 1023 2344 percuncta-

233 2356 335 2389 batur.
363 2355 483 2391 quonam
514 2360 595 2390 pacto
630 2355 792 2383 Michaelem
824 2356 929 2383 sororis
966 2363 1024 2384 sua:

230 2402 360 2431 maritum
375 2410 409 2430 ex
430 2402 542 2437 propria
565 2401 668 2430 ducere
689 2406 783 2437 posset
803 2402 886 2430 domo
903 2402 938 2430 ad
962 2403 1024 2437 ejus

229 2449 326 2478 oculos
341 2448 488 2476 emendos.
506 2447 566 2481 Quo
590 2448 754 2490 perbibente
770 2449 946 2484 impossibile
969 2449 1024 2477 hoc

230 2496 290 2523 fore
312 2494 364 2522 hac
380 2494 450 2522 hora
472 2497 587 2529 propter
608 2494 739 2521 virtutem
764 2501 826 2529 quas
847 2495 921 2522 circa
945 2494 1023 2523 illum

229 2541 349 2573 adesset,
370 2545 399 2568 et
415 2540 452 2568 ob
470 2539 652 2568 munitionem
673 2540 725 2568 loci
741 2539 840 2568 domus
855 2541 952 2575 ipsius.
979 2548 1025 2568 ro-

229 2592 276 2624 gat
295 2586 400 2615 nemini
424 2585 484 2614 ﬁeri
500 2590 564 2613 nota
586 2594 648 2621 quae
662 2585 734 2614 dicta
752 2590 827 2614 sunt.
845 2587 880 2614 At
899 2586 945 2614 ille
959 2595 1023 2614 eum

229 2634 323 2663 verbis
339 2631 569 2669 persuasibilibus
589 2631 737 2661 inﬂexisset
755 2639 818 2659 eum
835 2639 870 2659 ne
887 2632 1024 2660 sollicitus

229 2683 314 2712 esset,
342 2687 393 2715 per
414 2683 507 2707 :totam
535 2683 643 2707 noctem
663 2679 779 2719 militias
804 2678 945 2711 ordinum,
963 2687 1024 2715 qua:

230 2728 431 2757 remanserant.
451 2724 568 2760 collegit
591 2724 619 2753 in
644 2724 856 2760 liippodromio,
881 2733 935 2753 una
959 2733 1023 2753 eum

230 2770 404 2806 principibus
426 2769 547 2805 propriis
567 2769 604 2798 ad
630 2769 866 2804 pronuntiandum
893 2770 1024 2798 eumdem

229 2817 392 2846 Michaelem
407 2816 614 2852 imperatorem.
626 2815 752 2851 Cumque
774 2820 849 2844 totus
861 2821 976 2845 senatus
991 2818 1024 2845 ad

231 2862 365 2898 palatium
379 2861 414 2889 de
436 2862 498 2889 luce
523 2861 654 2893 venisset.
678 2861 753 2889 hunc
775 2862 1025 2900 pronuntiaverunt

232 2908 447 2950 imperatorem.
475 2907 708 2952 quemadmodum
723 2908 764 2953 ~in
791 2907 1026 2950 subsequentibus
1035 2946 1054 2950 ,μ

1069 2309 1199 2338 Ecclesia
1215 2317 1382 2346 quacunque
1395 2311 1542 2339 occasione
1559 2311 1617 2339 sive
1630 2311 1790 2340 rationabili
1810 2312 1869 2339 sive

1072 2355 1268 2389 irrationabili;
1278 2357 1452 2392 multumque
1459 2357 1665 2385 sanctissimum
1672 2357 1869 2392 patriar-chara,

1073 2408 1100 2430 et
1111 2411 1160 2431 eos
1171 2403 1219 2439 qui
1235 2407 1363 2438 poterant
1379 2411 1430 2438 pro
1445 2403 1586 2431 communi
1609 2411 1678 2438 pace
1692 2411 1868 2435 concurram,

1073 2456 1174 2485 rogans
1197 2457 1253 2478 non
1271 2449 1444 2484 quiescebat,
1469 2449 1542 2477 inter
1562 2456 1633 2484 quos
1646 2453 1675 2476 et
1691 2449 1870 2477 Theodorum

1073 2494 1258 2530 hegumenum
1276 2494 1366 2522 Studii
1392 2499 1421 2522 et
1445 2494 1588 2522 Platonem
1608 2498 1692 2529 atque
1707 2494 1809 2530 Ioseph
1826 2502 1872 2521 ar-

1073 2540 1279 2576 chiepiscopum
1289 2540 1577 2572 Thessalonicensem,
1593 2539 1705 2567 fratrem
1717 2539 1869 2572 Theodori,

1074 2587 1103 2614 in
1120 2587 1255 2615 custodiis
1276 2587 1405 2615 detentus
1420 2586 1532 2619 amaris,
1549 2594 1604 2614 una
1616 2593 1681 2614 cum
1704 2586 1871 2621 primatibus

1074 2642 1184 2669 quoque
1201 2634 1362 2662 monasterii
1377 2641 1474 2661 eorum
1487 2633 1629 2669 satagebat
1644 2632 1724 2660 unire
1734 2641 1742 2666 ;
1753 2633 1828 2668 quod
1842 2637 1871 2660 et

1075 2679 1150 2708 fecit.
1165 2679 1303 2708 Caeterum
1321 2680 1399 2708 misit
1419 2683 1448 2708 et
1468 2679 1503 2708 ad
1519 2679 1650 2708 Carolum
1675 2679 1870 2714 imperatorem

1075 2727 1244 2755 Francorum
1260 2734 1310 2762 pro
1325 2734 1392 2762 pace
1405 2731 1488 2762 atque
1505 2730 1651 2754 contractu
1665 2725 1826 2761 nuptiarum
1843 2725 1870 2752 in

1075 2771 1311 2807 Theophylaetum
1336 2771 1424 2800 lilium
1445 2779 1538 2800 suum.
1564 2771 1738 2806 Nieephorus
1758 2777 1871 2806 quoque

1075 2817 1268 2846 sanctissimus
1278 2818 1434 2853 patriarcha
1443 2818 1596 2846 transmisit
1606 2817 1754 2853 synodicas
1763 2817 1872 2844 litteras

1076 2862 1109 2890 ad
1122 2862 1241 2890 Leonem
1254 2863 1459 2891 sanctissimum
1472 2870 1571 2898 papam
1591 2861 1747 2892 Romanum
1762 2869 1772 2886 :
1787 2865 1871 2888 antea

1078 2910 1179 2947 quippe
1205 2909 1326 2939 faciendi
1355 2910 1410 2939 hoc
1434 2918 1449 2939 a
1473 2909 1632 2946 Nicephoro
1657 2907 1871 2945 prohibebatur.
