2052 3153
209 194 220 226 l
225 192 278 224 123

755 186 956 218 AN'ASTASII
977 185 1303 218 BlBLIOTﬂrECARH

1774 185 1841 218 tm

205 252 234 276 (t
254 246 400 282 [Egyptum
411 249 443 272 et
455 243 575 272 Africam
590 242 646 271 duo
662 241 756 278 partiti
770 246 846 273 sunt,
863 245 892 269 ct
908 240 992 268 Palat-
1007 240 1212 275 A.acquirenda
1239 245 1331 268 tamen
1353 239 1480 276 pluribus
1503 244 1532 268 et
1560 241 1767 270 contribulibus
1798 251 1838 270 sa-

206 294 307 322 stinam
323 292 394 320 alius
405 291 521 319 latronis
534 297 611 317 more
622 288 753 324 depastus
763 292 817 315 est.

240 339 321 368 Anno
347 337 455 373 imperii
473 335 616 364 Michaelis
640 335 761 363 secundo
776 332 996 362 Crumnusllul-

205 392 301 420 garum
322 383 379 411 dux
392 382 667 418 ,perDargamerum
693 387 743 415 pro
761 387 828 414 pace
847 386 943 406 rursus
960 377 995 405 ad

208 430 370 460 Michaelem
385 429 582 464 imperatorem
592 426 758 461 legationem
774 425 858 457 misit,
869 431 996 460 quaerens

206 477 310 506 foedera
325 483 388 511 quae
405 474 456 502 sub
474 472 630 501 Theodosio
658 471 848 499 Hadramitino
872 475 900 499 et
925 470 996 498 Ger-

206 530 288 550 mano
300 520 456 557 patriarcha
472 519 637 554 repromissa
653 517 764 545 fuerant
777 517 930 549 Cormesio,
946 517 995 552 qui

206 575 256 604 per
269 566 335 595 illud
351 570 459 601 tempus
473 564 609 599 Vulgariaa
619 563 747 591 dominus
758 562 921 595 habebatur,
935 568 997 596 quae

206 611 340 639 terminos
367 609 547 637 continebant
574 616 591 636 a
618 608 753 637 Meleonis
778 607 997 639 Thracensibus,

205 656 370 684 vestimenta
392 661 502 690 quoque
523 661 576 681 seu
595 655 740 682 coccineas
756 653 846 688 pelles
861 660 947 687 usque
963 652 998 681 ad

205 701 325 738 pretium
339 700 538 736 quinquaginta
561 700 694 728 librarum
708 700 782 731 auri,
797 704 825 726 et
843 706 927 734 super
941 699 1000 727 bree

206 748 337 784 profugos
360 747 505 782 utriusque
533 746 621 782 partis
642 745 676 773 ad
692 746 857 773 alterutrum
872 745 963 777 reddi,
976 745 1000 772 si

207 794 370 830 contigisset
381 801 430 821 eos
442 792 567 821 insidiari
591 791 727 827 praelatis;
745 791 919 826 negotiantes
933 798 1001 818 vero

207 840 235 868 in
246 845 364 875 utraque
380 839 492 875 regione
508 846 558 873 per
575 841 712 873 praecepta
725 841 755 864 et
769 836 910 872 signacula
924 838 1001 864 eom-

207 885 332 914 mentlari
351 894 358 912 :
378 885 402 913 si
419 885 467 920 qui
482 892 551 912 vero
573 884 634 911 sine
649 883 791 919 signaculo
813 882 918 909 inventi
933 881 1002 909 fuis-

1046 286 1104 314 lute
1134 287 1280 322 oportebat
1303 288 1396 322 potius
1414 287 1559 315 decertare
1590 295 1674 322 quam
1693 295 1777 323 super
1799 290 1840 316 iu-

1046 331 1131 360 certis
1151 336 1180 359 et
1204 332 1394 361 invisibilibus
1425 333 1614 368 locupletari:
1635 334 1741 369 gratius
1766 335 1841 362 enim

1046 377 1103 404 Deo
1120 377 1212 412 plures
1222 385 1303 412 quam
1315 378 1461 414 pauciores
1477 378 1595 405 salvare.
1611 378 1698 406 Porro
1711 379 1842 407 damnum

1047 424 1076 452 in
1098 424 1225 460 pluribus
1246 424 1303 459 pati
1327 429 1442 460 propter
1460 424 1599 452 modicum
1615 424 1726 452 lucrum
1747 425 1843 460 primae

1047 469 1194 498 dementiae
1209 474 1262 498 est.
1292 470 1346 498 Sed
1362 476 1391 498 et
1404 470 1452 506 qui
1468 470 1543 499 circa
1558 471 1671 507 propria
1688 471 1844 500 inconsulte

1047 515 1166 551 laborat,
1181 516 1262 544 Iidem
1278 517 1430 545 secundum
1441 517 1555 545 Paulum
1572 519 1725 554 negavit,et
1740 519 1844 546 inﬁdeli

1047 561 1325 598 deteriorjudicatur
1338 570 1345 589 :
1359 562 1406 590 ubi
1429 563 1484 590 erit
1500 563 1613 590 etvillud
1633 563 1724 591 :.Cum
1746 565 1786 591 his
1798 565 1844 599 qui

1049 610 1161 637 oderant
1191 618 1296 646 pacem,
1319 619 1395 638 eram
1425 610 1571 647 paciﬁcus;
1587 611 1639 638 nisi
1660 611 1731 639 forte
1747 612 1804 640 sint
1815 617 1843 640 ct

1049 655 1135 683 Paulo
1150 660 1179 684 et
1202 656 1289 684 David
1306 656 1350 684 isti
1369 656 1562 692 sapientiores.
1583 657 1651 690 Quis
1663 662 1758 685 autem
1770 657 1844 685 Ger-

1051 709 1132 730 mano
1147 706 1188 730 ter
1204 702 1285 730 beato
1308 710 1382 730 nunc
1399 702 1559 738 sapientior,
1575 703 1629 731 nisi
1650 703 1728 739 juxta
1749 704 1843 738 perni-

1052 748 1158 776 ciosum
1174 749 1273 776 animae
1288 754 1425 777 tumorem
1438 757 1555 784 nequam
1569 758 1601 778 ac
1614 750 1737 785 perversi
1749 751 1845 778 consi—

1052 794 1135 826 liarii,
1151 794 1199 830 qui
1222 803 1317 830 pacem
1332 795 1515 823 inhibuerunt
1529 796 1540 822 ?
1555 795 1617 824 llaec
1631 796 1765 824 Kalendis
1780 803 1846 824 sunt

1053 841 1125 868 facta
1152 841 1366 869 Novembribus.
1385 843 1471 870 Porro
1493 842 1587 877 pridie
1609 842 1702 870 Nonas
1725 842 1844 870 Novem-

1055 889 1130 916 brias
1147 888 1275 923 apparuit
1295 894 1418 916 cometes
1446 888 1473 915 in
1503 888 1589 923 figura
1606 888 1723 916 duarum
1737 887 1846 924 fulgen-

207 936 280 965 scnt,
308 932 498 973 diriperentur
521 937 584 965 quae
610 929 756 962 haberent,
786 933 814 956 et
833 928 1004 956 inferrentur
1020 925 1040 952 Β
1056 933 1124 960 tium
1143 934 1475 966 lunarum‘adummium
1501 942 1531 962 se
1558 939 1641 970 atque
1654 935 1847 970 εερεηηιίυπιι

206 976 327 1012 publicis
342 975 508 1005 rationibus,
523 975 642 1010 Scripsit
663 974 748 1002 etiam
768 979 797 1002 et
813 973 1005 1002 damnationes

207 1023 243 1051 ad
263 1023 457 1057 imperatorem
474 1030 481 1048 :
498 1020 556 1049 Nisi
580 1020 780 1053 acceleraveris,
804 1020 953 1054 inquiens,
966 1020 1005 1047 ad

207 1075 311 1104 paean,
332 1067 435 1103 judicio
455 1071 500 1093 tuo
526 1066 670 1101 ιιι-ιιιιίαὸον
694 1070 788 1093 contra
810 1065 1003 1093 Mesembriam.

207 1115 258 1143 llis
286 1113 428 1149 perceptis
446 1112 597 1148 imperator
615 1119 735 1147 nequam
759 1111 940 1139 consiliorum
955 1111 1005 1139 ad-

207 1158 411 1188 monitionibus
434 1164 529 1193 pacem
551 1157 643 1184 minus
665 1156 786 1184 admisit.
811 1155 870 1184 Sub
887 1156 1005 1184 obtentu

207 1205 283 1233 enim
299 1204 373 1232 falsa:
397 1202 528 1239 pietatis,
539 1201 595 1229 imo
609 1201 875 1237 indisciplinationis
888 1201 1006 1229 etcirca

208 1258 268 1279 rem
299 1249 440 1286 publicam
463 1248 639 1284 perditionis,
669 1255 788 1283 nequam
816 1248 1007 1276 consiliatores

209 1296 369 1325 asserebant
384 1304 391 1322 :
406 1295 465 1323 Non
482 1299 585 1331 oportet
602 1295 711 1330 fugitivo
726 1294 844 1326 reddere,
858 1294 1008 1329 perhiben-

209 1347 252 1371 tes
262 1341 292 1370 in
307 1341 497 1370 testimonium
516 1341 584 1368 illud
610 1341 803 1376 evangelicum
823 1341 934 1369 Domini
946 1341 1007 1369 elo—

208 1387 305 1425 quium
320 1386 494 1423 perhibentis
510 1395 518 1414 :
537 1386 608 1414 Eum
623 1387 670 1421 qui
682 1386 753 1413 venit
771 1386 807 1413 ad
821 1394 872 1419 me,
889 1394 941 1413 non
957 1386 1007 1421 eji-

208 1435 280 1462 tiam
304 1434 388 1470 foras.
409 1433 549 1461 Mediante
574 1439 643 1459 vero
666 1439 761 1459 mense
775 1431 905 1459 Octobrio
919 1432 1008 1459 aciem

208 1480 306 1516 dirigit
327 1480 466 1508 Crumnus
489 1484 586 1508 contra
603 1478 798 1506 Mesembriam
819 1478 847 1505 in
864 1478 1009 1506 machina-

209 1526 313 1554 mentis
333 1529 362 1554 et
386 1525 530 1560 manganis
556 1529 586 1552 ct
606 1524 756 1557 arietibus,
778 1532 840 1559 qua:
858 1524 1008 1559 Nicephori

210 1570 367 1602 occasione,
395 1569 581 1597 destructoris
599 1569 724 1602 .Christi,
753 1569 899 1596 didicerat.
921 1569 1010 1596 Arabs

1055 979 1083 1007 in
1101 980 1209 1008 diversa
1226 980 1377 1013 schemata,
1394 981 1431 1008 ita
1449 985 1479 1008 ut
1501 980 1528 1008 in
1542 981 1665 1017 acephali
1684 981 1736 1009 viri
1757 981 1847 1010 ﬁctio-

1055 1031 1118 1051 nem
1133 1024 1331 1052 formarentur.
1352 1025 1386 1052 Et
1412 1025 1440 1052 in
1453 1025 1605 1053 crastinum
1620 1026 1655 1054 de
1670 1026 1777 1054 excidio
1792 1027 1848 1055 Me-

1054 1069 1182 1097 sembrite
1204 1070 1282 1098 venit
1304 1070 1387 1098 nobis
1405 1071 1537 1098 miserum
1559 1071 1687 1105 dubium,
1704 1072 1848 1100 deterrens

1055 1121 1151 1142 omnes
1162 1115 1197 1142 ob
1210 1115 1346 1150 majorum
1363 1116 1756 1152 malorum-exspectationem.
1769 1117 1850 1145 inve-

1055 1159 1164 1187 nientes
1191 1160 1344 1188 enimeam
1365 1161 1470 1189 inimici
1486 1162 1596 1197 plenam
1613 1163 1743 1191 omnibus
1765 1164 1850 1191 rebus

1055 1211 1117 1240 quae
1148 1205 1182 1233 ad
1210 1205 1410 1234 habitationem
1442 1206 1586 1235 hominum
1615 1207 1713 1236 adesse
1734 1208 1848 1241 debent,

1056 1251 1127 1279 hanc
1147 1256 1297 1280 tenuerunt
1322 1261 1377 1280 una
1405 1261 1469 1281 cum
1497 1253 1624 1287 Debclto,
1649 1255 1680 1282 in
1702 1255 1806 1290 quibus
1820 1261 1849 1283 et

1056 1298 1188 1333 siphones
1205 1307 1298 1327 amcos
1325 1299 1457 1327 invenere
1472 1307 1521 1328 sex
1535 1305 1564 1328 et
1588 1300 1719 1333 tricenos,
1736 1306 1764 1329 et
1778 1302 1850 1338 ignis

1057 1344 1177 1376 humidi,
1199 1346 1246 1380 qui
1273 1353 1324 1381 per
1342 1352 1390 1374 eos
1406 1346 1600 1379 emittebatur,
1621 1347 1741 1383 aurique
1759 1353 1787 1376 et
1803 1357 1848 1376 ar-

1058 1391 1132 1427 genti
1145 1391 1220 1419 haud
1236 1391 1372 1419 modicam
1386 1392 1505 1427 copiam.

1093 1436 1196 1464 Eodem
1213 1444 1286 1464 anno
1305 1437 1621 1465 m»ultl‘Christianorum
1643 1446 1678 1466 ex
1693 1439 1846 1470 Palaestina.

1058 1482 1186 1510 monachi
1200 1483 1307 1510 scilicet
1327 1490 1360 1510 ac
1374 1483 1450 1516 laici,
1466 1488 1495 1510 et
1511 1491 1543 1511 ex
1560 1485 1634 1512 omni
1660 1485 1736 1520 Syria
1753 1486 1780 1513 in
1795 1485 1848 1522 Cy.

1060 1535 1139 1563 prum
1167 1535 1278 1561 venere,
1304 1527 1443 1563 fugientes
1469 1529 1631 1557 immensam
1647 1531 1765 1558 Arabum
1779 1532 1849 1559 afﬂi-

1061 1572 1192 1600 ctionem.
1205 1573 1273 1601 Cum
1287 1574 1363 1602 enim
1383 1574 1444 1602 sine
1460 1576 1580 1610 generali
1600 1578 1759 1613 principatu
1772 1578 1850 1614 Syria

210 1616 285 1644 enim
298 1614 411 1650 quidam
424 1613 458 1642 ad
474 1613 643 1649 baptismum
658 1618 814 1641 accesserat
828 1615 895 1641 satis
905 1621 1007 1649 expers

1060 1623 1134 1646 esset
1148 1623 1178 1646 et
1191 1619 1324 1655 Egyptus
1348 1624 1377 1648 et
1400 1621 1492 1648 Africa
1516 1626 1545 1649 et
1565 1623 1654 1650 omnis
1681 1613 1852 1659 principatus

211 1661 379 1690 mechanica:
403 1659 487 1693 artis,
503 1667 586 1695 quem
601 1667 665 1687 cum
679 1665 770 1688 castra
787 1665 908 1688 metatus
920 1665 1005 1693 esset,

212 1710 240 1737 in
255 1706 454 1741 iladrianopoli
478 1705 625 1734 wnstituit
634 1713 643 1739 ;
656 1705 714 1733 ~cui
730 1705 838 1734 nullum
853 1705 1007 1734 secundum

212 1753 341 1781 meritum
363 1752 496 1781 auxilium
521 1752 566 1781 vel
583 1751 754 1780 beneficium
766 1752 924 1785 conferens,
939 1753 1007 1788 quin

212 1800 306 1835 potius
330 1803 360 1827 et
380 1807 475 1835 rogam
500 1799 561 1834 ejus
584 1798 762 1832 abbrevians,
787 1805 1009 1828 murmurantem

212 1847 297 1875 nimis
307 1846 419 1875 cecidit.
434 1845 487 1880 Qui
503 1853 589 1882 super
603 1846 657 1874 hoc
673 1846 802 1874 tristatus
814 1846 884 1882 fugit
895 1847 929 1874 ad
944 1847 1010 1874 :Vul-

213 1901 303 1930 gares,
319 1898 348 1921 et
358 1892 456 1921 docuit
472 1900 521 1920 eos
537 1900 648 1920 omnem
666 1893 908 1928 mangani'artem.
922 1894 950 1922 in
966 1894 1011 1921 his

213 1939 355 1970 insistens,
372 1938 484 1966 nemine
502 1937 538 1965 ob
563 1937 678 1966 multam
692 1938 837 1966 stultitiam
853 1939 1009 1972 resistente,

213 1993 264 2021 per
287 1989 376 2014 totum
400 1991 524 2012 mensem
555 1984 631 2019 cepit
653 1992 727 2012 eam.
764 1985 896 2012 Kalendis
910 1990 1011 2013 autem

213 2031 389 2061 Norembriis
404 2031 538 2059 advocato
564 2031 717 2066 imperator
749 2031 919 2066 patriarcha,
940 2039 1010 2059 cum

214 2078 431 2114 angustiaretur,
444 2077 479 2105 de
495 2085 562 2113 pace
577 2077 724 2106 consilium
742 2078 870 2113 sumpsit.
889 2077 1012 2105 Aderant

214 2131 308 2154 autem
325 2129 360 2153 et
381 2123 604 2159 metmpolitani,
623 2123 752 2151 Nicaenus
770 2123 901 2151 videlicet
914 2128 943 2151 et
957 2123 1011 2159 Cy-

216 2172 330 2199 zicenus
344 2170 483 2205 episcopi,
500 2169 685 2204 prtesentibus
699 2176 811 2204 quoque
830 2169 924 2204 pravis
947 2177 1013 2197 con-

216 2216 329 2245 siliariis
354 2223 416 2243 cum
445 2215 592 2243 Theodoro
615 2215 770 2250 hegumeno
786 2216 888 2244 Studii.
910 2217 943 2244 Et
963 2225 1012 2252 pa-

1059 1664 1107 1699 qui
1123 1665 1174 1692 sub
1194 1665 1262 1700 ipsis
1274 1671 1327 1698 est,
1342 1666 1492 1694 homicidia
1511 1671 1540 1695 et
1563 1669 1665 1703 rapina:
1677 1674 1705 1697 et
1716 1670 1851 1698 adulteria

1059 1710 1232 1746 luxuriaeque
1252 1719 1285 1739 ac
1305 1719 1402 1740 omnes
1421 1713 1479 1741 Deo
1493 1713 1612 1742 odibiles
1636 1716 1758 1744 actiones
1771 1717 1799 1744 in
1812 1718 1853 1745 ci-

1058 1756 1193 1784 vitatibus
1207 1762 1236 1784 et
1251 1757 1324 1785 villis
1337 1766 1352 1785 a
1366 1758 1502 1787 divinitus
1516 1760 1640 1794 peritura
1653 1766 1735 1796 gente
1750 1770 1851 1798 perpe-

1061 1803 1217 1831 trabantur.
1233 1804 1318 1839 lnque
1334 1804 1405 1832 alma
1426 1805 1474 1833 Dei
1500 1806 1589 1834 nostri
1606 1807 1718 1835 civitate
1736 1809 1852 1837 colenda

1060 1848 1132 1881 loca,
1162 1852 1264 1877 sanctae
1286 1849 1417 1878 videlicet
1434 1852 1647 1880 resurrectionis
1662 1859 1694 1881 ac
1708 1854 1852 1888 calvariae,

1061 1901 1112 1921 ceu
1124 1894 1228 1929 reliqua
1240 1895 1386 1930 profanata
1399 1901 1474 1924 sunt.
1492 1896 1627 1926 Similiter
1641 1903 1733 1926 autem
1750 1905 1778 1928 et
1794 1901 1854 1929 lau-

1062 1940 1412 1976 rze‘eremiopinatissimaa
1433 1942 1500 1978 (96),
1524 1945 1614 1972 sancti
1638 1946 1743 1974 scilicet
1757 1947 1855 1976 Chari-

1063 1985 1136 2013 tonis
1148 1990 1177 2013 et
1193 1987 1281 2014 sancti
1297 1987 1386 2020 Saba.
1407 1993 1437 2015 et
1452 1989 1559 2025 reliqua
1575 1993 1745 2020 monasteria
1759 1999 1787 2021 et
1805 2003 1854 2022 ec-

1062 2031 1154 2060 clesia:
1180 2032 1297 2061 deserta;
1321 2033 1400 2063 facta:
1410 2040 1482 2063 sunt
1497 2056 1504 2068 ,
1518 2035 1564 2064 alii
1579 2045 1698 2073 namque
1720 2045 1854 2075 percepto

1062 2081 1193 2116 martyrio
1201 2080 1365 2117 interempti
1389 2089 1465 2113 sunt.
1483 2085 1528 2112 alii
1547 2085 1744 2122 vero-Cyprum
1763 2092 1791 2114 et
1803 2087 1856 2116 hac

1063 2127 1225 2163 Byzantium
1249 2135 1445 2165 properarunt,
1469 2139 1539 2166 quos
1558 2130 1672 2160 Michael
1687 2133 1750 2168 pius
1766 2133 1856 2170 impe-

1064 2178 1140 2201 rator
1164 2179 1192 2202 et
1209 2175 1384 2210 Nicephorus
1413 2177 1604 2205 sanctissimus
1631 2179 1789 2213 patriarcha
1806 2181 1856 2209 be.

1064 2220 1146 2255 nigna
1162 2220 1352 2249 muniﬁcentia
1370 2228 1536 2257 receperunt
1550 2231 1558 2249 ι
1574 2231 1638 2251 nam
1649 2224 1696 2251 his
1709 2225 1758 2260 qui
1771 2233 1855 2254 vene-

217 2263 339 2291 triarcha
350 2262 463 2297 quidem
484 2268 516 2288 c
533 2261 710 2296 metropolila
727 2261 866 2289 antistites
879 2269 942 2289 cum
961 2263 1012 2289 im-
1026 2284 1052 2313 D
1067 2269 1131 2292 runt
1144 2265 1178 2292 ad
1189 2265 1287 2293 urbem
1308 2267 1508 2302 monasterium
1533 2267 1642 2303 insigne
1663 2269 1791 2301 donavit,
1810 2270 1855 2299 his

217 2314 344 2346 peratore
363 2316 459 2345 pacem
476 2308 734 2343 amplectebantur:
752 2308 819 2335 mali
837 2316 904 2336 vero
918 2309 1011 2336 censi-

217 2356 290 2384 liarii
306 2363 368 2383 cum
392 2354 540 2383 Theodoro
558 2354 714 2389 hegumeno
738 2353 832 2382 Studii
858 2354 929 2383 hanc
944 2355 1012 2382 sub-

217 2402 373 2433 vertebant,
400 2401 520 2428 fatentes
547 2409 553 2427 :
570 2399 602 2427 In
624 2400 818 2428 subus-sionem
836 2401 916 2428 divini
936 2410 1013 2429 matt-

217 2449 275 2476 dati
287 2456 364 2476 nemo
379 2455 470 2483 pacem
485 2446 673 2482 amplectitor:
690 2454 750 2473 eum
760 2447 856 2482 quippe
866 2448 911 2481 qui
928 2448 1011 2481 venit,

216 2495 302 2530 inquit
319 2494 457 2524 Dominus,
477 2493 512 2520 ad
529 2500 580 2525 me,
592 2501 646 2520 non
667 2493 772 2527 ejiciam
788 2492 872 2527 foras.
888 2494 1014 2521 nescien-

218 2545 260 2568 tes
286 2546 377 2574 neque
391 2545 453 2573 quae
467 2537 594 2566 dicerent
613 2545 705 2572 neque
726 2538 761 2565 de
776 2538 878 2572 quibus
892 2539 1013 2566 atltrma-

219 2589 293 2617 rent,
301 2584 396 2620 primo
411 2583 524 2618 quidem
538 2583 670 2618 quoniam
686 2583 798 2610 nemine
818 2584 851 2611 ad
862 2592 914 2611 nos
930 2592 963 2611 ex
977 2585 1018 2614 eis

207 2630 396 2666 'confugiente
416 2637 467 2657 nos
479 2636 528 2656 eos
543 2629 590 2664 qui
607 2629 678 2656 intra
702 2633 806 2656 cortem
825 2633 906 2657 erant
925 2630 1019 2664 prodi—

218 2677 322 2710 dimus,
334 2676 460 2703 valentes
488 2675 540 2702 hos
567 2682 630 2702 cum
653 2682 738 2710 ,pace‘
753 2675 859 2702 salvare
874 2683 882 2708 ;
895 2676 1019 2704 secundo

219 2730 286 2751 vero
301 2722 367 2758 quia
381 2726 410 2750 et
432 2722 457 2749 si
480 2721 611 2757 fugerunt
625 2721 678 2749 rari
692 2721 803 2758 quidam
823 2721 857 2749 ad
883 2730 943 2754 nos.
963 2730 1020 2758 pro

1065 2317 1131 2337 vero
1147 2310 1195 2345 qui
1217 2310 1243 2337 in
1259 2310 1348 2347 Cypro
1371 2317 1574 2346 remanserunt,
1589 2315 1732 2342 monachis
1750 2315 1857 2344 scilicet

1064 2361 1094 2383 et
1115 2356 1204 2389 laicis,
1220 2357 1355 2386 talentum
1380 2359 1441 2386 auri
1457 2359 1619 2393 transmisit,
1633 2365 1661 2388 et
1675 2361 1793 2389 diversis
1805 2362 1856 2390 hos

1065 2405 1223 2433 consolatus
1248 2410 1291 2433 est
1310 2406 1409 2434 modis.
1439 2407 1505 2434 Erat
1529 2408 1631 2444 quippe
1657 2408 1771 2437 Michael
1790 2418 1856 2446 erga

1066 2457 1163 2477 omnes
1173 2451 1266 2478 suavis
1277 2451 1389 2486 quidem
1405 2456 1433 2479 et
1448 2452 1579 2484 clemens.
1592 2453 1666 2480 circa
1681 2454 1857 2488 negotiorum

1066 2503 1132 2523 vero
1148 2496 1358 2531 dispositionem
1375 2498 1460 2530 iners,
1476 2497 1610 2526 servitute
1621 2498 1752 2527 subactus
1766 2500 1859 2527 Theo-

1066 2542 1148 2569 etisto
1164 2542 1296 2578 magistro
1316 2551 1365 2570 seu
1390 2543 1498 2571 caeteris
1519 2544 1702 2579 principibus.
1722 2545 1859 2573 Praeterea

1067 2594 1162 2614 mense
1184 2587 1338 2615 Februario
1359 2587 1416 2617 duo
1433 2587 1587 2616 Christiani
1606 2597 1640 2617 ex
1663 2590 1793 2626 Vulgaria
1815 2591 1859 2618 fu-

1066 2631 1173 2667 gientes
1190 2633 1390 2661 nuntiaverunt
1405 2633 1567 2669 imperatori
1584 2635 1736 2663 Crumnum
1752 2636 1859 2671 praeda-

1068 2683 1161 2707 turum
1179 2686 1238 2710 cos,
1246 2679 1300 2714 qui
1315 2684 1408 2707 essent
1419 2679 1446 2718 in
1461 2679 1579 2713 Thrace,
1592 2685 1706 2715 repente
1716 2681 1859 2710 festinare.

1069 2723 1102 2753 Et
1113 2723 1222 2752 decimo
1233 2725 1331 2759 quinto
1339 2725 1481 2753 Kalendas
1489 2725 1601 2754 Martias
1610 2727 1697 2754 exivit
1708 2727 1862 2763 imperator

987 2776 1103 2806 NOTiE.

255 2825 311 2860 (96)
327 2824 542 2861 Opinatiss‘intae._
550 2821 839 2861 ’ῐιμιϊὶιιυείλῇιιιίξῙρι-οες⁸
848 2823 960 2861 Eusebii
976 2823 1011 2852 ll.

221 2857 326 2892 Efvnt,
348 2857 380 2887 l:
399 2869 407 2885 I
440 2858 648 2894 oplnatissimus
674 2857 719 2894 ille
744 2857 933 2894 Dorotlieuslr
953 2858 1013 2893 Ipse

220 2895 373 2922 ltutlinusl.
387 2894 419 2921 t0
436 2903 442 2921 :
461 2893 470 2919 ὲ
491 2894 600 2921 nobiles
618 2897 646 2920 ct
665 2893 847 2927 opinatissimi
877 2901 1014 2922 convene-

219 2935 294 2958 runt.
317 2939 327 2956 ι
341 2929 430 2959 Iulius
442 2929 578 2958 Firmicus
589 2926 656 2968 5,5__:
677 2926 1013 2969 magosfamosos’faciet

1069 2824 1299 2862 velphilosophos
1311 2826 1453 2862 opinatos.
1473 2826 1636 2856 illinemlr.
1652 2828 1720 2855 Hem
1744 2829 1780 2856 de
1791 2829 1862 2857 Pna-

1069 2860 1167 2888 destiti.
1194 2860 1252 2888 διε
1276 2871 1284 2886 ι
1303 2860 1454 2897 Gregorius
1468 2862 1656 2891 Nazianzenus
1670 2863 1711 2890 \‘ir
1727 2865 1753 2891 in
1768 2864 1820 2892 ﬁde
1833 2869 1863 2895 es

1068 2896 1194 2924 doctrina
1210 2896 1426 2932 opinatissimus.
1442 2907 1451 2923 ι
1466 2896 1544 2929 Fuit,
