2052 3153
212 163 282 197 1425

599 166 785 197 HISTORIA
802 166 1093 198 ECCLESIASTICA
1111 167 1161 197 EX
1178 167 1422 200 THEOPHANE.

1765 168 1836 202 1426

207 224 240 250 ab
261 223 340 254 urbe,
357 227 386 250 et
399 222 447 250 Dei
465 222 637 258 providentia
657 222 783 250 inetlicax
798 222 881 250 rediit
898 221 998 249 Crum-
1011 225 1034 254 Α
1048 229 1114 250 suos
1131 221 1374 254 militesverudivit,
1389 226 1420 250 ut
1428 229 1483 250 non
1498 226 1610 257 peccata
1622 222 1736 259 sua'ipsi
1751 231 1835 252 accir-

206 276 259 295 nus
281 276 335 295 non
350 268 445 302 paucis
469 267 587 295 amissis.
606 268 655 295 Ast
673 268 823 303 imperator
839 264 994 295 ll-adriano-

206 314 289 349 polim
310 313 444 345 veniens,
461 317 490 341 et
516 313 652 341 ordinatis
677 317 741 348 apte
764 321 825 349 qum
847 313 919 341 circa
933 320 994 340 eam

205 363 293 390 erant.
308 367 370 386 cum
388 359 488 394 gaudio
510 359 602 392 rediit,
628 363 656 387 et
680 359 833 387 ascendens
855 363 995 387 monaste-

207 406 277 433 rium
295 405 407 432 Tarasii-
421 405 575 433 beatissimi
590 405 763 441 patriarchae,
775 405 922 433 celebratis
935 405 995 440 ejus

205 451 359 484 memoriis,
375 458 429 479 una
453 459 516 479 cum
544 450 667 486 Augusta
689 450 836 486 Procopia,
864 454 995 486 argenteo

206 496 297 532 petalo
315 496 450 524 librarum
469 496 503 524 95
517 503 627 524 sacrum
645 496 804 531 sepulcrum
829 495 889 531 ejus
911 495 995 523 vesti-

205 542 254 569 vit.
267 541 332 569 Post
346 545 456 576 captam
470 548 538 569 vero
554 540 746 569 Mesembriam
762 541 912 576 imperator
926 541 996 568 Cru-

205 594 270 614 mno
286 595 351 622 pace
367 591 476 623 negata,
491 594 526 614 ex
543 587 673 614 omnibus
688 587 856 615 thematibus
867 587 994 614 militiam

204 633 394 661 ante'vernale
412 637 521 668 tempus
535 633 562 660 in
572 633 707 661 Thracem
718 633 836 661 transire
849 633 992 669 praecepit,

205 679 244 706 ita
257 683 287 706 ut
302 686 399 707 omnes
412 679 527 706 moleste
549 678 663 710 ferrent,
679 679 797 707 maxime
814 679 995 715 Cappadoces

204 730 234 753 et
251 725 416 753 Armeniaci.
431 725 601 760 lmperatore
614 730 706 753 autem
720 730 839 753 exeunte
861 733 924 753 cum
948 733 996 753 or-

204 769 317 798 dinibus
332 777 427 798 mense
441 770 522 804 Maio,
538 770 623 798 exivit
642 778 704 798 cum
727 761 762 798 eo
779 770 883 806 pariter
894 770 996 799 Proco-

202 817 250 851 pia
278 815 400 852 Augusta
424 822 512 852 usque
536 816 570 843 ad
596 816 776 851 aquaeductus
799 816 877 852 juxta
907 816 994 844 Hera-

204 862 298 889 cliam.
314 861 350 889 At
363 868 431 889 vero
447 861 642 890 multitudines
659 870 743 898 super
766 862 819 890 hoc
832 862 940 890 duriter
951 862 995 890 fe-

1049 271 1120 300 sent,
1138 266 1186 295 sed
1203 267 1383 295 orthodoxam
1393 271 1421 295 et
1431 276 1446 295 a
1463 268 1592 297 Patribus
1608 269 1737 297 tradi-tam
1753 269 1837 298 tidem

1049 313 1356 348 sacrumque'hahitum
1374 313 1587 346 monachorum,
1613 314 1659 349 qui
1676 314 1778 343 divina:
1794 319 1837 343 est

1048 359 1229 394 philosophiae
1241 359 1421 395 gymnasium.
1433 359 1514 387 Multi
1527 363 1620 387 autem
1633 367 1729 388 eorum
1746 361 1794 396 qui
1807 361 1837 389 in

1052 405 1096 433 his
1103 405 1342 441 blasphemabant,
1355 405 1452 434 habitu
1468 409 1574 433 tantum
1585 410 1666 434 erant
1673 406 1836 440 Christiani,

1048 451 1165 480 veritate
1185 460 1253 479 vero
1265 451 1427 485 Pauliciani,
1442 452 1489 487 qui
1500 459 1555 480 non
1570 452 1694 481 valentes
1712 452 1838 481 detesta-

1048 496 1116 524 bilia
1139 497 1265 532 dogmata
1290 503 1339 524 sua
1353 496 1530 524 manifestare
1549 497 1741 533 hujuscemodi
1753 504 1837 525 occa-

1048 543 1125 571 sione
1151 542 1278 570 indoctos
1305 541 1508 575 adulterabant,
1536 542 1759 576 Constantinum,
1783 543 1832 578 qui

1047 589 1156 617 Iudaici
1171 588 1262 616 fuerat
1277 596 1384 620 sensus,
1398 588 1511 616 beatum
1527 588 1654 617 dicentes
1670 593 1701 617 ut
1717 589 1838 625 prophe-

1049 639 1105 662 tam
1122 638 1150 662 et
1165 633 1311 664 victorem.
1329 633 1512 669 haeresimque
1528 633 1623 669 ipsius
1634 635 1663 662 in
1677 634 1838 662 subversio-

1047 687 1119 707 nem~
1129 680 1278 707 incarnatat
1305 678 1522 714 dispensationis
1536 679 1648 706 Domini
1664 679 1754 706 nostri
1770 678 1836 707 Jesu

1046 724 1150 753 Christi
1162 725 1371 760 amplectentes.
1388 724 1476 752 Porro
1487 723 1599 752 decimo
1605 723 1742 752 Kalendas
1750 724 1763 752 .l
1768 723 1838 752 ulias

1048 771 1173 807 praelium
1188 771 1351 799 ineuntibus
1365 770 1440 798 haud
1456 771 1553 806 procul
1574 771 1610 799 ab
1626 770 1836 806 Hadrianopoli,
1883 775 1886 778 ’

1047 817 1213 852 delinquunt
1237 817 1356 852 ‘quidem
1384 816 1535 845 Christiani
1561 816 1641 844 valde
1671 816 1733 844 dire
1763 817 1838 844 circa

1048 863 1162 895 bellum,
1189 863 1316 891 obtinent
1328 867 1421 891 autem
1442 862 1547 890 inimici
1560 870 1679 898 pugnam
1696 870 1711 890 a
1724 862 1791 895 Deo,
1807 866 1839 890 ut

205 912 298 935 rentes
314 907 342 935 in
364 907 568 943 derogationem
585 915 617 936 ac
634 908 856 937 maledictionem
876 916 992 937 conver-
1006 904 1031 934 Β
1044 910 1137 946 plures
1150 909 1372 937 Christianorum
1386 917 1438 937 nec
1444 901 1564 945 primam
1578 908 1838 944 congressionem...

204 959 242 979 δίε
265 957 331 980 sunt
354 957 452 980 contra
478 953 651 981 Michaelcm.
684 953 770 982 Porro
799 954 882 982 tertio
900 954 995 982 Nonas

204 998 290 1026 Maias
312 998 424 1033 eclipsis
441 999 512 1026 facta
537 1002 583 1026 est
613 999 679 1027 solis
702 999 778 1027 circa
803 999 994 1027 duodecimam

204 1048 310 1080 partem
326 1044 410 1072 Tauri
429 1045 507 1080 juxta
537 1045 722 1081 horologium,
747 1046 856 1073 oriente
883 1045 952 1078 sole;
967 1049 997 1073 et

204 1091 308 1119 multus
325 1091 409 1119 timor
426 1092 528 1120 cecidit
548 1099 632 1126 super
654 1091 760 1119 turbas.
778 1091 829 1119 Ast
844 1092 995 1127 imperator

205 1137 373 1165 circumibat
396 1137 532 1165 Thracem
549 1145 612 1164 cum
627 1137 796 1172 prmtoribus
817 1145 851 1164 ac
875 1137 994 1170 militiis,

205 1190 296 1218 neque
326 1187 422 1211 contra
447 1179 639 1210 Mesembriam
664 1190 792 1218 pergens,
815 1190 906 1218 neque
921 1182 996 1210 aliud

210 1228 276 1264 quid
294 1236 390 1257 eorum
401 1236 462 1263 quae
475 1228 518 1263 agi
533 1228 635 1256 debent
659 1228 694 1255 ad
714 1227 932 1256 destructionem
947 1229 997 1256 ho-

204 1275 289 1302 stium
314 1278 446 1309 patrans,
476 1273 524 1300 sed
558 1277 663 1300 tantum
689 1280 790 1300 suasus
819 1273 997 1302 sermonibus

205 1320 283 1348 vanis
302 1320 525 1348 consiliariorum
548 1327 673 1353 suorum,
696 1320 832 1348 bellorum
855 1320 997 1356 experien-

206 1365 272 1392 tiam
293 1372 350 1392 non
374 1365 536 1392 habentium
550 1386 557 1398 ,
578 1372 610 1392 ac
636 1372 685 1400 per
706 1365 759 1392 hoc
777 1365 996 1397 asseverantium

205 1419 261 1439 non
285 1411 389 1439 audere
410 1411 553 1438 inimicum
578 1410 714 1438 adversus
740 1411 818 1438 illum
842 1411 948 1444 venire,
968 1411 997 1439 in

205 1457 318 1493 propria
333 1457 444 1492 regione
468 1457 622 1485 sedentem.
648 1457 683 1484 Et
708 1462 768 1485 erat
784 1457 931 1486 barbarico
946 1457 997 1485 im-

205 1506 270 1537 petu
297 1503 407 1538 gravior
435 1502 590 1531 concivium
607 1508 698 1531 cretus
713 1503 902 1531 deﬁcientium
920 1503 996 1532 circa

204 1549 374 1577 necessarias
390 1550 525 1577 utilitates
540 1570 547 1582 ,
574 1555 601 1577 et
624 1550 728 1586 rapinis
747 1558 780 1578 ac
806 1550 997 1579 invasionibus

203 1594 447 1622 exterminantium
476 1595 682 1630 compatriotas.
714 1595 795 1624 Circa
819 1596 898 1624 initia
928 1604 995 1625 vero

203 1640 280 1669 Junii
296 1641 399 1668 mensis
415 1640 483 1668 exiit
509 1633 648 1669 Crumnus
674 1641 824 1677 Vulgarum
850 1642 907 1670 dux
933 1650 997 1670 cum

203 1685 374 1713 exercitibus
389 1685 458 1717 suis,
476 1685 591 1717 veritus,
608 1686 683 1720 quod
703 1686 789 1714 multa
803 1686 890 1714 millia
903 1691 997 1715 essent

203 1730 434 1759 Christianorum.
472 1731 597 1767 Cumque
626 1732 758 1760 movisset
786 1733 941 1760 exercitum
968 1732 997 1760 in

204 1776 385 1804 Versiniciam
403 1777 481 1812 quasi
503 1777 617 1805 tricenis
644 1777 731 1813 signis
748 1777 783 1805 ab
805 1777 997 1812 imperialibus

204 1823 314 1856 castris,
329 1823 386 1851 Leo
402 1823 536 1858 patricius
550 1827 579 1851 et
598 1828 700 1859 prattor
713 1823 896 1851 Orientalium
915 1823 997 1852 Joan-

205 1876 311 1905 neSque
339 1869 474 1905 patricius
498 1875 526 1898 et
552 1869 718 1897 Macedoniae
748 1874 861 1905 praetor,
896 1877 998 1906 cogno-

205 1920 299 1944 mento
311 1916 437 1952 Aplaces,
454 1916 571 1944 multum
585 1915 706 1952 prompti
726 1917 760 1943 ad
775 1915 827 1943 hos
841 1915 995 1948 bellandos,

205 1961 338 1997 prohibiti
363 1966 429 1990 sunt
450 1962 485 1990 ab
500 1961 667 1997 imperatore
682 1969 733 1997 per
757 1961 844 1989 malos
865 1961 997 1989 consilia-

205 2009 271 2036 rios.
300 2008 369 2037 Cum
397 2013 489 2036 autem
517 2008 583 2036 urbs
610 2008 727 2036 letanias
759 2008 913 2036 celebraret
934 2015 996 2035 cum

205 2063 315 2084 summo
330 2053 474 2083 sacerdote
490 2056 518 2083 in
535 2056 637 2091 templo
651 2055 701 2084 SS.
714 2056 922 2090 Apostolorum,
935 2055 997 2092 qui-

205 2103 268 2130 dam
299 2102 448 2137 impiorum
477 2101 605 2130 obscenae
630 2102 686 2130 Deo
707 2102 801 2137 perosi
820 2101 997 2130 Constantini

206 2149 353 2181 hereseos,
366 2148 493 2176 obserata
503 2152 584 2184 porta
598 2147 634 2176 im
637 2148 783 2183 perialium
792 2148 996 2184 sepulcrorum,

205 2194 317 2223 nemine
334 2194 513 2228 attendente,
539 2198 653 2230 propter
683 2194 771 2222 turbae
798 2194 996 2230 frequentiam,

1046 963 1153 984 summa
1170 955 1235 991 fuga
1251 959 1408 988 uterentur,
1422 955 1459 983 ita
1472 959 1502 983 ut
1517 954 1656 983 Crumnus
1678 959 1840 982 consterna‘

1047 1007 1092 1030 tus
1106 1003 1256 1030 aestimaret
1271 1001 1437 1029 insidiarum
1457 1008 1630 1036 quarumque
1646 1004 1838 1036 argumentum

1046 1056 1125 1080 esse:
1139 1057 1195 1084 quo
1206 1049 1311 1076 factm
1321 1052 1364 1076 est
1378 1052 1409 1075 ut
1418 1048 1558 1075 modicum
1575 1047 1710 1075 retineret
1724 1053 1790 1073 suos
1804 1045 1841 1073 ab

1047 1095 1223 1123 insecutione
1239 1103 1246 1122 :
1263 1094 1329 1130 quia
1352 1094 1427 1122 enim
1441 1093 1512 1122 vidit
1531 1101 1579 1121 eos
1592 1093 1652 1121 sine
1679 1092 1734 1120 ulla
1747 1096 1840 1119 reten-

1048 1141 1123 1169 tione
1140 1140 1247 1176 fugere,
1264 1144 1427 1175 persecutus
1452 1138 1554 1167 occidit
1582 1137 1775 1166 multitudines
1789 1144 1838 1164 co—

1047 1186 1148 1221 piosas,
1158 1185 1272 1213 veniens
1285 1185 1468 1213 nihilominus
1476 1184 1509 1212 ad
1520 1184 1654 1217 sarcinas,
1671 1188 1700 1211 et
1715 1184 1765 1211 bas
1774 1191 1838 1211 cum

1046 1231 1154 1259 exuviis
1171 1231 1312 1259 auferens.
1328 1231 1379 1258 Ast
1397 1231 1548 1266 imperator
1559 1230 1670 1266 fugiens
1683 1229 1838 1266 repedabat

1046 1277 1074 1305 in
1092 1278 1201 1311 urbem,
1227 1277 1456 1305 multitudinibus
1483 1277 1638 1312 harumque
1663 1276 1838 1312 principibus

1047 1325 1178 1359 sumptis.
1195 1324 1310 1359 Insuper
1323 1328 1351 1351 et
1364 1323 1473 1359 imperii
1490 1323 1673 1359 pollicebatur
1689 1322 1840 1357 depositio-

1046 1376 1110 1397 nem
1141 1368 1282 1405 dejurans.
1301 1369 1376 1397 Inter
1401 1376 1472 1404 quos
1491 1373 1519 1396 et
1538 1368 1661 1396 Leonem
1687 1368 1837 1403 patricium

1045 1420 1074 1443 et
1084 1419 1230 1450 praetorem
1246 1414 1441 1447 Orientalium,
1460 1420 1591 1450 tanquam
1607 1414 1683 1450 pium
1698 1418 1727 1441 et
1741 1413 1837 1441 fortis-

1046 1461 1147 1489 simum
1162 1466 1189 1489 et
1200 1469 1250 1496 per
1261 1461 1355 1489 omnia
1369 1465 1526 1492 strenuum,
1544 1460 1572 1487 in
1584 1459 1703 1487 tenendo
1717 1459 1845 1495 imperio

1047 1507 1182 1535 asciscere
1192 1507 1296 1534 socium
1305 1507 1403 1534 voluit.
1414 1506 1465 1539 Qui
1477 1504 1634 1533 nullatenus
1647 1504 1837 1540 acquicseens,

1047 1551 1153 1579 dimisit
1163 1559 1226 1579 eum
1239 1559 1357 1587 praeesse
1369 1551 1548 1582 thematibus,
1563 1550 1676 1586 ipseque
1688 1550 1721 1578 ad
1735 1549 1838 1585 regiam

1047 1597 1176 1633 pervenit
1197 1598 1297 1625 urbem
1321 1602 1419 1625 octavo
1445 1596 1584 1624 Kalendas
1616 1595 1716 1628 Julias,
1743 1594 1839 1622 volens

1047 1643 1186 1678 deponere
1195 1643 1341 1678 imperium
1356 1642 1476 1670 etalium
1489 1644 1670 1676 promovere“;
1687 1641 1734 1676 qui
1747 1645 1839 1668 tamen

1047 1688 1083 1716 ab
1093 1696 1189 1721 uxore,
1204 1693 1233 1716 et
1251 1688 1285 1716 ab
1296 1688 1341 1715 his
1351 1688 1398 1722 qui
1417 1688 1546 1723 nequiter
1561 1687 1772 1722 praevaluerant,
1782 1693 1838 1713 non

1047 1740 1090 1763 est
1104 1734 1264 1770 permissus.
1281 1734 1382 1762 Verum
1398 1734 1426 1761 in
1439 1734 1492 1761 hoc
1509 1733 1682 1768 Nicephorus
1695 1732 1840 1760 sanctissi-

1047 1789 1110 1808 mus
1120 1780 1277 1816 patriarcha
1299 1779 1491 1808 consentiebat
1506 1788 1513 1806 :
1528 1779 1562 1806 Et
1577 1780 1644 1814 ipse,
1656 1778 1797 1814 inquiens,
1813 1782 1839 1805 et

1046 1827 1099 1862 filii
1109 1827 1166 1862 ejus
1181 1826 1305 1854 salvandi
1320 1829 1407 1858 erunt,
1424 1825 1446 1852 si
1461 1824 1551 1852 taliter
1564 1825 1622 1860 quis
1641 1828 1841 1860 promouentur.

1047 1874 1083 1902 At
1093 1881 1160 1902 vero
1175 1877 1308 1908 praetores
1318 1872 1458 1900 discentes
1469 1871 1666 1906 imperatorem
1685 1877 1750 1898 cum
1769 1869 1841 1897 mul-

1047 1919 1216 1947 titudinibus
1229 1918 1257 1945 in
1273 1918 1370 1945 urbem
1383 1917 1496 1952 fugisse,
1513 1916 1653 1951 desperati
1667 1915 1702 1943 ab
1716 1922 1750 1942 eo
1765 1914 1850 1950 quod

1047 1963 1349 1998 decmteroimperandi
1364 1962 1466 1994 forent,
1479 1965 1508 1990 et
1520 1961 1658 1989 consiliatl
1668 1961 1739 1996 apud
1751 1963 1841 1988 semet

1048 2011 1122 2046 ipsos
1134 2009 1319 2045 implorabant
1337 2008 1459 2036 Leonem
1481 2007 1630 2043 patricium
1647 2011 1675 2034 et
1693 2009 1839 2041 praetorem

1047 2057 1240 2089 Orientalium,
1252 2063 1307 2091 quo
1322 2055 1504 2083 auxiliaretur
1518 2053 1658 2082 communi
1670 2053 1710 2081 rei
1723 2052 1841 2088 publicae

1047 2107 1076 2131 et
1090 2102 1312 2131 Christianorum
1339 2099 1466 2136 religioni
1494 2099 1689 2135 opitularetur.
1714 2097 1763 2126 Ast
1794 2098 1841 2125 ille

1047 2149 1209 2185 aliquandiu
1221 2148 1403 2176 vehementer
1417 2146 1564 2174 differebat
1578 2149 1700 2181 tempus,
1711 2144 1840 2172 conside-

1048 2203 1114 2224 rans
1127 2194 1322 2223 ditlicultatem'
1332 2198 1361 2222 et
1374 2193 1557 2221 Barbarorum
1578 2191 1767 2220 incursionem
1792 2191 1837 2218 in-

205 2249 261 2276 quo
279 2242 371 2270 subito
387 2249 450 2270 cum
461 2241 581 2277 quodam
594 2241 685 2269 sonitu
701 2241 856 2276 aperiretur
867 2245 994 2276 egerunt,
1011 2243 1034 2272 ι)
1048 2241 1230 2272 tolerabilem,
1250 2244 1280 2268 et
1291 2244 1377 2268 semet
1391 2239 1487 2274 ipsum
1498 2246 1563 2273 erga
1574 2238 1755 2272 imperat-ores
1772 2244 1840 2264 con-

205 2287 285 2322 quasi
298 2295 333 2315 ex
347 2288 466 2322 quadam
477 2288 639 2323 operatione
661 2286 796 2315 divinitus
819 2286 884 2314 facti
905 2286 998 2322 prodi-

206 2333 264 2367 gii,
291 2336 320 2360 et
344 2333 419 2360 intro
450 2334 609 2361 insilientes
634 2332 816 2368 procidebant
842 2332 998 2360 seductoris

206 2381 404 2409 monumento,
434 2377 509 2405 hunc
541 2378 704 2405 invocantes
735 2382 764 2405 et
795 2384 852 2404 non
877 2377 964 2404 Deum
988 2384 996 2402 :

206 2421 311 2458 Surge,
340 2421 466 2449 dicentes
481 2441 489 2454 ,
522 2426 547 2449 et
579 2422 712 2449 auxiliare
741 2422 852 2457 perdite:
880 2422 919 2448 rei
947 2429 998 2456 pu-

206 2467 298 2501 Hicw;
312 2467 579 2503 diﬂ'amaveruntque
590 2468 655 2502 quia
667 2467 788 2495 surrexit
799 2474 884 2502 super
893 2474 996 2502 equum

207 2514 316 2547 sedens,
330 2517 358 2541 et
378 2513 454 2541 vadit
471 2512 603 2549 Vulgares
617 2513 781 2546 bellaturus,
803 2513 850 2548 qui
872 2521 887 2541 e
899 2517 997 2540 contra

207 2560 352 2588 Tartarum
375 2559 481 2588 habitat
504 2567 567 2588 cum
581 2559 764 2587 daemonibus.
788 2558 840 2592 Qui
857 2559 892 2586 ab
921 2558 998 2586 urbis

207 2605 337 2638 prazfecto
352 2605 544 2641 comprehensi
559 2605 648 2641 primo
663 2604 774 2640 quidem
791 2603 998 2632 mentiebantur

207 2654 342 2681 divinitus
357 2653 429 2681 ultro
444 2653 530 2681 fuisse
540 2657 633 2688 portas
646 2652 838 2687 sepulcrorum
860 2655 971 2687 apertas
989 2659 996 2678 :

207 2697 364 2735 praesentati
379 2707 447 2727 vero
457 2698 587 2726 tribunali
603 2698 723 2733 [ιι-πτεριὶ
740 2701 769 2725 et
786 2697 860 2725 circa
875 2697 999 2725 tcstimo-
1020 2730 1031 2733 ν

207 2747 284 2774 nium
310 2745 498 2774 claudicantes
511 2744 695 2772 obserationis
713 2743 837 2771 fraudem
856 2747 921 2771 ante
937 2751 998 2770 om-

209 2800 271 2819 nem
295 2799 404 2827 pwnam
427 2791 546 2819 confessi
563 2795 725 2826 sunt;quos
750 2789 851 2818 merito
874 2789 999 2818 vectibus

210 2838 332 2866 subdens
358 2846 465 2874 pompa:
499 2837 616 2873 publica:
645 2836 785 2868 submisit,
813 2836 1000 2864 vociferantes

212 2892 322 2912 causam
340 2891 436 2920 ponite.
451 2883 496 2912 Sic
506 2883 579 2912 enim
592 2883 720 2919 nequitia:
731 2883 859 2911 inventor
871 2882 998 2910 diabolus

1047 2294 1162 2316 servans
1188 2290 1297 2314 rectum
1320 2289 1348 2312 et
1373 2284 1476 2319 absque
1496 2283 1614 2310 insidiis.
1638 2282 1708 2316 Quia
1726 2289 1793 2309 vero
1805 2281 1841 2310 ad

1048 2334 1144 2362 urbem
1158 2339 1308 2368 properare
1320 2330 1468 2358 inimicum-
1478 2328 1560 2361 vidit,
1574 2328 1672 2356 scribit
1683 2327 1841 2362 Nicephoro

1047 2378 1212 2415 patriarchae
1221 2376 1256 2405 de
1273 2381 1349 2404 recta
1361 2375 1414 2403 fide
1424 2383 1474 2403 sua
1488 2374 1637 2408 afﬁrmans,
1651 2378 1748 2410 petens
1756 2373 1839 2402 etiam

1048 2429 1078 2452 ut
1091 2431 1153 2452 cum
1179 2423 1304 2451 oratione
1319 2427 1348 2450 et
1365 2425 1436 2449 nutu
1452 2422 1513 2457 ejus
1538 2421 1686 2457 imperium
1704 2423 1838 2448 sumeret.

1047 2471 1082 2498 Et
1099 2470 1214 2497 veniens
1238 2468 1272 2496 ad
1299 2467 1483 2496 tribunalium
1506 2471 1570 2495 ante
1593 2467 1691 2494 urbem
1720 2466 1840 2501 positum

1047 2524 1101 2544 una
1115 2523 1177 2544 cum
1190 2515 1357 2551 praetoribus
1367 2518 1396 2542 et
1408 2513 1588 2547 exercitibus,
1607 2513 1688 2540 valde
1700 2512 1841 2548 legitimus

1048 2562 1236 2590 Romanorum
1255 2561 1405 2595 imperator
1434 2559 1600 2591 ostenditur,
1629 2563 1657 2587 et
1679 2557 1724 2586 die
1748 2556 1839 2585 media

1048 2606 1317 2642 Constantinopolim
1331 2613 1380 2641 per
1394 2605 1493 2633 Carisii
1511 2610 1619 2639 portam
1631 2603 1796 2639 ingreditur,
1812 2605 1841 2630 et

1049 2653 1082 2682 ad
1107 2653 1209 2689 regalia
1231 2652 1369 2688 pervenit.
1386 2651 1473 2679 Porro
1495 2650 1623 2680 Michael.
1637 2649 1732 2677 audita
1757 2649 1841 2684 hujus

1048 2698 1254 2729 acclamatione,
1264 2697 1291 2724 in
1299 2697 1450 2725 oratorium
1459 2696 1540 2724 Phari
1549 2703 1709 2727 accurrens,
1717 2702 1771 2722 una
1778 2702 1841 2722 cum

1049 2744 1183 2780 Procopia
1196 2743 1324 2778 natisque
1341 2743 1410 2775 suis,
1422 2742 1545 2770 deton~is
1558 2742 1665 2777 capillis
1690 2740 1841 2768 monastica

1051 2791 1141 2819 induit
1159 2790 1322 2818 vestimenta
1339 2789 1436 2824 quinto
1458 2788 1522 2816 ldus
1545 2787 1633 2815 Julias
1662 2791 1746 2815 sextae
1768 2785 1841 2814 indi-

1050 2835 1161 2867 ctionis,
1187 2834 1254 2862 feria
1268 2834 1399 2862 secunda.
1413 2834 1527 2861 Postera
1546 2840 1615 2860 vero
1632 2832 1676 2860 die
1691 2836 1840 2860 coronatus

1051 2881 1230 2917 aNiccphoro
1247 2881 1403 2916 patriarcha
1417 2880 1444 2907 in
1456 2880 1571 2908 amboue
1590 2880 1698 2916 Maioris
1715 2879 1840 2907 ecclesiae
