2052 3153
197 198 266 232 M23

743 191 944 224 AN‘ASTASII
965 190 1070 222 BlBLI
1077 190 1202 224 OTIlrEC
1208 191 1291 221 ΑΒΗ

1762 191 1830 224 1421

193 257 222 281 (ι
242 252 388 288 Egyptum
398 254 430 278 et
443 249 563 278 Alricum
579 248 634 276 duo
650 247 743 284 partiti
758 251 834 279 sunt.
851 251 880 274 et
895 246 980 274 Palaa-
995 245 1200 281 A.acquirenda
1227 250 1319 274 tamen
1341 245 1468 281 pluribus
1491 250 1520 273 et
1548 245 1755 274 contribulibus
1786 256 1825 275 sa-

194 300 295 328 stinana
311 297 382 326 alius
392 297 509 324 latronis
523 303 599 323 more
610 294 741 330 depastus
751 298 805 321 est.

228 345 309 374 Anno
334 343 444 379 imperii
460 341 604 370 Michaelis
628 340 750 369 secundo
764 339 902 367 Crumnus
914 337 984 366 lul-

193 397 289 426 garum
310 389 367 417 dux
380 388 655 424 _per.l)argamerum
682 392 731 421 pro
749 392 816 420 pace
835 391 932 412 rursus
948 383 983 411 ad

196 436 358 466 Michaelem
373 435 570 470 intperatorem
581 432 746 467 legationem
762 430 846 463 misit,
857 437 984 466 quarens

195 483 299 512 foedera
314 489 376 517 qua:
393 480 444 508 sub
463 478 619 507 Theodosio
645 476 836 505 Hadramitino
860 481 888 504 et
914 475 984 503 Ger-

194 535 276 556 mano
289 526 444 562 patriarcha
460 524 625 560 repromissa
641 524 751 551 fuerant
765 523 918 555 Cormesio,
934 522 983 557 qui

194 581 244 609 per
257 572 323 601 illud
339 576 448 607 tempus
461 570 597 605 «Vulgarite
607 568 735 597 dominus
746 568 910 601 habebatur,
924 574 986 602 qua:

195 617 329 645 terminos
355 614 535 643 continebant
562 622 580 642 a
607 614 741 643 Mcleonis
767 613 985 645 Thracensibus,

194 662 358 690 vestimenta
380 667 491 696 quoque
511 667 564 687 seu
583 660 729 688 coocineas
744 658 833 694 pelles
849 666 936 693 usque
951 658 986 687 ad

193 706 314 744 pretium
327 706 526 742 quinquaginta
549 706 682 733 librarum
697 705 770 737 auri,
785 710 813 732 et
831 712 915 740 super
930 704 988 732 meo

195 753 325 790 profugos
349 753 494 787 utriusque
521 752 609 787 partis
629 752 664 779 ad
680 752 846 779 alterutrum
860 750 951 783 reddi,
964 751 988 778 si

196 799 358 836 contigisset
369 806 418 826 eos
429 798 555 827 insidiari
579 797 716 833 praelatis;
734 797 907 832 negotiantes
922 803 989 824 vero

195 846 224 874 in
235 850 352 880 utraque
368 845 481 880 regione
497 852 547 879 per
563 847 700 879 praecepta
714 847 743 870 et
758 841 898 878 signacula
912 843 989 869 com-

195 891 320 920 mendari
339 899 346 917 :
366 891 391 919 si
408 891 456 926 qui
470 897 539 918 vero
561 889 622 917 sine
637 888 779 925 signaculo
801 887 906 915 inventi
921 887 991 914 fuis-

1034 291 1092 320 lute
1122 292 1268 327 oportebat
1291 293 1384 327 potius
1402 292 1547 321 decertare
1578 301 1662 328 quam
1681 301 1765 329 super
1787 295 1829 322 in-

1033 337 1119 365 certis
1139 342 1168 365 et
1192 337 1382 366 invisibilibus
1413 338 1602 373 locupletari:
1622 339 1730 374 gratius
1754 341 1828 368 enim

1034 382 1091 410 Deo
1108 383 1200 418 plures
1210 391 1291 418 quam
1303 383 1449 419 pauciores
1465 384 1583 411 salvare.
1599 383 1687 412 Porro
1699 384 1830 412 damnum

1035 430 1064 457 in
1086 429 1213 465 pluribus
1233 429 1292 465 pati
1316 435 1430 465 propter
1448 430 1587 457 modicum
1604 430 1714 458 lucrum
1735 431 1832 466 prima:

1035 474 1182 503 dementias
1197 480 1250 503 est.
1281 476 1335 504 Sed
1350 481 1380 504 et
1392 476 1440 512 qui
1457 476 1532 504 circa
1546 477 1660 512 propria
1676 477 1832 506 inconsulte

1035 521 1154 557 laborat,
1169 522 1250 550 fidem
1266 522 1418 550 secundum
1429 523 1544 551 Paulum
1560 524 1713 559 negavit,et
1728 524 1832 551 infideli

1036 567 1313 603 deleriorjudicatur
1326 575 1333 594 2
1346 568 1395 596 ubi
1417 569 1472 596 erit
1488 568 1602 597 etillud
1622 568 1712 596 :.Cum
1734 570 1774 596 his
1787 571 1832 605 qui

1037 615 1149 643 oderant
1179 624 1284 652 pacem,
1308 624 1383 644 erant
1413 616 1538 652 pacificus
1550 625 1559 649 ;
1575 616 1628 644 nisi
1647 617 1719 645 forte
1735 618 1793 645 sint
1803 622 1832 645 et

1038 661 1124 689 Paulo
1138 666 1167 689 et
1190 662 1277 689 David
1294 661 1339 689 isti
1357 662 1550 698 sapientiores.
1571 662 1639 696 Quis
1652 668 1746 690 autem
1758 663 1832 691 (Ger-

1039 715 1120 736 mano
1135 712 1176 735 ter
1192 708 1273 735 beato
1296 716 1371 736 nunc
1387 708 1548 744 sapientior,
1563 709 1617 736 nisi
1638 709 1716 744 juxta
1737 709 1831 744 perni-

1040 753 1146 781 ciosum
1162 754 1262 782 animae
1276 759 1413 783 tumorem
1426 762 1543 790 nequam
1557 763 1589 783 ac
1603 755 1725 790 perversi
1738 756 1833 783 consi-

1040 800 1123 831 liarii,
1140 800 1187 836 qui
1211 808 1305 836 pacem
1321 801 1504 829 inhibuerunt
1518 801 1529 827 ?
1544 801 1606 829 llaec
1620 802 1754 830 Kalendis
1769 808 1835 830 sunt

1042 846 1113 874 facta
1141 847 1354 875 Novembribus.
1373 848 1459 876 Porro
1483 847 1575 883 pridie
1598 847 1691 875 Nonas
1714 847 1833 876 Novem-

1043 894 1119 922 brias
1135 894 1264 929 apparuit
1283 900 1406 922 cometes
1435 894 1462 921 in
1491 893 1578 929 figura
1595 893 1712 921 duarum
1726 893 1834 930 fulgen-

195 943 268 970 sent,
296 937 486 978 diriperentur
509 943 572 970 quae
598 935 745 967 haberent,
773 938 802 962 et
821 934 993 961 inferrentur

1045 939 1113 966 tium
1131 940 1270 972 lunarum,
1282 940 1464 968 adunantium
1490 948 1520 968 se
1546 944 1630 975 atque
1642 941 1835 975 separantium

195 982 315 1018 publicis
330 982 496 1011 rationibus.
512 981 630 1016 Scripsit
651 980 736 1008 etiam
756 984 785 1008 et
801 979 993 1007 damnationes

196 1029 232 1056 ad
251 1029 445 1063 imperatorem
463 1036 470 1054 :
486 1027 544 1055 Nisi
568 1026 768 1058 meleraoeris,
792 1026 922 1060 inquiens
933 1045 942 1058 ,
955 1025 993 1052 ad

196 1081 300 1109 pacem,
320 1073 423 1108 judicio
443 1077 488 1099 tuo
515 1072 658 1107 proeliabor
674 1075 776 1099 contra
797 1071 991 1099 Mesembriam.

196 1121 246 1149 llis
275 1119 416 1155 perceptis
435 1118 585 1154 imperator
603 1125 723 1152 nequam
749 1117 928 1145 consiliorum
944 1116 994 1144 ad-

196 1164 399 1194 monitionibus
422 1170 518 1199 paeem
539 1163 631 1190 minus
653 1161 775 1190 admisit.
800 1161 858 1190 Sub
876 1161 993 1190 obtentu

196 1211 272 1239 enim
287 1210 362 1238 falsae
385 1207 583 1244 pietatis,.imo
597 1207 863 1242 indiscipiinationis
876 1211 905 1235 et
920 1207 994 1234 circa

197 1264 257 1284 rem
287 1255 428 1292 publicam
451 1253 627 1290 perditionis,
658 1261 777 1289 nequam
805 1253 995 1281 consiliatores

197 1302 358 1331 asserebant
373 1309 380 1328 :
395 1301 454 1328 Non
471 1305 574 1336 oportet
591 1300 699 1336 fugitivo
715 1300 833 1332 reddere,
846 1300 996 1335 perhiben-

198 1347 281 1377 tesin
295 1347 485 1375 testimonium
504 1347 572 1374 illud
599 1346 791 1382 evangelicum
812 1346 921 1374 Domini
935 1347 996 1374 elo-

197 1393 294 1430 quium
309 1392 482 1429 perhibentis
498 1401 506 1420 ε
526 1392 596 1420 Eum
612 1393 658 1427 qui
671 1392 741 1419 venit
760 1391 796 1419 ad
809 1400 860 1424 me,
877 1400 929 1419 non
945 1392 996 1427 ἠί-

197 1441 268 1468 ciam
292 1439 376 1475 foras.
398 1438 537 1466 Mediante
562 1445 631 1465 vero
654 1444 749 1465 mense
764 1436 894 1465 Octobrio
908 1437 997 1465 aciem

197 1486 294 1522 dirigit
315 1486 454 1514 Crumnus
478 1490 575 1515 contra
592 1484 786 1511 Mesembriam
807 1483 835 1511 in
853 1483 997 1512 machina-

198 1532 301 1560 mentis
322 1535 350 1559 et
374 1531 518 1566 mangonis
545 1534 575 1558 et
595 1530 744 1563 arietibus,
766 1538 828 1565 qua:
847 1529 997 1565 Nicephori

198 1577 356 1608 occasione,
383 1575 570 1603 destructoris
587 1575 712 1608 -Christi,
741 1574 887 1602 didicerat.
910 1574 998 1602 Arabs

1043 985 1072 1012 in
1089 985 1198 1013 diversa
1215 986 1365 1018 schemata,
1383 986 1419 1013 ita
1438 991 1467 1013 ut
1490 986 1516 1014 in
1530 987 1653 1022 acephali
1672 987 1724 1014 viri
1746 987 1836 1015 fictio-

1043 1037 1107 1057 nem
1123 1029 1319 1058 formarentur.
1340 1031 1375 1058 Et
1400 1031 1428 1058 in
1442 1031 1593 1058 crastinum
1609 1031 1644 1059 de
1658 1032 1766 1059 excidio
1780 1032 1837 1060 Me-

1042 1074 1170 1102 sembria:
1192 1076 1270 1103 1venit
1295 1076 1376 1104 nobis
1393 1077 1526 1104 miserum
1548 1077 1675 1110 dubium,
1692 1077 1837 1105 deterrens

1043 1127 1139 1147 omnes
1150 1120 1186 1147 ob
1199 1121 1335 1156 majorum
1345 1121 1486 1149 malorum
1494 1123 1745 1157 exspectationem.
1759 1123 1838 1150 inve-

1043 1165 1152 1193 nientes
1180 1165 1333 1193 enimeam
1354 1167 1459 1194 inimici
1475 1167 1584 1202 plenam
1602 1168 1732 1196 omnibus
1754 1169 1838 1197 rebus

1044 1216 1106 1245 quae
1136 1210 1171 1238 ad
1199 1211 1398 1240 habitationem
1431 1212 1575 1240 hominum
1598 1213 1701 1241 adesse
1723 1214 1836 1246 debent,

1044 1256 1116 1285 hanc
1135 1262 1285 1286 tenuerunt
1310 1266 1365 1286 una
1394 1267 1458 1286 cum
1486 1259 1613 1292 Debclto,
1637 1260 1668 1287 in
1691 1260 1794 1295 quibus
1809 1267 1837 1288 ct

1044 1303 1176 1339 siphones
1194 1312 1286 1332 :eneos
1313 1305 1446 1332 invenere
1461 1313 1510 1333 sex
1524 1310 1553 1333 ot
1576 1305 1708 1338 tricenos,
1724 1311 1753 1335 et
1767 1307 1838 1343 ignis

1045 1350 1165 1382 humidi,
1187 1351 1235 1385 qui
1262 1359 1312 1386 per
1330 1359 1379 1379 eos
1395 1351 1589 1385 emittebatur,
1613 1353 1730 1388 aurique
1748 1358 1775 1381 et
1792 1362 1837 1381 ar-

1046 1397 1120 1432 genti
1135 1397 1208 1424 haud
1224 1397 1361 1425 modicam
1375 1398 1494 1433 copiam.

1081 1441 1185 1469 Eodem
1201 1450 1275 1469 anno
1293 1442 1609 1470 multiChristianorum
1632 1451 1666 1471 es
1682 1444 1835 1475 Palaestina.

1047 1488 1174 1515 monachi
1189 1488 1296 1516 scilicet
1315 1496 1349 1516 ac
1363 1489 1439 1522 laici,
1455 1493 1484 1516 et
1499 1497 1532 1516 ex
1548 1490 1622 1517 omni
1649 1490 1725 1525 Syria
1741 1491 1769 1518 in
1783 1491 1837 1527 Cy-

1048 1541 1128 1568 prum
1155 1541 1267 1567 venere,
1293 1533 1431 1569 fugientes
1458 1535 1620 1563 immensam
1636 1537 1754 1564 Arabum
1767 1537 1837 1564 allii-

1049 1578 1180 1606 Ctionem.
1193 1579 1262 1607 Cum
1276 1579 1352 1607 enim
1372 1580 1432 1608 sine
1448 1582 1569 1616 generali
1589 1583 1748 1618 principatu»
1761 1583 1838 1619 Syria

199 1621 273 1650 enim
286 1619 400 1655 quidam
413 1619 447 1648 ad
463 1619 632 1654 baptismum
646 1624 803 1647 accesserat
816 1621 884 1647 satis
894 1627 997 1655 expers
1009 1620 1032 1652 C
1048 1629 1123 1652 εεεει
1137 1628 1166 1652 ει
1179 1624 1313 1661 Egyptus
1336 1630 1365 1653 ει
1389 1626 1480 1654 Africa
1504 1632 1533 1654 ει
1553 1628 1643 1656 omnis
1669 1629 1840 1664 principatus

199 1667 368 1695 mechanica:
391 1665 476 1699 artis,
491 1673 575 1701 quem
590 1673 654 1693 eum
667 1671 759 1694 castra
776 1670 896 1693 metatus
908 1670 994 1698 esset,

200 1716 229 1743 in
243 1712 442 1747 lladrianopoli
466 1711 632 1744 constituit;
645 1711 702 1739 .cni
719 1711 827 1740 nullum
841 1711 995 1739 secundum

200 1759 330 1787 meritum
352 1758 485 1786 auxilium
510 1758 554 1786 vel
572 1757 742 1786 beneﬁcium
754 1758 912 1791 conferens,
928 1758 996 1794 quin

201 1805 294 1841 potius
319 1809 349 1832 et
369 1812 464 1840 rogam
489 1804 550 1840 ejus
573 1804 750 1838 abbrevians,
775 1811 997 1834 murmuramem

201 1853 285 1881 nimis
296 1852 407 1881 cecidit.
423 1851 476 1886 Qui
492 1859 578 1887 super
592 1851 646 1879 hoc
661 1852 790 1880 tristatus
803 1852 873 1887 fugit
884 1852 917 1880 ad
932 1853 999 1880 Nul-

201 1906 292 1936 gares,
308 1903 337 1926 et
346 1898 445 1926 docuit
460 1906 510 1926 eos
526 1905 636 1926 omnem
654 1898 897 1934 manganirartom.
909 1899 939 1928 in
955 1899 999 1927 his

202 1944 343 1976 insistens,
361 1944 473 1971 nemine
491 1943 527 1971 ob
552 1943 666 1972 multam
681 1944 826 1971 stultitiam
842 1944 998 1978 resistente,

201 1999 253 2027 per
276 1995 365 2019 totum
389 1997 512 2018 mensem
544 1989 620 2025 cepit
642 1997 716 2018 eam.
752 1990 884 2018 Kalendis
904 1995 1001 2018 autem

202 2037 378 2066 Novunbriis
392 2037 527 2065 advocato
552 2037 707 2072 imperator
738 2037 907 2072 patriarcha,
929 2045 1000 2065 om

203 2084 420 2120 angustiaretur,
433 2083 468 2111 de
484 2091 551 2118 pace
565 2083 713 2111 consilium
730 2083 859 2118 sumpsit.
877 2083 1001 2111 Aderant

203 2137 296 2159 autem
314 2134 349 2159 et
370 2129 593 2165 metropolitani.
611 2129 741 2157 Nicaenus
759 2129 890 2157 videlicet
904 2134 932 2157 et
946 2129 1000 2164 Cy-

204 2177 318 2205 :icenus
334 2176 472 2211 episcopi,
489 2175 674 2210 praesentibus
688 2182 799 2210 quoque
818 2175 912 2210 pravis
935 2183 1002 2202 con-

205 2223 317 2251 siliariis
343 2230 405 2249 cum
433 2221 580 2249 Theodoro
604 2221 759 2256 begumeno
775 2222 876 2249 Studii.
898 2222 932 2249 Et
952 2231 1000 2258 pa-

206 2269 328 2297 triarcha
340 2268 451 2303 quidem
472 2274 504 2294 c
522 2267 698 2302 metropolita
716 2267 855 2294 antistites
869 2275 931 2295 cum
950 2268 1001 2295 im-

205 2320 333 2352 peratore
353 2314 723 2351 pacemamplectebantur:
740 2314 808 2341 mali
827 2322 892 2342 vero
907 2314 1000 2342 consi-

206 2362 279 2390 liarii
295 2369 357 2389 cum
381 2360 529 2389 Theodoro
547 2360 703 2395 hegumeno
727 2359 821 2388 »διυάἰί
847 2360 918 2388 hanc
933 2361 1000 2388 sub-

205 2408 362 2439 vertebant,
389 2407 509 2434 fatentes
535 2405 591 2433 ειη
612 2406 807 2433 subversionem
825 2406 905 2434 divini
925 2415 1002 2434 mau-

206 2455 264 2482 ᾶσιιὶ
276 2462 353 2482 nemo
367 2461 458 2489 pacem
474 2452 641 2487 amplectitor
652 2460 662 2479 :
678 2460 739 2478 eum
749 2453 845 2487 quippe
855 2453 900 2487 qui
917 2454 1000 2486 oruil,

205 2501 290 2536 inquit
308 2500 446 2530 Dominus.
466 2499 501 2525 ad
518 2506 569 2531 me,
581 2507 635 2525 non
656 2498 762 2533 ejiciam
777 2498 861 2533 fama,
877 2499 1003 2526 nescien-

207 2551 249 2574 tes
275 2553 365 2580 neque
379 2552 441 2579 quae
456 2543 582 2572 dicerent
603 2551 694 2578 neque
715 2544 750 2570 de
765 2544 866 2578 quibus
881 2544 1002 2572 atl‘irma-

207 2595 282 2623 rent,
290 2590 385 2626 primo
400 2589 513 2624 quidem
527 2588 659 2624 quoniam
675 2589 787 2616 nemine
807 2589 840 2617 ad
850 2597 902 2617 nos
919 2598 952 2617 ex
966 2591 1006 2619 eis

195 2636 384 2672 ~confugiente
404 2643 456 2663 nos
468 2643 518 2662 eos
531 2635 579 2670 qui
595 2635 667 2662 intra
691 2639 795 2662 cortem
814 2639 894 2662 erant
913 2636 1008 2670 prodi—

208 2683 310 2716 dimus,
323 2682 449 2709 valentes
478 2681 529 2709 hos
555 2688 619 2708 cum
642 2688 716 2716 ,pace
742 2680 1007 2714 salvare;sccundo

208 2736 275 2757 vero
289 2729 356 2764 quia
370 2732 398 2756 et
421 2728 446 2755 si
469 2727 600 2763 fugerunt
614 2726 667 2755 rari
681 2726 792 2765 quidam
812 2727 845 2754 ad
871 2736 932 2760 nos,
952 2736 1009 2764 pro

1048 1670 1096 1705 qui
1111 1670 1163 1698 sub
1181 1670 1250 1706 ipsis
1263 1677 1316 1704 est,
1330 1672 1480 1700 homicidia
1500 1677 1529 1700 et
1551 1674 1654 1708 rapinae
1665 1680 1694 1702 et
1704 1675 1840 1704 adulteria

1048 1716 1221 1751 luxuriatque
1240 1724 1274 1744 ac
1293 1725 1390 1746 omnes
1410 1718 1467 1747 Deo
1482 1719 1600 1747 odibiles
1624 1722 1746 1750 actiones
1759 1722 1787 1750 in
1801 1723 1841 1750 ci-

1047 1762 1181 1790 vitatibus
1196 1767 1224 1790 et
1240 1763 1312 1791 villis
1326 1772 1340 1791 a
1354 1763 1490 1792 divinitus
1504 1765 1628 1800 peritura
1641 1771 1723 1802 gente
1738 1775 1840 1803 ρεφε-

1050 1809 1206 1836 trahantur.
1222 1809 1307 1844 Inque
1322 1810 1394 1838 alma
1415 1811 1463 1838 Dei
1489 1812 1578 1839 nmtri
1594 1813 1706 1841 civitate
1724 1814 1840 1842 colenda

1048 1853 1120 1886 loca,
1151 1857 1253 1882 sancta
1274 1855 1405 1883 videlicet
1423 1858 1635 1886 resurrectionis
1650 1866 1682 1886 ac
1695 1859 1840 1894 calvariae,

1049 1907 1100 1927 eeu
1113 1900 1217 1935 reliqua
1229 1901 1375 1936 profanata
1388 1906 1463 1929 sunt.
1481 1902 1616 1931 Similiter
1630 1909 1722 1932 autem
1738 1911 1766 1934 et
1782 1907 1843 1934 lau-

1050 1946 1400 1982 rte‘eremiopinatissimaa
1422 1948 1489 1984 (96),
1514 1950 1602 1977 sancti
1626 1951 1731 1980 scilicet
1745 1952 1844 1981 Chari-

1052 1991 1125 2019 tonis
1137 1996 1166 2019 et
1182 1992 1270 2020 sancti
1286 1992 1375 2026 Sabae,
1396 1999 1425 2021 et
1440 1995 1547 2031 reliqua
1563 1999 1733 2025 monaSteria
1747 2004 1775 2026 et
1793 2008 1842 2028 cc-

1051 2037 1142 2066 clesiae
1169 2037 1285 2067 desertae
1310 2039 1388 2068 facta:
1398 2046 1470 2069 sum
1485 2062 1492 2074 ,
1507 2041 1553 2069 alii
1568 2051 1687 2079 namque
1709 2051 1842 2080 percepto

1051 2087 1182 2122 martyrio
1190 2086 1353 2123 interempti
1378 2095 1454 2119 sunt,
1472 2090 1517 2117 aiii
1535 2091 1732 2127 vero'Cyprurn
1752 2097 1779 2120 et
1791 2093 1844 2121 hac

1052 2133 1214 2169 Byzantium
1237 2141 1433 2170 properarunt,
1457 2144 1528 2172 quos
1546 2136 1660 2165 Michael
1675 2138 1738 2174 pius
1755 2139 1844 2175 impe-

1053 2183 1128 2207 rator
1152 2185 1181 2208 et
1198 2180 1372 2216 Nicephorus
1401 2182 1593 2211 sanctissimus
1619 2184 1777 2219 patriarcha
1795 2186 1844 2214 be-

1053 2226 1135 2261 nigna
1151 2226 1340 2254 munificentia
1359 2233 1524 2263 receperunt
1539 2237 1546 2255 :
1562 2236 1626 2256 nam
1637 2229 1684 2257 his
1697 2231 1747 2265 qui
1759 2239 1843 2259 vene-

1015 2289 1041 2319 Β
1055 2275 1119 2298 runt
1133 2271 1166 2298 ad
1178 2271 1276 2298 ttrbem
1297 2273 1496 2308 monasterium
1521 2273 1630 2309 insigne
1651 2275 1779 2307 donavit,
1799 2275 1843 2304 his

1053 2322 1120 2342 vero
1136 2316 1184 2351 qui
1205 2316 1232 2343 in
1247 2316 1337 2352 Cypro
1360 2322 1562 2352 remanserunt,
1577 2320 1721 2348 monachis
1737 2321 1844 2349 scilicet

1053 2366 1083 2389 et
1104 2362 1193 2394 laicis,
1209 2363 1343 2391 talentum
1369 2365 1430 2392 auri
1445 2365 1608 2398 transmisit,
1621 2366 1781 2394 et'diversis
1793 2367 1844 2395 hos

1054 2411 1212 2438 consolatus
1236 2416 1280 2438 est
1298 2412 1398 2440 modis.
1427 2412 1493 2440 Erat
1517 2413 1620 2450 quippe
1646 2413 1760 2442 Michael
1778 2424 1844 2451 erga

1054 2463 1151 2483 omnes
1162 2456 1255 2484 suavis
1265 2456 1377 2491 quidem
1393 2461 1422 2484 et
1437 2457 1567 2490 clemens,
1581 2459 1654 2485 circa
1669 2459 1844 2494 negotiorum

1055 2508 1121 2528 vero
1137 2501 1347 2537 dispositionem
1364 2503 1449 2535 iners,
1465 2503 1598 2531 servitute
1610 2504 1740 2532 subactus
1754 2505 1845 2533 Theo-

1054 2547 1137 2575 etisto
1153 2548 1284 2583 magistro
1306 2556 1353 2576 seu
1378 2549 1486 2577 caeteris
1507 2549 1691 2585 principibus.
1710 2550 1846 2578 Praeterea

1056 2599 1151 2620 mense
1172 2593 1327 2621 Februario
1348 2593 1405 2622 duo
1422 2593 1576 2622 Christiani
1595 2602 1629 2622 ex
1652 2595 1781 2631 Vulgaria
1803 2595 1846 2623 fu-

1055 2637 1162 2673 gientes
1179 2638 1379 2666 nuntiaverunt
1394 2639 1555 2674 imperatori
1573 2640 1724 2668 Crumnum
1739 2642 1846 2677 paeda-

1057 2689 1150 2713 turum
1168 2684 1288 2722 eos,-qui
1304 2689 1396 2712 essent
1407 2685 1435 2712 in
1450 2685 1567 2718 Thrace,
1580 2691 1694 2720 repente
1705 2686 1846 2714 festinare.

1057 2728 1092 2758 Et
1102 2729 1211 2757 decimo
1221 2730 1320 2765 quinto
1328 2730 1469 2759 Kalendas
1477 2731 1588 2759 Martias
1599 2732 1687 2759 exi-vit
1697 2732 1848 2768 imperator

975 2782 1092 2812 NOTAE.

244 2831 299 2865 (96)
315 2830 523 2893 ornatissima
539 2827 666 2860 ‘Ruﬂinus
684 2828 821 2863 interpres
837 2829 949 2866 Eusebii
965 2829 1000 2858 H.

255 2874 314 2893 vni.
361 2874 368 2892 :
388 2875 396 2891 I
429 2864 637 2893 opinatissimus
663 2863 708 2892 ille
733 2864 922 2893 Dorotheusu
942 2864 1000 2893 ipse

224 2863 314 2898 fﬁvni,
337 2863 368 2893 i:
388 2875 396 2891 I
429 2864 637 2900 opinatissimus
663 2863 708 2892 ille
733 2863 900 2893 Dorotheus'.
914 2874 922 2890 ι
942 2864 1002 2899 ipse

224 2901 362 2928 tullinusl.
376 2899 408 2926 i0
424 2908 431 2926 :
450 2909 460 2924 ε
480 2900 588 2927 nobiles
607 2903 635 2926 et
654 2898 836 2928 onlnatissimi
865 2907 1002 2928 conn-ne-

209 2901 362 2928 itutlinusl.
376 2899 408 2926 i0
424 2908 431 2926 :
450 2899 460 2924 ὲ
480 2900 588 2927 nobiles
607 2903 635 2926 et
654 2899 836 2933 oplnatissimi
865 2907 1002 2928 convorte-

209 2940 283 2963 runt.
306 2944 315 2962 ι
329 2935 419 2965 Julius
431 2934 566 2963 Firmicus
578 2933 645 2974 5,5__:
666 2941 786 2975 Lmagos
796 2934 1002 2975 famososfuciet

1057 2830 1288 2868 velpliilosophos
1299 2832 1442 2868 ppittatos.
1461 2832 1624 2868 illincmar.
1641 2833 1709 2860 Rem
1732 2834 1767 2862 de
1779 2835 1849 2862 Pra-

1057 2866 1155 2893 des'tin.
1183 2867 1217 2893 5i
1234 2876 1241 2893 :
1265 2877 1273 2891 ι
1292 2867 1442 2902 Gregorius
1457 2867 1644 2896 Nazianzenus
1659 2868 1699 2896 vir
1715 2870 1742 2896 in
1756 2869 1808 2897 fide
1820 2874 1849 2901 et

1057 2902 1183 2930 doctrina
1198 2903 1415 2937 opinatissituus.
1430 2912 1440 2928 ι
1455 2902 1533 2934 Ελιι,
