2052 3153
195 176 265 209 1425

583 180 769 210 HISTORIA
785 179 1076 211 ECCLESIASTICA
1095 180 1144 211 EX
1162 179 1406 211 THEOPHANE.

1749 179 1819 214 14%

190 236 224 263 ab
244 236 323 267 urbe.
341 240 369 263 et
382 235 430 263 Dei
448 235 621 271 providentia
640 235 767 263 inetiicax
782 235 864 263 rediit
881 235 981 263 Crum-
994 238 1018 267 Α
1031 242 1097 262 suos
1114 233 1358 267 milites-erudivit,
1373 239 1467 262 utnon
1482 238 1594 269 peccata
1605 242 1656 263 sua
1668 234 1720 270 ipsi
1734 243 1819 264 accu-

190 289 242 308 nns
265 289 318 308 non
334 281 429 316 paucis
453 280 570 308 amissis.
590 281 639 308 Ast
656 281 806 316 imperator
823 276 978 308 Hadriano-

189 327 273 362 polim
293 326 427 358 veniens,
445 330 474 354 et
500 326 636 355 ordinatis
661 331 724 361 apte
747 334 808 362 quae
830 326 902 354 circa
916 333 977 354 eam

189 377 277 403 erant.
292 380 354 399 cum
371 372 471 407 gaudio
494 372 585 405 rediit,
611 376 640 400 et
664 372 817 400 ascendens
838 377 978 400 monaste-

191 419 261 446 rium
280 418 391 446 Tarasii'
405 418 558 446 beatissimi
573 418 747 454 patriarchae,
759 418 905 446 celebratis
918 418 978 453 ejus

190 464 343 497 memoriis,
359 472 413 492 una
437 472 500 492 cum
528 464 651 500 Augusta
674 464 819 499 Procopia,
847 467 979 499 argenteo

189 509 281 545 petalo
298 509 433 537 librarum
452 510 487 538 95
501 516 611 537 sacrum
628 509 788 544 sepulcrum
813 509 873 544 ejus
895 508 979 536 vesti-

190 555 239 581 vit.
251 554 315 582 Post
330 558 440 589 captam
454 562 522 582 vero
537 553 730 582 Mesembriam
745 554 895 589 imperator
909 554 979 581 Cru-

189 607 254 627 mno
270 607 335 635 pace
352 604 460 636 negata,
475 607 510 627 ex
526 600 657 628 omnibus
672 601 840 628 thematibus
851 600 978 627 militiam

188 646 378 674 ante'vemale
395 651 505 682 tempus
519 646 546 674 in
555 646 690 674 Thracem
702 646 819 674 transire
832 646 976 682 praecepit,

190 691 228 720 ita
241 696 271 719 ut
286 699 383 720 omnes
396 692 511 720 moleste
532 692 647 723 ferrent,
663 693 781 720 maxime
798 692 979 728 Cappadoces

189 743 218 766 et
235 738 400 766 Armeniaci.
415 738 585 773 lmperatore
598 743 690 766 autem
704 742 823 766 exeunte
845 746 908 766 cum
932 746 979 766 or—

189 783 301 811 dinibus
316 789 411 811 menSe
425 783 506 817 Maio,
521 784 607 811 exivit
626 792 688 811 cum
711 775 746 812 eo
763 783 867 819 pariter
878 784 980 811 Proco-

187 830 233 864 pia
262 828 384 865 Augusta
408 836 496 865 usque
519 829 554 856 ad
580 829 759 865 aquaeductus
783 830 861 865 juxta
890 829 978 857 Hera-

188 875 282 902 cliam.
297 874 333 902 At
347 881 415 902 vero
431 874 626 903 multitudines
642 883 727 910 super
749 875 803 903 hoc
816 875 924 903 duriter
935 875 978 903 fe-

1032 284 1103 312 sent,
1121 279 1170 307 sed
1186 280 1367 308 orthodoxam
1377 284 1405 307 et
1415 288 1430 307 a
1447 280 1575 309 hlribus
1592 281 1721 308 traditam
1737 281 1820 310 tidem

1032 326 1339 361 sacrumque'habitum
1358 326 1571 358 monachorum,
1596 325 1643 361 qui
1660 326 1761 355 divinae
1778 331 1821 355 est

1031 371 1213 407 philosophia:
1225 371 1405 408 gymnasium.
1416 371 1497 399 Multi
1511 376 1603 400 autem
1616 379 1713 400 eorum
1730 373 1777 408 qui
1791 372 1821 401 in

1035 418 1325 453 hisblasphemabant,
1338 418 1436 446 habitu
1451 422 1557 445 tantum
1568 422 1649 446 erant
1657 418 1820 452 Christiani,

1032 464 1149 492 veritate
1168 472 1236 492 vero
1249 464 1410 497 Pauliciani,
1426 464 1472 499 qui
1483 471 1538 492 non
1553 464 1678 492 valentes
1696 464 1821 492 detesta-

1032 509 1099 537 bilia
1123 510 1249 545 dogmata
1273 516 1323 537 sua
1337 508 1513 536 manifestare
1533 509 1725 545 hujuscemodi
1738 515 1821 537 occa-

1031 556 1109 583 sione
1134 555 1262 583 indoctos
1289 554 1492 587 adulterabant,
1520 554 1743 588 Constantinum,
1767 556 1816 590 qui

1030 601 1139 630 Iudaici
1155 600 1246 629 fuerat
1261 609 1369 633 sensus,
1383 601 1495 629 beatum
1512 601 1638 629 dicentes
1654 605 1685 629 ut
1701 601 1822 637 prophe-

1032 651 1089 675 tam
1106 651 1134 674 et
1149 646 1295 677 victorem.
1313 646 1496 682 hteresimque
1512 646 1607 681 ipsius-
1618 647 1646 673 in
1661 646 1822 674 subversie-

1031 700 1102 720 nem'
1113 693 1262 720 ineat-natae
1289 691 1506 727 dispensationis
1520 691 1633 719 Domini
1649 691 1737 719 nostri
1754 690 1820 719 Jesn

1030 737 1134 766 Christi
1145 738 1355 772 amplectentes.
1373 737 1460 765 Porro
1471 736 1584 764 decimo
1589 736 1726 764 Kalendas
1734 736 1747 764 J
1752 736 1822 764 ulias

1031 784 1157 820 praelium
1172 783 1334 812 ineuntibus
1350 783 1424 811 haud
1439 783 1536 819 procul
1557 783 1594 811 ab
1610 782 1820 818 Hadrianopoll,
1867 787 1869 790 '

1032 830 1197 865 delinquunt
1221 829 1340 865 ‘quidcm
1368 829 1518 857 Christiani
1545 828 1625 857 valde
1655 828 1717 856 dire
1747 829 1822 857 circa

1031 876 1146 907 bellum,
1173 875 1300 904 obtinent
1312 879 1405 903 autem
1425 874 1531 903 inimici
1544 882 1662 910 pugnam
1680 882 1695 902 a
1708 875 1774 907 Deo,
1791 878 1822 902 ut

189 925 282 948 rentes
297 920 326 948 in
348 921 551 956 derogationem
569 928 600 949 ac
619 921 840 949 maledictionem
860 929 976 949 conver-
990 916 1015 946 Β
1029 923 1122 958 plures
1134 922 1356 950 Christianorum
1370 913 1548 957 necprimam
1563 921 1821 957 congressionem...

188 973 225 992 sua
249 970 315 993 sunt
338 970 436 993 contra
461 965 635 994 Michaelem.
667 966 754 994 Porro
783 967 866 994 tertio
884 966 979 994 Nonas

188 1011 273 1039 Maias
296 1011 408 1046 eclipsis
425 1012 496 1039 facta
521 1015 567 1039 est
597 1012 663 1040 solis
686 1012 762 1039 circa
787 1012 979 1040 duodecimam

188 1061 294 1093 partem
310 1057 393 1085 Tauri
413 1058 490 1093 juxta
520 1057 706 1093 horologium,
731 1058 840 1085 oriente
867 1057 937 1090 sole;
951 1061 981 1084 et

188 1104 292 1132 multus
309 1104 392 1132 timor
410 1104 511 1132 cecidit
532 1112 616 1139 super
638 1104 743 1131 turbas.
762 1104 813 1131 Ast
828 1103 980 1138 imperator

188 1150 357 1178 circumibat
379 1150 516 1179 Thracem
533 1158 595 1177 cum
611 1149 780 1185 praetoribus
801 1156 835 1177 ac
859 1149 979 1181 militiis,

189 1202 281 1230 neque
310 1199 407 1223 contra
431 1191 624 1223 Mesembriam
648 1202 776 1231 pergens,
799 1202 890 1229 neque
905 1194 980 1222 aliud

194 1241 261 1277 quid
278 1249 373 1269 eorum
386 1249 447 1276 qua:
459 1242 502 1276 agi
517 1241 620 1268 debent
644 1240 678 1268 ad
698 1240 916 1268 destructionem
931 1241 982 1268 ho-

187 1288 273 1315 stium
299 1290 431 1322 patrans,
460 1286 509 1313 sed
542 1289 647 1313 tantum
674 1292 774 1313 suasus
804 1286 982 1314 sermonibus

188 1333 267 1361 vanis
286 1333 509 1361 consiliariorum
533 1340 657 1365 suorum,
680 1332 817 1360 bellorum
840 1333 981 1368 experien-

189 1379 256 1406 tiam
277 1386 334 1405 non
358 1378 521 1405 habentium
535 1398 541 1410 ,
563 1385 595 1404 ac
620 1385 670 1413 per
691 1377 744 1405 hoc
761 1378 981 1410 asseverantium

188 1431 246 1452 non
269 1424 373 1452 audere
395 1423 538 1451 inimicum
562 1423 698 1451 adversus
725 1424 802 1451 illum
826 1423 933 1457 venire,
953 1424 981 1452 in

189 1470 302 1505 propria
317 1469 429 1505 regione
452 1469 606 1497 sedentem.
632 1470 668 1497 Et
693 1475 753 1497 erat
768 1470 916 1498 barbarico
931 1470 982 1498 im-

189 1519 255 1550 petu
281 1516 391 1551 gravior
419 1515 573 1543 concivium
591 1521 682 1543 coetus
697 1516 887 1544 deﬁcientium
905 1516 981 1544 circa

189 1562 358 1590 necessarias
374 1562 509 1590 utilitates
523 1583 531 1595 ,
558 1567 586 1590 et
608 1563 712 1598 rapinis
731 1570 764 1591 ac
790 1563 981 1591 invasionibus

188 1606 432 1635 exterminantium
461 1607 666 1643 compatri’otas.
699 1609 779 1636 Circa
803 1608 882 1636 initia
912 1617 979 1637 vero

187 1653 264 1682 Junii
281 1653 384 1681 mensis
399 1653 468 1681 exiit
494 1645 633 1682 Crumnns
659 1654 808 1690 Vulgarnm
834 1654 891 1682 dux
917 1662 981 1682 cum

188 1698 358 1726 exercitibus
374 1698 443 1730 suis,
460 1698 576 1730 veritus,
593 1699 667 1733 quod
687 1699 773 1727 multa
787 1699 874 1727 millia
888 1703 981 1727 essent

188 1743 418 1772 Christianorum.
456 1744 582 1780 Cumque
610 1745 743 1772 movisset
771 1746 926 1773 exercitum
952 1745 981 1773 in

189 1789 369 1817 Versiniciam
387 1790 466 1825 quasi
487 1790 602 1818 tricenis
628 1790 715 1826 signis
732 1790 768 1818 ab
790 1791 982 1826 imperialibus

189 1836 299 1869 castris,
314 1835 370 1864 Leo
386 1836 520 1872 patricius
534 1840 564 1864 et
583 1840 685 1872 prator
697 1835 880 1864 Orientalium
900 1837 982 1865 Joan—

189 1890 295 1918 nesque
324 1883 458 1918 patricius
482 1887 511 1911 et
536 1882 703 1910 Macedoniae
732 1887 845 1918 praetor,
880 1890 982 1919 cogno-

189 1933 284 1957 mento
296 1929 421 1964 Aplaces,
438 1929 555 1956 multum
569 1928 690 1964 prompti
710 1930 744 1956 ad
759 1928 980 1962 hosrbellandos,

189 1974 323 2010 prohibiti
348 1979 413 2003 sunt
434 1974 470 2003 ab
484 1974 651 2010 imperatore
667 1983 717 2010 per
741 1975 829 2002 malos
850 1975 982 2002 consilia-

190 2022 256 2050 rios.
284 2021 354 2050 Cum
382 2027 474 2049 autem
501 2021 568 2049 urbs
594 2021 712 2049 letanias
744 2020 898 2048 celebraret
918 2028 981 2048 cum

189 2075 299 2097 summo
315 2066 459 2096 sacerdote
475 2069 503 2096 in
520 2069 622 2104 templo
636 2067 685 2096 SS.
699 2068 907 2103 Apostolorum,
920 2069 982 2105 qui-

189 2116 253 2143 dam
284 2115 433 2150 impiorum
462 2115 590 2143 obscenae
616 2115 672 2142 Deo
692 2115 785 2150 perosi
805 2114 982 2143 Constantini

189 2162 338 2194 hatrcseos,
351 2161 478 2189 obserata
488 2165 569 2197 porta
583 2160 768 2196 imperialium
777 2160 980 2196 sepulcrorum,

188 2207 302 2235 nemine
319 2207 497 2241 attendente,
524 2210 638 2242 propter
667 2207 756 2234 turbae
783 2206 981 2242 frequentiam,

1030 975 1138 996 summa
1154 968 1219 1003 fuga
1235 972 1392 1000 uterentur,
1406 967 1443 995 ita
1456 971 1486 995 ut
1501 967 1641 995 Crnmnus
1662 971 1824 995 consterna-

1031 1019 1075 1042 tus
1090 1014 1240 1042 testimaret
1255 1013 1421 1041 insidiarum
1441 1020 1615 1048 quarumque
1630 1016 1822 1048 argumentum

1030 1067 1109 1091 esse:
1123 1068 1179 1095 quo
1190 1060 1294 1088 factum
1305 1064 1348 1088 est
1362 1063 1395 1087 ut
1402 1060 1542 1087 modicum
1559 1059 1693 1086 retineret
1708 1065 1774 1085 suos
1788 1057 1826 1085 ab

1032 1106 1207 1135 insecutione
1223 1114 1230 1133 :
1248 1105 1313 1141 quia
1336 1106 1411 1134 enim
1426 1105 1496 1134 vidit
1515 1113 1563 1133 eos
1576 1105 1636 1133 sine
1663 1104 1718 1132 ulla
1731 1109 1835 1132 reten-r

1032 1152 1108 1181 tione
1124 1152 1232 1188 fugere,
1248 1156 1411 1187 persecutus
1436 1151 1539 1179 occidit
1566 1149 1759 1178 multitudines
1773 1156 1822 1177 co-

1031 1198 1133 1233 piosas,
1142 1197 1257 1225 veniens
1269 1197 1451 1225 nihilominus
1460 1197 1493 1224 ad
1505 1197 1638 1228 sarcinas,
1655 1200 1684 1224 et
1699 1196 1749 1223 has
1758 1203 1822 1223 cum

1031 1243 1139 1271 exuviis
1155 1243 1296 1271 auferens.
1312 1244 1363 1271 Ast
1381 1243 1532 1278 imperator
1543 1243 1654 1278 fugiens
1667 1242 1823 1278 repedabat

1031 1290 1059 1317 in
1076 1290 1185 1323 urbem,
1211 1289 1440 1317 multitudinibus
1468 1290 1622 1324 harumque
1646 1288 1822 1324 principibus

1032 1337 1162 1372 sumptis.
1179 1336 1294 1372 Insuper
1307 1340 1336 1364 et
1349 1336 1457 1371 imperii
1475 1335 1657 1371 pollicebatur
1673 1334 1823 1370 depositio-

1031 1389 1095 1410 ncm
1125 1381 1265 1417 dejurans.
1286 1382 1361 1409 Inter
1386 1389 1456 1417 quos
1475 1385 1503 1409 et
1522 1380 1645 1408 Leonem
1671 1380 1821 1415 patricium

1030 1432 1059 1456 et
1069 1432 1214 1463 praetorcm
1230 1427 1426 1460 Orientalium,
1445 1432 1575 1462 tanquam
1591 1427 1667 1462 pium
1682 1431 1711 1454 et
1725 1425 1822 1453 fortis-

1030 1474 1132 1501 simum
1146 1478 1173 1501 et
1184 1481 1234 1509 per
1245 1474 1339 1501 omnia
1353 1478 1510 1504 strenuum,
1528 1472 1555 1499 in
1567 1471 1687 1500 tenendo
1701 1471 1829 1507 imperio-

1031 1520 1166 1547 asciscere
1176 1519 1281 1547 socium
1290 1519 1388 1547 voluit.
1398 1518 1450 1552 Qui
1461 1517 1618 1545 nullatenus
1631 1517 1821 1552 acquiesccns,

1031 1563 1137 1592 dimisit
1148 1571 1210 1592 eum
1223 1571 1341 1599 praeesse
1353 1563 1533 1595 thematibus,
1547 1563 1660 1598 ipseque
1673 1562 1706 1590 ad
1719 1561 1822 1597 regiam

1032 1610 1161 1645 pervenit
1182 1610 1281 1637 urbem
1305 1614 1404 1637 octavo
1430 1608 1568 1637 Kalendas
1600 1608 1700 1640 Iulias,
1727 1607 1824 1634 volens

1032 1655 1170 1690 deponere
1179 1655 1325 1691 imperium
1341 1655 1461 1682 etalium
1473 1656 1655 1689 promovere;
1671 1653 1718 1688 qui
1731 1658 1823 1680 tamen

1031 1701 1067 1729 ab
1077 1709 1173 1733 uxore,
1188 1705 1217 1729 et
1235 1701 1270 1728 ab
1281 1701 1325 1728 his
1335 1700 1382 1735 qui
1401 1700 1530 1735 nequiter
1545 1699 1756 1735 pragvaluerant,
1767 1706 1823 1726 non

1031 1752 1074 1776 est
1088 1747 1249 1783 permissus.
1265 1747 1367 1775 Verum
1382 1746 1410 1774 in
1424 1746 1477 1774 hoc
1494 1745 1665 1780 Nicephorus
1679 1744 1824 1773 sanctissi-

1032 1802 1094 1822 mus
1104 1793 1261 1829 patriarcha
1284 1792 1476 1820 consentiebat
1491 1801 1497 1819 :
1513 1792 1547 1819 Et
1562 1792 1628 1826 ipse,
1641 1791 1781 1826 inquiens,
1797 1795 1823 1817 et

1015 1864 1017 1867 .
1031 1840 1083 1875 filii
1093 1840 1151 1875 ejus
1166 1839 1290 1867 solvendi
1304 1842 1391 1871 erunt,
1409 1838 1431 1865 si
1446 1837 1535 1865 taliter
1548 1837 1606 1873 quis
1626 1841 1825 1872 promoventur.

1032 1887 1068 1915 At
1078 1894 1145 1914 vero
1160 1891 1293 1922 praetores
1303 1885 1443 1913 discentes
1454 1884 1650 1919 imperatorem
1670 1890 1734 1910 cum
1754 1882 1825 1909 mul-

1032 1932 1200 1960 titudinibus
1214 1931 1242 1958 in
1258 1931 1354 1958 urbem
1368 1930 1481 1965 fugisse,
1498 1928 1638 1964 desperati
1652 1928 1687 1955 ab
1701 1935 1735 1955 eo
1749 1927 1835 1962 quod'

1032 1978 1066 2011 de
1073 1976 1333 2011 caeteroimperandi
1349 1975 1450 2007 forent,
1464 1979 1492 2002 et
1505 1974 1643 2001 consiliati
1652 1973 1825 2009 apud‘semet

1033 2024 1107 2059 ipsos
1119 2022 1304 2058 implorabant
1322 2021 1444 2049 Leonem
1465 2019 1615 2056 patricium
1631 2023 1660 2047 et
1676 2022 1823 2053 praetorem

1032 2070 1225 2102 Orientalium,
1237 2076 1292 2104 quo
1307 2068 1488 2096 auxiliaretur
1502 2066 1643 2095 communi
1655 2065 1695 2094 rei
1707 2065 1825 2100 publica

1032 2120 1061 2144 et
1075 2115 1296 2144 Christianorum
1323 2112 1451 2149 religioni
1479 2111 1674 2147 opitularetur.
1699 2110 1748 2138 Ast
1779 2110 1825 2138 ille

1032 2162 1194 2198 aliquandiu
1206 2161 1387 2189 vehementer
1402 2158 1549 2187 diﬂ'erebat
1563 2162 1684 2193 tempus,
1695 2156 1824 2185 conside-

1033 2216 1098 2237 rans
1112 2207 1307 2236 dilﬁcultatem'
1317 2211 1346 2235 et
1359 2206 1541 2234 Barbarorum
1563 2204 1751 2232 incursionem
1777 2204 1822 2231 in-

188 2262 245 2289 quo
263 2254 356 2282 subito
372 2262 435 2282 cum
446 2253 565 2289 quodam
579 2254 670 2281 sonitu
685 2253 840 2288 aperiretur
852 2257 978 2288 egerunt,
996 2256 1018 2284 D
1032 2254 1215 2285 tolerabilem,
1235 2257 1264 2280 et
1275 2257 1362 2280 semet
1376 2252 1472 2286 ipsum
1483 2258 1547 2286 erga
1558 2251 1740 2285 imperatores
1756 2257 1825 2277 con-

189 2300 269 2335 quasi
283 2308 317 2328 ex
332 2300 450 2335 quadam
462 2300 624 2335 operatione
646 2299 780 2327 divinitus
804 2298 868 2326 facti
889 2298 983 2334 prodi-

190 2346 249 2381 gii,
276 2349 304 2374 et
329 2346 403 2374 intro
435 2346 593 2374 insilientes
619 2344 801 2381 procidebant
827 2344 983 2373 seductoris

190 2395 389 2424 monumento,
418 2391 494 2419 hunc
526 2392 688 2419 invocantes
719 2394 749 2417 et
780 2397 836 2417 non
862 2390 949 2417 Deum
973 2397 980 2416 :

189 2435 295 2472 Surge,
325 2436 450 2464 dicentes
466 2456 474 2469 ,
507 2440 532 2464 et
564 2435 697 2463 auxiliare
725 2435 837 2471 perdita
865 2435 903 2462 rei
932 2442 983 2470 pu-

189 2481 265 2509 Hicce
272 2491 282 2514 ;
296 2481 563 2517 dilfarnaveruntque
575 2482 639 2517 quia
652 2481 773 2508 surrexit
784 2488 869 2516 super
878 2488 981 2515 equum

190 2527 300 2560 sedens,
314 2531 343 2555 et
362 2528 438 2555 vadit
455 2527 588 2563 Vulgares
602 2527 766 2560 bellaturus,
788 2527 835 2562 qui
857 2535 872 2554 e
884 2531 982 2554 contra

190 2574 337 2601 Tartarum
359 2573 466 2601 habitat
489 2581 552 2602 cum
566 2573 749 2601 dmmonibus.
774 2572 825 2606 Qui
842 2573 877 2600 ab
906 2572 983 2601 urbis

189 2619 321 2651 praefecto
336 2619 529 2654 comprehensi
544 2619 633 2654 primo
647 2618 759 2654 quidem
776 2618 983 2645 mentiebantur

188 2667 326 2695 divinitus
341 2667 414 2694 ultro
430 2667 513 2694 fuisse
525 2671 617 2702 portas
631 2666 823 2701 sepulcrorum
845 2669 956 2701 apertas
974 2673 981 2691 ι

188 2710 348 2748 praesentati
364 2721 430 2740 vero
442 2713 571 2740 tribunali
589 2711 707 2747 praefecti
725 2715 753 2739 et
771 2712 845 2739 circa
859 2711 983 2739 testimo-

189 2760 268 2787 nium
294 2760 482 2788 claudicantcs
496 2757 680 2786 obserationis
698 2757 822 2785 fraudem
841 2761 906 2784 ante
922 2764 983 2783 om-

191 2813 255 2833 nem
279 2812 388 2841 pinnam
412 2805 530 2832 confessi
549 2809 711 2840 sunt;quos
735 2804 835 2832 merito
859 2802 984 2830 vectibus

191 2852 317 2880 subdens
343 2860 450 2888 pompae
484 2852 601 2887 publica:
630 2849 770 2882 submisit,
798 2849 984 2877 vociferantes

194 2905 307 2925 causam
325 2906 421 2934 ponite.
436 2898 482 2926 Sic
491 2898 564 2926 enim
577 2897 705 2933 nequitia:
716 2896 844 2925 inventor
855 2895 983 2923 diabolus

1032 2306 1147 2329 servans
1173 2302 1281 2327 rectum
1305 2302 1333 2325 et
1357 2297 1461 2332 absque
1481 2295 1598 2323 insidiis.
1622 2295 1692 2328 Quia
1711 2302 1777 2321 vero
1790 2294 1825 2322 ad

1033 2347 1129 2374 urbem
1143 2351 1292 2381 properare
1304 2343 1453 2370 inimicum
1463 2341 1544 2374 vidit,
1558 2340 1656 2369 scribit
1667 2340 1825 2375 Nicephoro

1031 2391 1196 2428 patriarchae
1206 2390 1241 2418 de
1258 2393 1333 2418 recta
1345 2389 1399 2416 fide
1409 2396 1458 2416 sua
1473 2387 1621 2421 allirmans,
1635 2391 1732 2423 petens
1741 2386 1824 2414 etiam

1032 2442 1063 2465 ut
1076 2445 1138 2465 cum
1163 2436 1289 2464 oratione
1303 2440 1332 2463 et
1350 2439 1421 2463 nutu
1437 2435 1498 2470 ejus
1522 2434 1670 2470 imperium
1689 2436 1823 2461 sumeret;

1032 2485 1067 2512 Et
1083 2484 1198 2511 veniens
1223 2482 1256 2510 ad
1285 2481 1468 2509 tribunalium
1490 2484 1554 2508 ante
1578 2479 1676 2507 urbem
1704 2479 1824 2514 positum

1032 2538 1086 2558 una
1100 2538 1162 2558 cum
1175 2528 1342 2565 praetoribus
1353 2532 1381 2556 et
1393 2527 1573 2560 exercitibus,
1593 2526 1673 2554 valde
1684 2524 1826 2561 legitimus

1033 2576 1221 2604 Romanorum
1239 2575 1391 2609 imperator
1419 2573 1585 2605 ostenditur,
1615 2576 1643 2600 et
1664 2570 1710 2599 die
1734 2569 1825 2598 media

1033 2621 1303 2656 Constantinopolim
1316 2627 1365 2655 pcr
1379 2619 1478 2647 Carisii
1496 2623 1604 2653 portam
1617 2617 1782 2652 ingreditur,
1797 2618 1826 2643 et

1033 2668 1067 2696 ad
1092 2667 1194 2703 regalia
1216 2666 1354 2701 pervenit.
1371 2665 1458 2692 Porro
1480 2664 1608 2694 Michael,
1623 2663 1718 2690 audita
1743 2662 1826 2697 hujus

1006 2743 1016 2746 1
1033 2712 1239 2743 acclamatione,
1249 2711 1276 2738 in
1285 2710 1436 2738 oratorium
1444 2709 1525 2738 Phari
1534 2716 1694 2740 occurrens,
1703 2716 1757 2735 una
1764 2715 1827 2735 cum

1033 2758 1167 2793 Procopio
1181 2757 1309 2792 natisque
1327 2756 1395 2788 suis,
1407 2756 1530 2783 deton~is
1543 2754 1650 2790 capillis
1675 2753 1826 2781 monastica

1035 2804 1126 2832 induit
1144 2803 1307 2831 vestimenta
1324 2802 1421 2836 quinto
1443 2801 1507 2828 ldus
1530 2800 1618 2827 Julias
1647 2803 1731 2827 sextae
1753 2798 1826 2826 indi-

1035 2848 1146 2880 ctionis,
1172 2847 1239 2875 feria
1253 2846 1384 2874 secunda.
1398 2846 1512 2874 Postera
1531 2852 1600 2872 vero
1617 2844 1661 2871 die
1676 2848 1825 2872 coronatus

1035 2894 1215 2929 aNiccphoro
1232 2893 1388 2928 patriarcha
1402 2892 1429 2920 in
1441 2892 1557 2920 amboue
1575 2891 1684 2928 Mnjoris
1700 2891 1825 2920 ecclesia:
