4038 6330
174 398 3322 541 W

686 719 1332 863 NOTITIA
1420 721 1579 843 IN
1660 692 2769 845 THEOPHANEM.
2886 752 2893 765 ι

304 970 414 1067 (Jac.
449 1007 605 1064 Com,
626 1006 731 1054 0rd.
754 1004 980 1053 Fratrum
1001 1001 1203 1051 Prasdic.
1228 999 1275 1048 in
1302 1006 1402 1047 not.
1436 998 1492 1046 ad
1526 997 1835 1058 Theophanis
1880 996 2335 1061 Chronogrqphiam,
2374 1012 2421 1060 p.
2449 1001 2537 1050 5L3
2566 1001 2872 1063 'ed.Luparte
2903 1016 2981 1051 an.
3011 1003 3171 1066 1655.)

208 1297 307 1353 Non
335 1314 468 1352 unus
498 1298 848 1364 Theophanes
899 1297 1135 1350 historia:
1153 1295 1410 1350 Romana:
1472 1296 1551 1349 vel
1610 1294 1917 1364 Byzantium
1950 1294 2201 1359 scriptor,
2251 1302 2343 1346 aut
2386 1292 2546 1346 etiam
2592 1294 2871 1361 praesentis
2910 1297 3088 1364 operis
3120 1308 3321 1354 auctor

152 1401 355 1449 coaevus,
408 1385 489 1439 vel
523 1400 746 1454 suppar.
800 1384 1225 1452 Antiquissimus
1277 1391 1360 1436 est
1391 1381 1720 1451 Mitylenmus
1748 1378 1982 1447 Pompeii
2029 1382 2207 1448 magni
2239 1377 2289 1430 in
2347 1377 2550 1431 bellicis
2583 1380 3013 1446 expeditionibus
3054 1383 3231 1452 miles,
3261 1397 3317 1441 et

152 1480 391 1533 gestorum
430 1471 587 1525 testis
614 1485 677 1523 ac
706 1484 902 1539 praeco,
936 1484 966 1522 a
999 1467 1189 1523 Vossio
1233 1466 1310 1519 De
1339 1467 1601 1520 historicis
1642 1464 1858 1527 Gracia,
1897 1465 1990 1519 lih‘.
2018 1480 2054 1529 I,
2110 1479 2228 1534 cap.
2288 1463 2359 1518 23
2392 1476 2748 1527 memoratus.
2802 1465 3085 1524 Secundus
3139 1481 3322 1540 poeta,

151 1555 281 1623 cujus
323 1572 516 1625 paucos
553 1571 743 1611 versus
783 1556 1103 1625 Anthologia
1155 1555 1392 1618 exhibet,
1420 1553 1512 1607 lib.-
1543 1568 1626 1616 tn,
1658 1561 1791 1607 sect.
1821 1552 1875 1605 5.
1909 1552 2056 1605 Alter
2085 1550 2378 1624 Byzantius
2426 1547 2782 1619 Theophanes
2832 1551 3027 1608 Justini
3093 1557 3317 1612 secundi

151 1642 317 1695 bellum
374 1642 669 1704 Persicum,
702 1640 1079 1710 Romanasque
1115 1655 1225 1704 res,
1251 1656 1373 1704 suo,
1437 1640 1490 1695 id
1537 1649 1640 1703 est,
1687 1638 1887 1695 Justini
1941 1648 2199 1709 tempore,
2230 1640 2357 1694 olim
2391 1640 2555 1703 visas,
2591 1640 2745 1694 libris
2776 1641 2980 1704 decem,
3007 1654 3144 1711 quos
3160 1644 3316 1699 .Pho-

149 1726 238 1781 tius
262 1727 514 1795 perlectus
540 1738 825 1791 memorat,
848 1728 1065 1797 scriptis
1090 1726 1447 1796 consignavit.
1498 1725 1861 1792 Quartushic
1895 1718 2085 1781 auctor
2117 1735 2322 1791 noster,
2351 1728 2513 1779 etiam
2539 1726 2852 1796 Byzantius,
2872 1726 3179 1798 Byzantinus
3214 1729 3312 1784 Hi~

152 1812 305 1865 storias
339 1828 365 1866 a
403 1813 740 1869 Diocletiano
789 1814 856 1868 ad
911 1812 1225 1868 Michaelem
1264 1811 1549 1883 Nicephori
1587 1827 1842 1883 generum
1876 1813 2144 1881 scriptor,
2184 1811 2449 1881 Georgius
2510 1813 2751 1876 nomine,
2789 1817 3111 1883 COgnomine
3142 1815 3320 1871 Theo-

153 1896 345 1963 phanes,
382 1900 527 1969 quod
559 1900 773 1970 Georgii
816 1898 1050 1972 Syncelli
1080 1897 1377 1953 familiaris-
1392 1897 1680 1962 exstiterit,
1701 1908 1754 1954 et
1780 1899 1900 1968 ejus
1923 1898 2365 1969 chronographize
2407 1900 2774 1972 continuatur,
2794 1914 3075 1969 perperam
3110 1900 3319 1965 Vossio,

159 1984 353 2053 aliisque
401 2001 506 2040 non
553 1987 784 2042 indoctis
820 1987 968 2048 viris,
993 1984 1089 2039 lib.
1112 2001 1181 2048 in,
1227 2000 1348 2053 cap.
1380 1984 1450 2037 24
1492 1996 1861 2054 nuncupatus.
1910 1986 2060 2039 Alius
2106 1983 2302 2036 iterum
2353 1984 2455 2038 hoc
2516 1994 2704 2041 nostro
2752 1985 3108 2055 Theophanes
3133 1986 3321 2052 jonior

158 2066 363 2124 uicanos
390 2072 701 2141 episcopus,
747 2068 1017 2125 Theodori
1060 2070 1247 2133 frater,
1275 2076 1327 2121 et
1382 2082 1502 2120 cum
1533 2080 1599 2121 eo
1636 2060 1956 2123 sanctorum
1994 2068 2284 2139 imaginum
2330 2069 2507 2124 cultus
2550 2068 2756 2123 defensi
2803 2070 2871 2125 ab
2927 2071 3093 2139 impio
3141 2071 3319 2126 Theo-

153 2154 269 2221 philo
292 2172 411 2212 reus
449 2158 873 2228 pronuntiatus,
921 2154 1161 2227 κεντητῷ
1192 2155 1383 2230 μέλανξ
1423 2153 1707 2218 litteratus,
1739 2155 1938 2223 ingenii
1979 2154 2212 2225 ﬁdeique
2265 2166 2611 2211 monumenta
2648 2158 2866 2226 reliquit
2926 2158 3320 2222 laudatissima,

150 2254 173 2291 a
197 2238 463 2298 Posscvino
492 2246 774 2299 recensita.
822 2242 1145 2319 Coaetaneus
1174 2242 1308 2297 alter
1333 2238 1709 2310 Theophanes,
1745 2249 1799 2296 et
1839 2240 2227 2296 monachorum
2272 2242 2290 2312 (
2323 2243 2463 2297 haud
2514 2244 2909 2299 nominatorum
2942 2249 2960 2314 )
2992 2248 3313 2317 praepositus

147 2331 229 2381 sub
255 2328 499 2386 Michaele
526 2329 809 2401 Theophili
840 2330 972 2398 tilio,
992 2331 1152 2399 cujus
1182 2344 1318 2399 opus
1350 2330 1406 2381 itt
1430 2324 1716 2396 Nicephori
1744 2328 2060 2396 patriarchae
2095 2328 2342 2382 exsilium
2362 2370 2377 2391 ,
2413 2338 2465 2383 et
2487 2328 2833 2397 reliquiarum
2865 2330 2984 2401 ejus
3009 2333 3320 2387 translatio—

149 2428 249 2467 nem
281 2415 437 2471 refert
465 2418 876 2487 Metaphrastes,
906 2428 959 2473 et
982 2431 1047 2470 ex
1070 2432 1135 2471 eo
1162 2415 1356 2470 Surius
1401 2413 1574 2467 Martii
1614 2413 1699 2467 die
1751 2413 1962 2466 decimo
1992 2413 2171 2467 tertio.
2210 2413 2484 2483 Septimus
2535 2411 2894 2484 Theophanes
2912 2408 3157 2485 ejusdem
3195 2434 3318 2475 cum

149 2498 641 2565 BssilioMacedone
671 2504 948 2559 Michaelis
1014 2516 1332 2561 successore
1376 2500 1658 2571 temporis,
1692 2496 1984 2554 Cerameus
2045 2508 2148 2565 est,
2186 2500 2276 2555 ille
2328 2494 2811 2579 Tauromenitanus
2858 2506 3053 2573 praesul
3082 2506 3185 2561 :de
3212 2522 3321 2576 quo

149 2592 484 2663 acturate,9ui
523 2606 691 2660 opera
715 2590 837 2661 ejus
860 2591 919 2645 in
951 2590 1224 2659 publicum
1256 2588 1545 2657 evulgarit,
1595 2582 1918 2641 Franciscus
1961 2585 2212 2645 Scorsus.
2261 2587 2439 2641 Alium
2486 2603 2676 2645 rursus
2701 2592 2908 2645 amicus
2938 2604 2989 2645 ct
3017 2593 3317 2647 litterarum

147 2684 308 2727 amans
332 2674 435 2729 Leo
489 2676 729 2731 Allatius
775 2677 1014 2749 suggerit
1048 2675 1302 2731 familiari
1358 2672 1587 2742 epistola
1622 2687 1687 2726 ex
1738 2669 1961 2724 Joannis
2007 2672 2285 2738 cujusdam
2336 2687 2544 2757 magum
2574 2673 2671 2729 Dei
2701 2674 2950 2732 Ecclesiae
3004 2678 3215 2731 diaconi
3261 2690 3317 2732 et

148 2756 347 2813 rhetoris
398 2763 606 2831 scriptu
634 2780 647 2816 :
680 2766 783 2829 Εἰς
830 2763 937 2815 τὸν
957 2762 1101 2825 ,βίον
1142 2760 1351 2828 Ἰωσὴφ
1389 2758 1493 2812 τοῦ
1520 2760 1743 2827 νύμνοκ

1720 2755 1930 2824 βάρου.
1962 2756 2090 2824 Ejus
2115 2759 2276 2813 verba
2326 2759 2476 2813 hac:
2513 2755 2771 2836 Θεοφάνει
2808 2762 2906 2830 μὲν
2952 2762 3044 2815 οὖν
3090 2779 3195 2817 τινι
3222 2764 3315 2818 τοῦ

145 2843 270 2911 ἱεροῦ
301 2847 688 2917 πρεσϐυτερίου
727 2848 1033 2917 ἠξιωμένῳ,
1074 2849 1167 2900 καὶ
1200 2846 1277 2915 τῷ
1327 2843 1607 2912 καταλόγῳ
1651 2842 2009 2912 ἠριθμημένῳ
2057 2842 2165 2896 τῶν
2215 2842 2458 2914 μοναχῶν
2482 2846 2510 2896 ὁ
2558 2844 2669 2913 pio;
2706 2846 2857 2899 τοῦδε
2905 2846 2998 2901 τοῦ
3036 2850 3309 2918 μακαρίου

147 2931 427 3000 πετιύνηται.
457 2934 538 2986 Οὐ
566 2936 672 3003 μὴν
708 2933 842 2986 ἀλλὰ
874 2932 1188 3003 παρέδραμε
1242 2931 1425 2985 ιξξοῦτον
1481 2929 1647 2981 πολλὰ
1670 2967 1684 2992 ,
1716 2929 1742 2981 ὃ

1716 2929 1796 2981 ὃτι
1851 2928 1993 2981 κατὰ
2037 2929 2271 2998 σπουδὴν
2299 2930 2491 2999 ἐκείνῳ
2514 2924 2901 3001 ι”σὸνεξυφάνϐη
2948 2935 3008 2986 τὸ
3047 2936 3267 3005 πάθημα
3293 2954 3304 2966 ·

146 3015 299 3083 ἀμέλει
327 3020 418 3072 καὶ
458 3014 543 3082 οἷς
573 3022 776 3083 ἐκεῖνος
822 3018 914 3073 τοῦ
954 3018 1195 3090 μάκαρος
1241 3017 1390 3070 τοῦδε
1416 3016 1505 3069 τὸν
1534 3014 1645 3086 βίον
1674 3014 2021 3086 ὲσμίκρυνεν,
2052 3016 2109 3068 ὲν
2158 3015 2368 3077 τούτοις
2398 3018 2544 3085 ἡμᾶς
2594 3016 2776 3076 inito
2821 3015 2976 3091 εὖρος
3001 3021 3099 3089 τῆς
3127 3020 3313 3092 διηγή-

151 3115 259 3163 σεως
299 3106 657 3175 προεϐίϐασεν
679 3122 695 3139 ·
728 3106 1027 3174 Theophani
1061 3121 1187 3161 sane
1214 3102 1424 3158 cuidam
1447 3117 1600 3155 sacra
1647 3104 1931 3171 presbyteri
1960 3098 2214 3175 dignitate
2244 3113 2501 3170 provecto,
2558 3114 2603 3157 et
2639 3100 3002 3159 monac/torum
3033 3109 3173 3178 gregi
3212 3110 3314 3163 ad-

147 3184 255 3240 fecta
281 3190 407 3245 beati
436 3193 598 3261 hujus
651 3194 756 3247 vita
787 3193 1056 3248 elaborata
1102 3200 1200 3247 est.
1245 3188 1432 3244 Verum
1454 3204 1612 3259 quam
1648 3185 1814 3241 multa
1844 3187 1930 3240 ille
1956 3188 2246 3256 prateriit:
2280 3190 2417 3257 quod
2447 3204 2573 3257 opus
2625 3191 2785 3245 nimia
2830 3195 3057 3261 quadam
3096 3194 3314 3262 festina-
3399 3196 3403 3203 ’

151 3276 275 3340 tione,
319 3295 407 3332 nec
455 3296 661 3334 morose
690 3282 819 3335 satis
848 3280 1192 3335 contexuerit.
1235 3276 1302 3331 In
1328 3277 1513 3348 quibus
1545 3285 1718 3329 tamen
1754 3274 1890 3328 beati
1918 3273 2075 3343 hujus
2099 3276 2262 3329 vitam
2302 3276 2590 3341 contraxit,
2624 3287 2676 3329 ut
2704 3280 2933 3346 spatium
2971 3294 3063 3351 per
3087 3280 3314 3351 amplius

153 3367 465 3420 narrationem
506 3370 952 3436 protenderemus,
976 3369 1033 3422 in
1057 3369 1241 3435 iisdem
1270 3366 1359 3419 ille
1386 3380 1477 3419 nos
1500 3352 1773 3434 promovit.
1826 3380 1837 3399 ·

199 3446 303 3503 Jam
360 3456 505 3521 quod
541 3470 604 3509 ex
642 3456 762 3509 istis
790 3471 899 3509 non
938 3470 1078 3509 unus
1111 3452 1462 3525 Byzantinam
1496 3448 1748 3505 tractavit
1778 3449 2082 3519 historiam,
2117 3451 2325 3519 primus
2355 3450 2623 3524 videlicet,
2658 3452 2870 3515 tertius,
2902 3464 3150 3523 quartus,
3182 3469 3311 3510 sex-

149 3537 239 3594 tus,
278 3546 331 3590 et
376 3532 643 3607 ultimus;
675 3556 774 3596 nec
830 3540 1021 3595 unicus
1074 3554 1258 3596 sacras
1286 3536 1528 3603 laudavit
1576 3534 1870 3604 imagines,
1900 3543 2147 3604 quartus,
2201 3536 2445 3605 inquam,
2500 3547 2554 3590 et
2583 3536 2776 3605 reliqui
2822 3539 2947 3605 μυί
2999 3554 3096 3608 pro
3124 3528 3311 3596 earum

147 3625 461 3679 veneratione
485 3628 685 3680 tuenda
720 3635 993 3680 Certamen
1027 3625 1228 3686 inierit,
1261 3624 1406 3677 velut
1449 3631 1698 3691 quartus,
1731 3636 1795 3676 ac
1830 3622 2053 3689 quintus
2083 3637 2099 3688 ;
2130 3628 2188 3675 ut
2208 3621 2434 3675 alterius
2466 3621 2581 3676 vice
2614 3638 2756 3677 unus
2787 3637 3175 3701 nonnunquam
3212 3627 3309 3680 ad-

145 3702 396 3761 duceretur
442 3712 501 3765 iu
531 3711 806 3772 medium,
870 3718 925 3763 et
974 3723 1095 3776 qua:
1122 3708 1217 3771 uni
1267 3717 1417 3776 gesta
1450 3706 1532 3759 vel
1559 3706 1780 3773 scripta,
1833 3704 2199 3758 tribuerentur
2245 3704 2424 3769 alteri,
2466 3720 2571 3759 non
2621 3706 2837 3762 difﬁcile
2866 3711 3107 3778 contigit.
3169 3711 3307 3775 Quid

144 3790 265 3843 enim
322 3795 641 3863 Theophani
714 3795 885 3862 magis
939 3792 1117 3847 simile
1162 3807 1324 3861 quam
1362 3789 1720 3857 Theophanes
1756 3787 2132 3857 3Mitylena3us
2167 3790 2256 3843 ille
2311 3790 2631 3853 Romanam,
2662 3791 2969 3860 Byzantius,
3016 3797 3107 3864 qui
3165 3797 3307 3852 inter

145 3878 347 3930 nominis
377 3877 541 3946 hujus
580 3879 872 3948 scriptores
904 3879 1117 3943 tertius,
1167 3876 1466 3931 Romanam
1516 3874 1737 3943 pariter,
1767 3873 1965 3927 diversi
1995 3873 2119 3928 licet
2157 3875 2434 3943 temporis,
2459 3877 2695 3931 contexit
2751 3878 3054 3934 historiam.
3096 3880 3307 3952 Byzan-

148 3957 235 4010 lius
263 3961 393 4016 idem
426 3964 642 4028 tertius,
683 3980 805 4019 cum
848 3974 1036 4027 nostro
1064 3965 1269 4034 pariter
1322 3962 1600 4034 Byzantio,
1624 3958 1948 4030 Byzantinus
1988 3974 2074 4014 res
2118 3969 2333 4016 tractat.
2371 3960 2571 4017 Sextus
2608 3970 2662 4017 et
2711 3972 2937 4019 octavus
2972 3968 3303 4034 privatorum

154 4043 270 4099 vitas
317 4051 587 4118 scribunt,
636 4067 868 4121 quarum
920 4051 1079 4107 lectio
1131 4052 1200 4107 ad
1252 4042 1672 4123 Byzantinorum
1720 4046 1968 4100 notitiam
2009 4046 2239 4101 accedit.
2287 4044 2538 4104 Nicaenus
2578 4050 2776 4118 praesul
2824 4049 3182 4123 Theophanes
3234 4057 3301 4109 ad

146 4126 294 4185 instar
324 4135 590 4206 Byzantii,
619 4138 712 4208 qui
744 4140 953 4203 tertius,
1007 4152 1193 4193 sacras
1219 4145 1522 4207 propugnat
1559 4132 1841 4203 imagines.
1877 4130 2030 4215 _Hinc
2081 4134 2284 4188 incerta
2310 4136 2752 4205 .perturbataque
2790 4138 2953 4208 hujus
2985 4153 3033 4193 et
3080 4140 3302 4196 alterius

144 4218 368 4286 cognitio,
400 4223 513 4278 imo
551 4239 761 4278 summa
788 4224 929 4277 inter
958 4238 1052 4279 eos
1078 4223 1350 4295 confusio,
1377 4232 1432 4277 et
1461 4222 1548 4277 vix
1576 4220 2008 4278 constituendum
2027 4221 2317 4276 discrimen
2342 4241 2355 4278 :
2384 4222 2518 4277 adeo
2559 4232 2618 4278 ut
2647 4225 2737 4293 qui
2767 4240 2966 4295 paucos
3012 4228 3301 4294 recensuit,

146 4305 187 4348 et
210 4299 520 4372 distinguere
549 4309 775 4361 tentavit
805 4307 1044 4372 Vossius,
1082 4293 1411 4377 'Byzantium
1440 4310 1686 4361 nostrum
1742 4307 1898 4362 annis
1930 4307 1999 4361 '50
2036 4309 2397 4379 superiorem,
2428 4319 2481 4364 et
2513 4309 2625 4389 jam
2683 4293 2952 4367 mortuum
2976 4329 3098 4369 cum
3123 4293 3301 4370 Theo;

146 4382 295 4447 phane
318 4392 634 4461 presbytero
660 4402 711 4446 et
740 4395 1047 4462 praeposito,
1076 4390 1362 4462 Nicephori
1415 4406 1659 4460 prmcone
1713 4408 1772 4447 se
1820 4391 2131 4448 confudisse
2178 4410 2284 4448 non
2343 4382 2798 4471 animadverterit.
2839 4398 3099 4456 Eumdem
3160 4416 3303 4457 nunc

147 4472 360 4519 nostrum
396 4484 462 4523 ex
494 4473 727 4541 paritate
772 4488 897 4527 cum
953 4473 1177 4543 reliquis
1208 4473 1481 4529 conferam
1510 4474 1534 4527 τ
1572 4488 1789 4543 nomen,
1816 4476 2015 4544 studia,
2078 4480 2291 4549 religio,
2349 4482 2541 4550 pietas,
2600 4483 2721 4536 vita:
2756 4484 3037 4554 professio,
3066 4486 3299 4551 labores,

144 4563 244 4631 qua:
282 4552 333 4604 in
392 4557 516 4612 aliis
561 4570 710 4613 certa
767 4561 1041 4616 Varietatis
1069 4561 1321 4625 indicia,
1353 4560 1405 4613 in
1441 4561 1563 4615 istis
1624 4560 2033 4618 Similitudinem
2089 4565 2434 4631 obtinentget
2468 4552 2771 4623 discrimen
2804 4569 3072 4625 auferunt.
3115 4571 3297 4629 Dicam

146 4630 500 4722 Theophanem
538 4643 684 4698 hunc
717 4656 959 4700 nostrum
987 4659 1051 4699 ex
1094 4646 1321 4700 diversis
1353 4647 1517 4715 gestis
1547 4646 1601 4700 in
1631 4647 1767 4702 duos
1795 4630 2363 4706 Baroniodivisum'ad
2393 4666 2594 4707 annum
2628 4653 2826 4710 Christi
2859 4657 2983 4719 816,
3002 4672 3149 4711 num.
3174 4675 3214 4722 ι,
3243 4670 3299 4716 et

144 4713 343 4812 Andreae
368 4720 573 4776 Scorso
600 4727 846 4793 prommii
874 4726 1095 4783 secundi
1124 4735 1257 4782 sect.
1286 4742 1303 4782 ι
1335 4713 1391 4781 in
1422 4727 1804 4797 TheOphanem
1839 4734 2203 4791 Cerameum?
2252 4739 2376 4805 Ipsi,
2407 4742 2552 4809 quod
2582 4742 2909 4809 mirandum,
2952 4713 3295 4812 eloquuntur,

147 4808 187 4852 et
221 4816 473 4895 errorem,
517 4824 645 4895 eum
690 4828 756 4868 ex
787 4812 1131 4883 Theophanis
1184 4813 1424 4883 ejusdem
1461 4814 1633 4869 nostri
1674 4817 1803 4884 vita,
1858 4828 1971 4875 tum
2030 4837 2094 4877 ex
2144 4839 2268 4879 mox
2309 4808 2554 4884 dicendis
2599 4808 3297 4895 convincendum,—dem0n;

149 4893 305 4984 sinat,
336 4892 877 4984 Sane_Theophanis
909 4902 1080 4972 ipsius
1131 4902 1255 4965 vita,
1311 4911 1566 4970 gestaque
1589 4902 1755 4957 variis
1782 4919 1850 4959 ex
1902 4909 2217 4963 auctoribus
2279 4912 2519 4976 collecta,
2563 4900 2665 4969 culi
2698 4892 3045 4984 conspectum
3078 4916 3252 4983 posita
3278 4961 3292 4979 .

149 4975 461 5068 quodipsum
496 4980 641 5068 inter
688 4984 1035 5059 reliquosque
1067 4988 1358 5056 intercidit,
1389 4987 1720 5044 discriminis
1759 4989 1954 5046 indicia
1982 4996 2277 5062 proferunt.
2313 4975 2544 5054 Tantum
2571 5039 2587 5063 ,
2627 4984 2746 5068 quae
2770 4975 2961 5054 ln'illis
2990 4975 3129 5055 haud
3157 4975 3297 5055 levi;

151 5064 616 5153 i€r_pra:tereunda
638 5106 653 5131 ,
686 5068 880 5127 Lector
926 5088 1035 5128 non
1090 5073 1339 5128 incautus
1386 5088 1595 5127 mecum
1624 5074 1739 5130 haec
1764 5076 2088 5134 observabit.
2122 5083 2171 5135 i.
2211 5082 2341 5138 Vitae
2363 5064 2705 5153 Theophanis
2734 5100 2763 5137 a
2795 5084 3181 5152 Metaphrasle,
3213 5088 3295 5140 vel

151 5160 200 5197 ει
221 5146 422 5239 Iiaronii
447 5153 660 5239 judicio
682 5170 713 5209 a
738 5153 1023 5215 Theodoro
1049 5162 1259 5217 Studita
1299 5160 1616 5231 conscriptae
1654 5161 1904 5216 versione
1934 5161 2146 5232 Latina,
2185 5170 2434 5224 eumdem
2470 5146 2734 5223 liaacium
2796 5146 3010 5239 quoq—ue
3065 5146 3293 5235 dictum,

149 5234 393 5325 etlinguse
438 5238 646 5294 Graece
680 5239 912 5311 Inscitia,
940 5245 1193 5303 amrmari
1239 5248 1382 5318 apud
1412 5246 1700 5304 Baronium
1747 5247 1813 5304 Λ.
1847 5247 1908 5305 C.
1947 5251 2067 5317 777,
2098 5270 2248 5311 nmn.
2274 5255 2330 5321 δ’,
2379 5268 2433 5310 et
2483 5257 2606 5322 816,
2633 5270 2783 5315 num.
2814 5234 2849 5308 ἱ.
2898 5234 3062 5308 Lecto
3097 5234 3295 5325 quippe

150 5320 251 5374 vita
270 5333 682 5395 programmate,
714 5328 1035 5401 Θεοφάνους,
1062 5333 1153 5388 τοῦ
1192 5326 1457 5387 Ἱσαακιὸυ
1489 5333 1622 5402 βίος.
1656 5336 1745 5390 red

1696 5335 1887 5390 addidit
1923 5336 2190 5410 interpres
2222 5362 2235 5397 :
2280 5320 2626 5410 Theophanis,
2651 5343 2742 5409 qui
2775 5350 2824 5393 et
2854 5338 3094 5396 [saucius
3116 5320 3291 5396 dic-tite

152 5416 384 5477 at,rita;
422 5432 550 5472 cum
588 5427 798 5476 vertere
825 5422 1120 5497 debuisset,
1186 5422 1507 5493 Theophanis
1579 5422 1833 5477 lsaciiF.
1886 5427 2014 5482 vita.
2066 5426 2134 5483 Ut
2165 5430 2306 5484 enim
2344 5445 2373 5483 a
2402 5429 2511 5482 lilio
2568 5428 2734 5496 patris
2786 5427 3003 5481 nomine
3048 5430 3292 5484 vocando

152 5500 327 5563 penitus
354 5505 651 5559 abhorrent
678 5504 870 5572 (Irasci,
902 5511 976 5565 ita
1007 5526 1037 5565 a
1070 5512 1251 5567 verbis
1284 5512 1454 5574 hisce,
1479 5506 1631 5573 οὗτος
1660 5526 1747 5561 ira:

1703 5511 1859 5580 ατρὸς
1892 5513 1992 5581 μὲν
2038 5514 2138 5583 ἔφυ
2174 5517 2372 5575 Ἰσαάκ,
2416 5514 2533 5582 ejus
2559 5515 2721 5567 vitam
2760 5512 3114 5585 Mcnologium
3147 5499 3298 5569 ordi-'

158 5590 241 5651 tur,
286 5596 337 5644 et
385 5588 654 5644 lsaacium
712 5593 913 5659 pariter
941 5597 1059 5666 ejus
1096 5604 1302 5667 patrem
1333 5597 1549 5653 laudata
1606 5595 1783 5651 versio
1815 5610 2099 5654 memorat.
2126 5602 2178 5655 2.
2233 5600 2612 5671 Theophanem
2652 5600 2793 5655 circa
2822 5600 3023 5656 Christi
3066 5614 3265 5655 annum

351 5685 625 5745 PATROL.
662 5685 778 5746 Gn.
810 5685 1021 5746 CVIII.
2838 5690 2863 5751 l
